3840 6106
123 185 175 242 199
405 154 408 160 ἢ
445 189 607 246 lllS'lOlllAE
626 189 792 247 ECCLESIAE
810 192 977 250 {assessis
997 194 1086 251 trust
1105 194 1268 261 QUATUOR.
1284 228 1321 237 —
1341 197 1403 253 ΗΒ.
1425 198 1458 254 ll.
1734 200 1786 260 iso

121 312 255 384 accepisti
269 313 419 372 allomiuo.
433 316 527 374 Aderit
538 317 589 374 tibi
615 319 698 389 hujus
717 319 928 379 laborisitinare
941 332 966 396 Α
979 325 1188 393 enmlmaximis
1209 327 1363 381 muneravit
1384 326 1475 394 donis,
1497 327 1678 398 amplioribus
1700 331 1786 389 multo

121 400 198 505 illius
222 406 319 479 gratia,
349 407 396 480 qui
417 408 526 465 duobus
558 411 702 483 discipulis
728 413 931 470 euntibuster-
980 436 1061 492 qnam
1077 416 1287 490 suscepissetab
1299 434 1343 484 eo,
1359 419 1464 475 dimisit
1473 435 1606 477 eumcum
1623 422 1786 496 legatissuis

123 507 189 550 taum
201 512 231 552 se
246 499 351 554 socium
380 501 487 556 addidit
510 503 539 557 in
560 504 613 568 via,
630 514 658 559 et
676 506 785 575 aperuit
800 505 931 562 illissen-
981 507 1093 565 Romam
1109 509 1218 575 reverti,
1237 508 1338 579 quibus
1370 511 1493 581 precipit
1519 511 1623 585 ubique
1642 513 1671 568 in
1686 514 1786 570 itinere
1846 528 1852 538 ·

120 603 191 652 sum,
208 595 240 644 ut
260 599 370 645 sanctas
389 591 575 665 intelligerent
599 594 753 666 Scripturas
769 597 842 666 (Luc,
856 615 928 666 xxxv,
980 599 1127 655 honesturn
1143 597 1168 652 ei
1182 598 1322 653 servitium
1334 599 1473 655 exhibere.

119 674 176 743 32).
191 677 310 746 Spiritus
328 679 482 750 paracletus
508 683 584 737 omni
611 684 734 739 veritatis
754 687 881 743 doctrina
902 700 931 746 et
1017 685 1137 756 Cupiens
1152 700 1219 758 ergo
1242 685 1370 756 prefatus
1400 688 1521 757 pontilex
1537 689 1719 747 Ebodomum
1735 707 1785 748 ec·

119 765 244 836 perlecta
255 769 397 825 charitatis
411 770 528 827 scientia
554 781 601 830 tua
615 777 791 847 resplendeat
807 791 929 854 pectora,
981 778 1073 833 slssiae
1095 783 1196 833 sssslae
1210 775 1259 831 Dei
1292 775 1435 850 genitricis
1458 776 1548 832 Mariis
1571 779 1699 835 diffissus
1713 796 1786 852 psus

119 859 284 918 charissime
296 861 386 918 irater.
404 862 480 920 Vale.
498 885 510 916 n
982 872 1182 944 lapsabundam
1201 876 1334 925 vetustate
1356 886 1493 940 reparare,
1514 871 1542 925 in
1572 888 1626 943 qua
1640 873 1721 928 etiam
1737 889 1785 928 se-

154 950 196 1005 tto
207 967 270 1022 que
286 952 359 1008 idem
380 953 444 1009 talia
459 955 586 1025 rescribit
601 958 777 1035 halitgarius.
980 964 1088 1020 candus
1102 963 1259 1034 Stephanus
1273 979 1344 1035 papa
1358 962 1474 1034 Pippino
1490 963 1548 1037 regi
1563 963 1676 1026 dudum,
1692 973 1719 1019 et
1734 964 1787 1020 Leo

157 1062 169 1140 .¹
187 1042 295 1100 homno
308 1055 336 1102 et
349 1048 499 1103 venerabili
524 1049 596 1106 Patri
620 1051 647 1105 in
669 1050 775 1108 Christo
790 1053 874 1110 anrn
885 1072 931 1111 ar·
980 1056 1076 1111 tertius
1087 1056 1184 1112 Karolo
1194 1069 1295 1130 magno
1309 1052 1467 1124 imperatori
1477 1050 1630 1123 apostolica
1648 1053 1788 1123 reperiun-

117 1131 312 1206 chxepiscopo,
329 1137 516 1207 ltinromms
532 1141 665 1197 minimus
685 1143 782 1199 Christi
799 1143 929 1217 famulus,
981 1155 1024 1203 tur
1038 1148 1132 1203 munia
1148 1148 1310 1213 contulisse,
1327 1155 1357 1203 ut
1371 1148 1399 1202 in
1426 1145 1543 1218 epistola
1558 1154 1788 1203 commemoratur

118 1218 249 1277 mumm-
980 1237 1154 1308 imperatoris
1168 1236 1286 1292 lotharii
1313 1237 1396 1292 Leoni
1420 1242 1529 1307 quarto,
1550 1250 1600 1306 pro
1615 1250 1698 1290 causa
1712 1250 1788 1290 com-

140 1312 346 1413 ncPostquam,
374 1321 531 1376 venerande
554 1322 644 1392 Pater,
667 1323 787 1380 directas
810 1324 931 1383 beatitu-
953 1339 955 1343 ¹
980 1325 1167 1381 mandationis
1196 1324 1332 1380 llincmari
1360 1324 1563 1396 archicpiscopi
1583 1324 1687 1381 directa
1702 1326 1790 1396 (intra

119 1403 306 1462 dinisvestre
325 1410 420 1481 accepi
445 1410 561 1478 litteras,
584 1414 686 1486 quibus
713 1430 756 1470 me
772 1417 874 1472 hortari
889 1417 933 1473 di·
982 1413 1029 1468 lib.
1042 1430 1104 1479 xn,c
1140 1413 1196 1480 10),
1222 1412 1331 1484 petiitn
1348 1412 1491 1482 premisso
1520 1412 1790 1484 imperatorelmdo·

119 1497 197 1570 gnati
214 1497 291 1563 estis,
321 1514 356 1554 ne
384 1501 485 1555 mentis
498 1517 615 1558 acumen
643 1503 737 1569 inerti,
755 1505 933 1578 torpentique
981 1505 1042 1560 vico
1057 1505 1091 1560 ad
1100 1504 1288 1561 renovandam
1296 1512 1323 1559 et
1338 1502 1563 1576 amplificandam
1580 1503 1705 1558 eamdem
1714 1502 1788 1557 basi-

117 1587 177 1643 otio
190 1587 393 1654 submitterem,
404 1591 453 1646 sed
468 1592 620 1664 cognitioni
632 1609 664 1649 ac
676 1595 849 1652 meditationi
864 1612 931 1669 quo·
983 1596 1063 1652 licam
1073 1613 1181 1652 murum
1192 1597 1309 1653 civitatis
1323 1596 1378 1652 sibi
1392 1595 1520 1652 concedi.
1536 1594 1614 1659 Quod
1624 1594 1697 1649 idem
1713 1594 1790 1665 prin-

120 1678 189 1734 tidie
203 1695 288 1736 sacre
299 1680 445 1752 Scriptura
458 1698 502 1739 me
515 1684 662 1759 vigilanter
677 1687 831 1744 traderem:
844 1698 872 1743 et
887 1689 931 1744 iu·
984 1701 1050 1757 ceps
1071 1687 1243 1759 quietissima
1259 1703 1325 1758 pace
1346 1686 1450 1752 fruens,
1467 1692 1493 1741 et
1506 1685 1614 1756 imperii
1637 1683 1790 1756 preclaris-

118 1787 206 1842 super
215 1788 249 1828 ex
256 1781 414 1831 sauctomm
438 1774 559 1844 Petrum,
574 1794 769 1852 canonumque
784 1784 931 1839 sententiis
981 1777 1051 1832 sima
1061 1785 1196 1852 potestate
1211 1779 1359 1847 subnisus,
1374 1777 1650 1833 nullasbarbarorum
1664 1783 1791 1833 metuens

118 1859 343 1917 Poenitentialem
359 1863 388 1917 in
403 1866 607 1924 unovolumine
623 1886 813 1945 aggregarem,
830 1873 930 1930 durum
982 1864 1167 1933 incursiones,
1184 1881 1358 1940 fissusqusm
1374 1865 1511 1932 ssfslsvih
1528 1865 1578 1921 ssd
1590 1865 1790 1940 benignissime

122 1950 239 2020 quidem
254 1953 333 2019 milii,
343 1960 372 2008 et
394 1953 474 2010 valde
488 1953 612 2024 dillicile,
627 1961 859 2033 tremendumque
880 1963 932 2018 hoc
982 1958 1018 2015 ob
1033 1974 1155 2015 amorem
1171 1959 1231 2028 bei,
1250 1966 1278 2015 et
1293 1959 1380 2031 ipsius
1405 1958 1484 2014 alme
1499 1958 1641 2031 genitricis
1655 1959 1791 2014 honorem

122 2039 177 2096 luit
191 2043 349 2114 imperium,
366 2045 481 2114 utthanc
503 2049 672 2120 susciperem
686 2054 832 2121 sarcinam,
849 2071 932 2126 qnam
983 2047 1130 2114 concessit,
1145 2055 1228 2119 atque
1239 2048 1375 2117 iussionis
1384 2062 1441 2102 sue
1454 2046 1626 2103 monimento
1642 2045 1701 2102 tisri
1713 2044 1791 2102 dele-

122 2129 807 2214 aprudentibuscoguoscorelictamllultumqne
826 2144 935 2200 renisus
983 2141 1066 2216 gavit,
1082 2141 1240 2210 hujusmodi
1255 2158 1340 2213 super
1362 2144 1414 2199 hoc
1438 2159 1495 2199 sue
1511 2142 1581 2199 dans
1596 2142 1792 2216 preceptionis

122 2235 185 2275 snm
207 2221 343 2279 voluntati
365 2233 471 2294 vestre,
498 2243 554 2284 uon
574 2231 650 2287 velut
675 2235 827 2303 procaciter
838 2235 932 2302 durus,
985 2229 1107 2284 ‹leofsta-

123 2312 303 2386 sedproprie
318 2317 486 2375 infirmitatis
497 2321 665 2380 admonitus.
682 2325 737 2381 ttae
756 2328 859 2383 etenim
870 2344 936 2385 cum
1023 2345 1035 2367 ι
1053 2321 1083 2376 lu
1097 2320 1209 2376 nomine
1225 2321 1392 2378 llominiltei
1421 2329 1448 2378 et
1464 2322 1613 2380 salvatoris
1629 2324 1714 2379 nostri
1726 2323 1792 2379 lesu

123 2404 262 2463 sollicitus
276 2410 463 2465 necessarium
478 2411 554 2479 duxi,
568 2421 599 2468 m
609 2413 771 2485 aliquandiu
784 2433 829 2472 me
839 2433 855 2472 a
867 2420 936 2475 scri.
985 2406 1095 2473 Christi,
1112 2407 1264 2464 ludovicus
1279 2410 1372 2465 divina
1391 2410 1538 2466 ordinante
1557 2410 1731 2481 providentia
1743 2413 1793 2465 im-

123 2491 212 2591 bendi
226 2495 382 2551 temeritate
410 2499 623 2569 suspenderem,
643 2502 709 2573 qnia
720 2503 791 2559 sicut
800 2505 934 2576 perpendi
985 2513 1094 2576 perator
1120 2507 1267 2579 Augustus.
1293 2503 1320 2558 Si
1350 2503 1418 2559 locis
1440 2501 1646 2558 venerabilibus
1670 2519 1703 2557 ea
1730 2518 1792 2574 que

124 2583 246 2650 iniuncti
273 2585 366 2656 operis
391 2584 610 2645 difficultatem:
642 2590 680 2646 ita
708 2601 735 2647 et
764 2592 934 2667 injungentis
985 2594 1115 2650 erindea
1132 2592 1384 2665 predecessoribus
1399 2589 1687 2665 nostris,regihusvel
1705 2592 1793 2662 impc-

124 2674 286 2730 aucton'tati
302 2691 354 2732 nec
367 2676 453 2746 volui,
470 2693 522 2735 nec
535 2679 618 2736 debui
647 2699 847 2756 usquequaque
862 2685 933 2740 resi·
986 2680 1131 2746 rasoribus,
1140 2682 1175 2736 ad
1201 2679 1360 2752 reipublice
1374 2694 1442 2734 usus
1462 2677 1652 2752 exigebantur,
1664 2677 1793 2753 religiosa

124 2768 212 2832 stare,
226 2771 320 2820 certus
330 2766 395 2838 quia
421 2767 640 2824 imbecillitatem
666 2787 754 2826 meam
776 2772 861 2828 multo
875 2790 936 2828 am·
984 2769 1151 2825 liberalitate
1161 2769 1189 2823 in
1205 2768 1368 2823 utilitatibus
1378 2775 1404 2822 et
1415 2767 1793 2823 necessitatibuseorumdem

126 2856 201 2928 plius
216 2867 307 2914 vestra
333 2859 476 2929 adiuvaret
504 2863 691 2934 precipientis
706 2864 836 2940 dignitas,
853 2884 935 2939 quam
985 2866 1143 2916 sanctorum
1159 2860 1281 2916 locomm
1296 2858 1488 2930 expendendis
1504 2858 1679 2930 remittimus,
1688 2866 1715 2915 et
1727 2858 1795 2916 lide-

125 2955 330 3020 gravaretmeae
341 2951 502 3023 ignorantiae
518 2952 676 3010 difficultas.
693 2956 795 3012 Valetr.
814 2980 826 3008 o
986 2947 1053 3004 lium
1071 2957 1226 3005 nostrorum
1246 2947 1436 3003 saluberrimis
1452 2962 1501 3018 pro
1516 2947 1672 3002 hacendem
1688 2964 1718 3003 re
1730 2963 1796 3020 sug·

161 3038 212 3093 llic
227 3038 284 3093 Ebc
297 3041 397 3110 presul
408 3057 490 3111 supra
510 3051 690 3100 memoratum
706 3062 805 3118 papam
818 3048 936 3119 Stepha-
947 3024 972 3091 C
985 3040 1158 3114 gestionibus
1171 3057 1203 3096 ac
1218 3040 1399 3112 petitionibus
1413 3039 1566 3114 benignum
1588 3039 1796 3095 commodamus

127 3142 193 3180 nurn
209 3143 272 3182 cum
289 3127 426 3184 ludovico
446 3144 512 3204 rege
536 3130 935 3209 Remissuscepit,tpostquam
987 3145 1133 3185 assensum
1161 3130 1309 3185 maximum
1324 3139 1351 3185 el
1373 3129 1472 3184 ssimae
1500 3135 1609 3192 nostrs,
1640 3135 1666 3183 sl
1693 3129 1797 3199 regias

127 3234 174 3272 rex
191 3218 266 3273 idem
282 3219 393 3276 sclavos
417 3221 446 3275 in
461 3222 570 3277 Oriente
587 3224 690 3293 positos
704 3226 808 3283 directo
824 3229 935 3297 devicit,
988 3237 1073 3295 ssgsO
1095 3223 1272 3292 providemus
1295 3223 1463 3286 sssssstum,
1494 3221 1558 3292 quis
1579 3221 1647 3276 nihil
1676 3221 1799 3276 sessim?

127 3311 301 3382 etoppressit
313 3314 435 3368 exercitu
453 3316 580 3387 :quando
596 3318 724 3387 prelatus
737 3336 808 3392 papa
823 3322 936 3393 Stepha.
988 3311 1146 3384 reipublice
1155 3312 1341 3376 imminutum,
1354 3311 1489 3383 quidquid
1500 3326 1533 3365 ex
1543 3309 1640 3365 eadem
1655 3311 1798 3381 republica

128 3417 189 3465 nus,
207 3400 258 3471 qui
274 3400 358 3456 Leoni
373 3411 553 3470 successerat,
569 3404 675 3480 legatos
689 3409 794 3464 suosad
806 3412 935 3467 eumdem
987 3402 1040 3471 piis
1053 3400 1170 3469 actibus,
1185 3409 1212 3457 et
1231 3400 1299 3456 locis
1322 3398 1472 3471 religiosis,
1499 3415 1531 3452 ac
1554 3398 1733 3453 ecclesiarum
1751 3400 1797 3454 [lei
1830 3413 1836 3422 ·

128 3488 284 3560 principem
300 3489 936 3568 destinans,intimavitei‚qnodlibentereum
988 3493 1161 3558 utilitatibus,
1192 3508 1241 3548 seu
1270 3507 1412 3547 servorum
1433 3490 1479 3545 bei
1504 3489 1585 3544 luerit
1610 3490 1797 3545 commoditati

128 3577 223 3633 videre
251 3575 335 3634 vellet
361 3579 389 3633 in
418 3579 478 3636 loco
503 3581 665 3655 ubicunqne
694 3586 747 3656 ipsi
777 3586 937 3657 placuisset,
990 3581 1136 3637 indultum.
1153 3583 1325 3653 Quapropter
1338 3587 1432 3636 notum
1449 3595 1511 3634 esse
1531 3578 1657 3634 volumus
1669 3577 1799 3635 omuibus

128 3667 206 3732 Quod
226 3668 347 3723 audiens
372 3683 429 3733 rex,
458 3685 559 3744 magno
587 3672 708 3743 repletus
729 3674 841 3748 gaudio,
857 3675 940 3744 jussit
990 3671 1038 3727 Dei
1053 3670 1193 3737 fidelibus,
1208 3669 1391 3742 presentibus
1419 3669 1525 3724 scilicet
1542 3675 1569 3723 et
1584 3668 1692 3735 l‘uturis,
1703 3668 1799 3739 preci-

128 3758 239 3815 obviam
249 3759 424 3815 missossnos
451 3761 491 3815 ire
510 3778 619 3819 summo
635 3764 769 3834 pontifici,
787 3774 814 3822 et
828 3768 940 3823 servitia
990 3778 1163 3835 puequoque
1177 3762 1387 3818 successoribus
1416 3761 1517 3816 nostris
1543 3760 1571 3813 in
1586 3760 1729 3829 potestatis
1741 3758 1799 3814 cul-

128 3868 286 3925 preparare
322 3854 385 3909 Post
398 3868 468 3925 quos
481 3863 508 3908 et
524 3870 571 3909 rex
595 3858 655 3927 ipse
677 3859 938 3929 perrexit;obvia-
989 3855 1064 3909 mine
1105 3854 1132 3907 in
1160 3869 1336 3925 quesumus,
1352 3858 1464 3906 auctore
1490 3850 1617 3912 Domino,
1645 3849 1798 3915 constituti,

128 3944 347 4017 veruntquesibi
367 3944 507 4015 inrumpo
523 3960 624 4016 magno
641 3946 831 4019 hemensium,
846 3959 874 4006 et
889 3953 939 4006 de-
989 3942 1136 3998 abeodem
1153 3941 1329 3997 dominorum
1346 3939 1461 3994 domino
1472 3937 1606 4008 deinceps
1628 3938 1800 3992 constituen-

129 4037 239 4092 ssendil
251 4044 369 4109 uterque
384 4037 418 4092 ab
429 4053 502 4109 equo
523 4053 584 4094 suc.
600 4038 632 4095 Et
648 4041 778 4113 princeps
793 4045 940 4113 prostravit
990 4033 1051 4090 dis:
1068 4032 1132 4105 quia
1151 4030 1209 4086 Eho
1232 4029 1398 4086 venerabilis
1414 4028 1640 4098 archiepiscopus
1655 4026 1801 4082 tiernensis

130 4127 201 4182 sein
217 4134 320 4181 terram
331 4127 412 4183 tertio
429 4134 492 4182 ante
507 4126 593 4197 pedes
607 4128 675 4185 tanti
688 4129 827 4200 pontificis
842 4132 938 4197 352111.
989 4121 1131 4188 Ecclesiae,
1147 4127 1174 4175 et
1201 4117 1442 4175 reverendissimae
1472 4115 1547 4171 sedis
1569 4116 1656 4171 sancti
1673 4115 1799 4187 Remigii,

130 4223 315 4287 taveruntque
330 4214 490 4270 seinvicem
506 4214 662 4289 magnifice,
674 4225 703 4271 et
712 4217 939 4289 amplexantesse
989 4215 1182 4288 gloriosissimi
1211 4210 1362 4286 pontificis,
1378 4217 1406 4266 et
1433 4208 1562 4281 specialis
1590 4207 1698 4279 patroni
1714 4207 1800 4263 nostri

131 4304 284 4361 deosculati
305 4311 370 4360 suut
394 4302 517 4376 pacifice,
544 4313 780 4379 perrexeruntque
802 4307 836 4361 ad
848 4307 939 4363 eccle·
990 4306 1269 4379 presul,clementie
1289 4309 1389 4358 nostre
1420 4301 1549 4366 innotuit,
1580 4300 1644 4371 quia
1660 4299 1802 4354 vetustatis

131 4396 208 4462 siam,
226 4396 275 4452 nbi
292 4413 355 4452 cum
382 4396 429 4452 diu
458 4406 594 4461 orassent,
619 4399 707 4453 erexit
718 4415 748 4454 se
761 4398 894 4470 pontilex,
911 4391 1070 4459 etDsenio
1092 4397 1209 4452 contrita
1223 4395 1280 4464 jam
1306 4393 1385 4448 dicte
1413 4388 1573 4461 metropolis
1603 4387 1678 4443 urbis
1706 4394 1800 4443 sancta

132 4489 240 4545 excelsa
253 4504 321 4545 voce
345 4505 408 4545 cum
431 4490 516 4547 choro
542 4505 592 4545 suo
608 4488 673 4546 lecit
704 4491 762 4566 regi
778 4488 876 4544 laudes
891 4506 938 4546 re·
989 4491 1077 4540 mater
1103 4491 1196 4539 nostra
1218 4480 1347 4548 ccclesia,
1364 4480 1392 4533 in
1416 4479 1521 4533 honore
1547 4484 1660 4542 sancte,
1675 4492 1798 4548 semper·

134 4578 216 4651 giles.
250 4578 346 4634 Postea
368 4577 490 4649 pontifex
519 4578 662 4635 honoravit
690 4595 753 4634 enm
787 4577 896 4649 magnis
911 4586 941 4633 et
990 4590 1044 4645 que
1059 4573 1173 4647 virginis
1184 4587 1215 4626 ac
1227 4569 1369 4641 genitricis
1384 4566 1471 4622 llariae
1501 4573 1670 4632 consecrata,
1699 4566 1799 4621 existe-

136 4669 227 4725 nultis
242 4668 403 4731 honoribus,
419 4684 451 4723 ac
463 4668 587 4743 reginam
602 4668 704 4739 pariter
716 4665 939 4740 hirmingardim,
991 4673 1040 4721 ret.
1059 4667 1087 4720 ln
1099 4680 1153 4737 qua
1168 4669 1278 4718 auctore
1289 4662 1355 4726 Deo,
1371 4667 1398 4714 et
1418 4664 1598 4730 cooperatore
1615 4657 1687 4728 [ms.,
1700 4672 1800 4728 coope-

137 4761 196 4818 dein
206 4770 236 4818 et
252 4763 399 4833 optimates
419 4770 503 4835 atque
516 4761 655 4817 ministros
669 4776 776 4816 eorum.
794 4758 939 4814 Proxima·
992 4754 1078 4825 rante]
1100 4752 1127 4806 S.
1159 4750 1284 4826 Remigio
1315 4765 1385 4822 gens
1416 4752 1508 4803 nostra
1535 4743 1712 4812 Francorum,
1737 4759 1800 4799 cum

139 4850 411 4925 quedieltomiuica,
426 4853 454 4906 iu
470 4851 662 4907 ecclesiaaute
676 4850 822 4906 missarum
839 4849 940 4906 solem·
992 4846 1133 4918 equivoco
1159 4851 1251 4901 nostro
1279 4859 1342 4916 rego
1371 4840 1496 4911 ejusdem
1512 4839 1612 4914 gentis,
1629 4837 1699 4892 sacri
1716 4837 1800 4893 lontis

139 4951 187 5018 nia,
208 4964 303 5006 coram
327 4947 402 5002 clero
424 4953 451 5000 et
473 4942 550 4999 omni
579 4941 694 5011 populo,
718 4938 891 4995 consecravit
914 4948 942 4994 et
993 4934 1157 5006 baptismate
1185 4931 1271 4998 ablui,
1299 4946 1331 4985 ac
1360 4928 1527 5000 septiformis
1560 4925 1677 4998 Spiritus
1710 4925 1799 4981 sancti

140 5038 210 5093 aurit
223 5052 288 5092 eum
315 5035 344 5089 iu
360 5033 564 5103 imperatorem,
580 5042 710 5084 coronam
730 5027 806 5083 mire
819 5027 942 5098 pulchri·
993 5023 1078 5100 gratia
1093 5022 1222 5078 illustrari
1246 5020 1408 5094 promeruit.
1428 5017 1481 5073 Sed
1497 5023 1524 5072 et
1550 5016 1611 5087 ipse
1622 5030 1668 5069 rex
1683 5014 1799 5071 nobilis-

141 5128 239 5184 tudiuis
264 5140 386 5192 auream,
416 5118 639 5194 prestiosissimis
663 5118 780 5195 gemmis
807 5126 942 5186 ornatam,
993 5113 1079 5169 simus
1092 5112 1127 5168 ad
1141 5111 1244 5187 regiam
1256 5116 1418 5182 potestatem
1434 5106 1552 5182 perungi
1576 5105 1624 5160 Dei
1651 5103 1799 5159 clementia

141 5236 217 5291 quarn
230 5234 325 5275 secum
339 5215 487 5282 detulerat,
514 5213 660 5284 imponens
681 5227 765 5282 super
779 5211 940 5282 caputejns.
993 5201 1094 5275 dignus
1108 5199 1237 5256 iuventus
1252 5198 1313 5253 l'uit.
1330 5196 1381 5253 Ubi
1405 5196 1485 5251 etiam
1503 5192 1799 5266 etnosdivinadigna-

141 5306 270 5382 llegiuam
281 5304 430 5379 appellavit
458 5305 618 5377 Augustam,
645 5313 817 5357 etcoronam
832 5316 943 5356 auream
994 5290 1069 5346 lions
1093 5304 1142 5361 psl
1167 5303 1266 5343 manus
1290 5286 1384 5342 d0¹¹¹¹¹i
1409 5282 1541 5356 Stephani
1576 5281 1690 5337 ΗΘΜ
1724 5294 1800 5335 Sum·

140 5397 229 5468 posuit
248 5410 333 5467 super
364 5399 447 5466 caput
472 5393 542 5462 ejus.
567 5391 600 5447 Et
628 5390 750 5463 quandiu
779 5388 879 5445 mansit
904 5386 942 5442 ibi
994 5383 1031 5438 mi
1058 5378 1208 5454 pontificis,
1238 5379 1272 5435 nd
1301 5394 1404 5436 nomen
1432 5383 1460 5432 ct
1480 5380 1643 5448 potestatem
1671 5372 1800 5443 imperia-

138 5485 306 5559 apostolicus
321 5500 401 5559 papa,
422 5482 547 5556 quotidie
575 5481 744 5553 colloquium
770 5479 893 5535 habuere
907 5477 943 5533 de
993 5472 1048 5529 lem
1076 5471 1204 5528 coronari
1231 5472 1390 5527 meruimus.
1422 5468 1506 5536 Quam
1537 5481 1586 5538 pro
1618 5463 1700 5519 tantis
1713 5459 1799 5514 hene-

137 5574 370 5632 utilitatesaucte
383 5568 781 5640 ueisootesiae.Atposquam
794 5568 944 5640 imperator
993 5559 1063 5617 ficiis
1090 5559 1171 5617 nobis
1194 5558 1298 5616 ibidem
1336 5576 1351 5613 a
1381 5560 1437 5615 beo
1463 5555 1570 5614 collatis
1597 5561 1729 5608 renovare
1751 5557 1798 5599 cn·
