3840 6106
202 240 271 297 luit
362 204 364 208 ⁷
735 242 763 299 S.
784 242 942 300 Ubllbtoi
959 247 1146 305 lucusiani
1166 250 1325 309 episcopi.
1800 265 1874 324 1072

202 369 266 432 tavi,
277 375 307 425 ut
324 369 454 425 latentem
464 385 621 426 sermonem
637 371 767 427 omnibus
782 375 967 444 pastoralibus
982 377 1095 446 synodis
1122 380 1297 437 celebrandis
1317 382 1506 452 utilissimum,
1521 395 1549 443 et
1571 389 1695 445 tenebris
1710 400 1822 448 erutum
1837 397 1865 452 in

201 441 290 495 luceru
305 442 467 496 emitterent.
485 442 562 506 Quod
571 442 765 498 ecclesiastice
778 445 933 515 disciplinae
947 447 1065 503 inustum
1081 449 1137 504 sit:
1153 453 1260 524 eritque
1276 464 1305 508 ut
1318 471 1410 525 spero,
1431 457 1452 509 si
1469 457 1556 529 quiin
1574 468 1676 515 sortem
1693 479 1726 516 ac
1742 465 1868 522 ministe⁴

201 512 271 566 riunr
288 512 395 594 bomini
412 514 530 583 cooptati
538 521 614 594 sunt,
634 514 693 569 baec
709 523 762 569 tam
779 516 909 570 saltitaria
925 517 1030 572 monita
1045 517 1072 572 in
1086 518 1196 576 intimas
1212 524 1346 579 medullas
1358 526 1513 594 demittant,
1530 539 1559 583 ut
1573 530 1606 584 ad
1619 547 1716 587 eorum
1740 540 1865 604 praescri-

201 594 288 653 ptum,
304 593 397 647 urtam,
414 600 514 647 mores,
525 592 551 638 et
562 595 685 640 actiones
698 601 761 639 suas
771 587 944 642 conlornrare
952 589 1089 645 studeant.
1106 592 1170 646 Cunr
1188 596 1322 650 incertum
1351 597 1386 650 sit
1405 610 1489 669 quoto
1505 616 1578 657 anno
1593 601 1628 656 ab
1644 603 1771 661 Udalrico
1787 608 1865 663 habi-

201 664 244 709 tus
257 653 350 723 luerit,
367 654 506 726 prefixum
518 655 597 710 initio
616 656 711 726 scripti
724 656 788 711 libri
803 673 905 714 nnnum
917 659 1092 715 retinendum
1108 679 1168 718 esse
1178 665 1310 733 judicavi.

234 855 339 911 Fratres
355 855 510 927 presbyteri
539 862 567 912 ct
589 856 747 912 sacerdotes
767 857 884 923 bomini,
900 872 1004 929 coope-
1019 860 1165 935 Asignum
1179 866 1281 933 †recte
1292 865 1382 924 lacere
1393 868 1500 925 studete
1515 887 1522 925 :
1538 885 1593 926 non
1608 872 1682 928 enirn
1697 875 1777 932 aliter
1787 881 1865 950 quid-

198 953 303 1002 ratores
315 947 400 1003 nostri
425 947 531 1003 ordinis
557 949 634 1004 estis.
663 949 717 1006 Nos
737 948 861 1020 quidem,
878 948 1003 1020 quamuis
1052 971 1133 1027 qnam
1151 955 1266 1026 potestis
1280 958 1456 1014 benedicere.
1486 958 1613 1017 infirmos
1632 963 1753 1033 visitate,
1772 977 1800 1022 et
1816 987 1863 1027 eos

197 1040 315 1113 indigni,
334 1039 423 1095 ¹0011¹¹¹
448 1041 537 1095 damn
560 1048 697 1106 tenemus,
714 1055 763 1098 VOS
774 1042 864 1097 lotum
882 1041 1001 1097 Eleazari
1053 1047 1241 1115 reconciliate,
1256 1050 1365 1118 etjuxta
1378 1051 1533 1121 apostolum
1551 1053 1617 1122 (loc.
1632 1059 1673 1123 r.)
1689 1057 1753 1114 oleo
1767 1071 1861 1118 sancto

196 1142 224 1190 et
240 1135 393 1190 ithamaris.
410 1134 464 1190 Nos
474 1135 535 1191 vice
550 1136 892 1206 duodecimnpostolorum
909 1136 1002 1212 iungi·
1052 1139 1188 1213 inungite,
1200 1147 1227 1195 et
1242 1140 1354 1212 propria
1379 1157 1462 1196 manu
1492 1146 1707 1203 communicate.
1725 1149 1756 1205 Ει
1773 1154 1862 1210 nullus

196 1239 269 1291 mur,
279 1241 329 1280 ros
343 1224 377 1279 ad
389 1223 503 1280 lormam
518 1227 693 1299 septuaginta
708 1227 907 1297 discipulorum
922 1227 999 1282 estis.
1053 1238 1201 1300 praesumat
1217 1231 1325 1285 tradere
1348 1232 1572 1291 communionem
1601 1237 1674 1295 laico
1687 1248 1735 1297 aut
1752 1242 1861 1301 feminae

196 1314 251 1370 Nos
267 1323 390 1386 pastores
404 1318 488 1373 uestri
512 1333 617 1384 sumus,
643 1333 692 1375 vos
708 1327 832 1389 pastores
847 1318 1000 1373 animarum
1052 1317 1087 1372 ad
1100 1317 1279 1373 deserendam
1295 1319 1415 1377 infirmo.
1573 1300 1583 1315 ⁸

194 1406 274 1462 vobis
293 1408 512 1464 commissarum.
529 1408 583 1464 Nos
598 1409 633 1465 de
647 1409 726 1465 vobis
741 1411 876 1465 rationem
904 1410 1001 1465 reddi·
1087 1409 1182 1465 Nullus
1202 1417 1321 1466 vestrum
1349 1429 1399 1483 pro
1433 1413 1606 1485 baptizandis
1634 1417 1860 1489 inlantibus,aut

195 1494 928 1567 tarisumussumrnopastoribominoiesuChristo,
952 1515 1001 1555 vos
1052 1495 1168 1552 infirmis
1201 1499 1425 1569 reconciliandis,
1457 1509 1503 1558 aut
1531 1507 1647 1561 mortuis
1677 1511 1857 1581 sepeliendis,

195 1589 230 1643 dc
246 1589 375 1661 plebibus
388 1589 467 1646 robis
495 1590 661 1647 commissis.
689 1591 721 1646 Et
743 1590 817 1659 ideo,
835 1592 999 1660 charissimi,
1052 1590 1194 1659 praenrium
1210 1591 1253 1646 rel
1267 1608 1367 1648 munus
1384 1593 1484 1669 exigat.
1495 1596 1591 1654 Videte
1605 1615 1640 1654 ne
1651 1617 1703 1671 per
1717 1603 1861 1678 negligen-

193 1679 283 1736 ridete
299 1681 451 1752 periculum
464 1687 594 1738 vestrum.
625 1682 811 1738 Admonemus
822 1690 849 1737 el
866 1682 999 1739 obsecra·
1051 1682 1117 1736 tiam
1130 1688 1248 1738 vestram
1262 1683 1335 1738 ullus
1355 1683 1446 1741 infans
1474 1687 1534 1742 sine
1562 1689 1702 1761 baptismo
1718 1696 1858 1754 moriatur.

193 1792 255 1832 mus
267 1777 467 1832 fraternitatem
494 1785 623 1844 vestram,
651 1787 682 1834 ut
704 1780 739 1834 de
756 1778 895 1835 communi
912 1779 1000 1836 salute
1051 1773 1146 1829 Nullus
1158 1781 1277 1829 vestrum
1302 1776 1338 1830 sil
1364 1776 1491 1834 ebriosus
1510 1787 1537 1835 et
1556 1779 1705 1856 litigiosus,
1722 1787 1789 1857 quia
1803 1804 1859 1843 ser-

193 1877 284 1923 restra
296 1868 449 1941 cogitantes
476 1869 618 1935 attentius,
645 1869 763 1925 audiatis
782 1869 1000 1926 admonitionem
1049 1881 1114 1921 vurn
1127 1866 1235 1922 bomini
1266 1882 1321 1923 non
1349 1875 1457 1939 oportet
1480 1870 1597 1946 litigare.
1615 1873 1712 1929 Nullus
1741 1885 1858 1934 restrum

194 1965 316 2014 nostram
333 1976 340 2025 3
359 1966 385 2013 et
401 1975 461 2031 quae
475 1960 554 2015 vobis
568 1962 753 2036 suggerimus,
768 1961 910 2016 memoriae
923 1977 1000 2017 eom.
1050 1970 1125 2010 arma
1147 1954 1217 2011 ferat
1238 1956 1266 2011 in
1291 1957 1439 2025 seditione,
1468 1960 1533 2031 quia
1559 1977 1635 2017 arma
1649 1973 1743 2020 restra
1759 1967 1859 2024 debent

193 2051 340 2116 mendetis,
350 2058 377 2105 ct
392 2065 477 2120 opere
490 2066 620 2106 exercere
639 2050 784 2106 studeatis.
1050 2059 1112 2099 esse
1124 2043 1288 2116 spiritualia.
1304 2046 1401 2103 Nullus
1412 2062 1510 2104 canum
1526 2059 1573 2108 aut
1586 2053 1677 2109 avium
1687 2055 1763 2124 jocis
1775 2057 1860 2113 inser-

228 2140 361 2211 lnprimis
376 2141 558 2196 admonemus
572 2140 667 2196 utrita
679 2148 706 2196 el
719 2142 892 2197 conversatio
910 2148 1000 2198 restra
1051 2134 1117 2189 ilal-

193 2230 446 2303 irreprehensibilis
459 2230 504 2296 sit,
521 2231 628 2286 scilicet
642 2231 750 2286 utcclla
772 2241 864 2288 vestra
875 2234 910 2287 sit
923 2187 1039 2303 juttaB
1087 2227 1183 2284 Nullus
1202 2229 1230 2285 in
1246 2229 1371 2286 tabernis
1399 2231 1484 2288 bibat.
1516 2234 1713 2310 Unusquisque
1728 2249 1858 2306 vestrum,

192 2325 345 2392 ecclesiam,
367 2332 394 2379 et
427 2323 455 2377 in
469 2339 501 2378 ea
529 2323 648 2378 luminas
676 2339 732 2379 non
760 2324 893 2380 babeatis.
921 2326 999 2381 Omni
1051 2324 1184 2387 (tutulum
1199 2319 1281 2390 sapit,
1292 2319 1366 2390 Plebi
1379 2336 1437 2377 ⁸1¹ae
1446 2321 1480 2376 (Ῐθ
1494 2321 1643 2399 Evangelii)
1654 2328 1697 2382 Vel
1715 2328 1856 2400 Apostolo,

191 2419 321 2474 noctead
339 2425 473 2474 nocturna
501 2417 615 2490 surgite.
647 2416 759 2473 Cursum
779 2427 900 2474 vestrum
916 2420 1000 2475 certis
1051 2408 1095 2463 (lie
1112 2409 1538 2484 D⁰¹¹¹51150QV0¹sOSllssdlebust
1562 2420 1720 2475 annuntiet·
1744 2421 1857 2478 Verbum

191 2513 266 2569 horis
292 2514 447 2569 decantate.
474 2511 616 2567 llissarum
645 2511 848 2569 celebrationes
867 2513 995 2588 religiose
1050 2496 1158 2551 D⁰ffli¹¹i
1173 2497 1280 2554 debsslss
1304 2501 1466 2571 llfaedifflffl·
1483 2501 1579 2558 cufim
1596 2522 1764 2578 Pflupflfflfflr
1780 2526 1858 2579 pere-

191 2604 323 2678 peragite.
340 2604 446 2673 Corpus
459 2608 487 2657 et
499 2602 662 2676 sanguinem
683 2618 746 2659 cum
766 2604 863 2659 timore
879 2612 906 2658 et
917 2621 997 2661 reve·
1046 2587 1188 2661 &limium
1204 2596 1232 2644 0²
1247 2590 1433 2660 Olbhflffllfflm
1463 2591 1573 2661 habete,
1589 2610 1639 2651 ‘³⁰⁵
1661 2596 1696 2651 id
1714 2599 1856 2668 Pffindi⁰ll

189 2694 396 2750 rontiasumile.
415 2692 490 2749 Vasa
511 2694 734 2765 sanctapropriis
748 2693 878 2750 manibus
891 2695 995 2752 abluite
1046 2688 1135 2738 Vestra
1160 2681 1283 2740 lsslilale·
1315 2684 1408 2743 3⁸20!ss
1438 2687 1599 2759 h⁰⁵llilfl¹082
1628 2698 1659 2747 Ul
1685 2691 1856 2749 aliiNObis

188 2791 215 2840 et
239 2783 397 2858 abstergite.
427 2782 522 2838 Nullus
540 2778 640 2838 ‘cantet
655 2783 779 2849 missam,
802 2783 855 2838 nisi
869 2784 993 2854 jejunus.
1045 2771 1201 2842 exemplum
1219 2772 1323 2828 b⁰¹¹l¹m
1343 2781 1465 2829 sumant.-

187 2873 283 2928 Nullus
302 2881 405 2940 cantet,
429 2872 548 2944 quinon
576 2873 771 2928 communicet.
788 2873 883 2929 Nullus
903 2879 995 2929 cantet
1081 2863 1376 2921 0¹¹11¹id10⁰⁰ffll¹¹10³
1398 2874 1461 2923 anie
1487 2868 1597 2924 missam
1619 2886 1724 2944 aquam
1740 2874 1853 2930 benedi·

188 2963 373 3030 sineanrictu,
405 2963 476 3024 alba.
502 2963 582 3032 stola,
610 2963 721 3032 lunone,
751 2964 870 3034 planeta.
890 2964 922 3020 Et
937 2965 995 3020 lraeo
1045 2962 1115 3012 Clam
1136 2957 1318 3027 steilbtfflde
1339 2961 1458 3032 populus
1484 2972 1670 3039 aspergatur:
1697 2974 1726 3023 et
1752 2969 1852 3024 adhoc

187 3059 354 3114 vestimenta
373 3057 462 3114 nitida
482 3059 548 3126 sint,
563 3067 589 3114 et
610 3059 644 3114 ad
664 3060 755 3115 nullos
766 3060 835 3115 alios
849 3075 914 3115 usus
927 3061 992 3115 sint.
1043 3049 1133 3105 ⁵0111m
1152 3066 1200 3106 vas
1214 3051 1325 3107 habete·
1342 3053 1423 3109 Sacra
1444 3071 1518 3120 vasa.
1532 3062 1561 3110 el
1582 3058 1752 3116 vestimenta
1765 3077 1853 3117 sacer-

188 3146 283 3202 Nullus
296 3147 441 3214 cumalba,
462 3164 516 3218 qua
532 3147 560 3201 in
574 3163 640 3203 suos
649 3164 714 3202 usus
727 3148 822 3215 utitur,
844 3156 994 3218 praesumttl
1044 3140 1249 3208 dotalia,nolile
1265 3144 1292 3198 in
1309 3143 1425 3218 pignore
1440 3145 1506 3201 dare
1522 3147 1691 3222 negotiatori
1701 3159 1749 3206 itul
1765 3153 1851 3207 labet·-

187 3240 301 3296 missam
314 3248 434 3296 cantare.
448 3240 527 3296 Nulla
542 3240 646 3296 lamina
668 3241 701 3296 ad
722 3241 807 3296 altare
823 3241 931 3297 Domini
945 3259 993 3299 ac·
1044 3233 1133 3288 Μΐῑθ·
1147 3233 1243 3290 uultus
1263 3242 1385 3292 vestium
1401 3253 1498 3293 usuras
1521 3239 1623 3313 eligii,
1650 3252 1680 3296 ²¹
1707 3245 1855 3300 conductor

187 3334 278 3401 cedat,
298 3349 350 3389 acc
370 3333 482 3388 calicem
494 3331 601 3388 bomini
632 3339 733 3408 tangat.
747 3332 893 3405 Corporale
908 3350 992 3389 mun·
1043 3323 1086 3378 sui
1100 3322 1203 3379 fenoris
1217 3325 1324 3381 existat.
1337 3325 1390 3381 iles
1411 3335 1438 3381 et
1448 3326 1600 3394 facultates,
1618 3346 1690 3402 quas
1706 3340 1768 3404 post
1780 3333 1849 3388 diem

187 3423 332 3478 dissimum
347 3422 392 3490 sit,
412 3420 497 3477 altare
526 3431 687 3493 coopertum
709 3421 870 3477 demundis
889 3423 992 3480 limeis.
1042 3414 1228 3471 ordinationis
1248 3424 1344 3473 restrae
1357 3418 1509 3490 acquiritis,
1538 3420 1632 3478 sciatis
1645 3424 1684 3478 ad
1712 3426 1850 3481 ecclesiam

187 3514 277 3585 Super
287 3513 371 3568 altare
384 3513 453 3568 nihil
472 3523 599 3584 ponatur,
630 3512 683 3567 nisi
712 3529 801 3585 capsae
815 3521 842 3569 et
859 3514 992 3586 reliquiae,
1005 3488 1030 3558 C
1043 3506 1192 3579 pertinere.
1209 3508 1304 3564 Nullus
1328 3509 1388 3565 sine
1410 3510 1526 3566 scicntia
1554 3518 1581 3567 et
1605 3528 1748 3571 consensu
1764 3524 1851 3572 nostro

185 3612 232 3661 aut
247 3604 316 3660 loric
331 3610 449 3676 quatuor
463 3604 620 3676 Evangelia,
639 3611 666 3659 et
680 3604 781 3659 buxida
799 3620 860 3659 curn
877 3620 993 3676 corpore
1043 3599 1187 3654 ecclesiam
1215 3601 1349 3673 acquirat.
1375 3601 1471 3657 Nullus
1493 3619 1543 3674 per
1562 3612 1728 3676 potestatem
1746 3608 1852 3662 secula·

186 3694 344 3749 bominiad
367 3691 629 3758 infirnros5caetera
657 3693 685 3747 in
714 3692 802 3749 nitido
813 3693 874 3748 loco
892 3709 992 3750 recon-
1042 3689 1421 3771 ,iumecclesiamcbtineat
1450 3693 1712 3753 Nullusecclesiam
1727 3700 1850 3770 adquam

186 3783 296 3837 dantur.
1042 3780 1169 3856 titulatus
1182 3787 1223 3838 est
1250 3781 1398 3853 relinquat,
1422 3789 1450 3838 et
1478 3782 1513 3837 ad
1528 3783 1611 3840 aliurn
1630 3797 1757 3858 quaestus
1779 3805 1855 3844 causa

221 3872 330 3930 blissalc
346 3872 510 3944 plenarium,
540 3871 739 3929 Lectionarium
764 3880 793 3928 et
816 3873 989 3946 Antiphone·
1042 3872 1149 3946 migret.
1167 3872 1264 3927 Nullus
1274 3873 1368 3943 plures
1376 3871 1508 3929 ecclesias
1529 3879 1623 3931 teneat
1638 3877 1702 3934 sine
1718 3880 1851 3948 adjutorio

189 3965 259 4022 rium
276 3978 449 4035 unaqueque
464 3962 580 4018 ecclesia
591 3962 702 4017 babeat.
713 3962 799 4018 Locus
829 3963 857 4017 in
876 3965 995 4024 sacrario
1045 3966 1162 4022 aliorum
1176 3967 1411 4039 presbyterorum.
1433 3968 1594 4026 Nullatenus
1608 3988 1665 4027 una
1683 3975 1802 4030 ecclesia
1816 3976 1854 4029 in-

187 4056 421 4129 autjuxtaaltare
448 4056 484 4110 sit
511 4062 693 4127 praeparatus,
722 4055 770 4111 ubi
795 4073 866 4128 aqua
890 4057 994 4116 cliundi
1045 4062 1088 4112 ter
1103 4056 1198 4127 plures
1212 4056 1361 4115 dividatur.
1391 4058 1487 4115 Nullus
1502 4059 1616 4117 alterius
1644 4066 1853 4135 parochianum,

184 4147 272 4220 ‘possit
286 4146 397 4220 quando
411 4161 489 4201 sacra
507 4161 572 4201 rasa
591 4145 750 4213 abluuntur,
771 4154 799 4201 et
824 4146 994 4204 ibivasniti-
1045 4147 1097 4203 nisi
1120 4148 1147 4204 in
1171 4148 1282 4216 itinere,
1298 4157 1325 4205 et
1350 4165 1412 4206 curn
1435 4151 1565 4222 placitum
1577 4153 1674 4224 fuerit,
1699 4158 1734 4212 ad
1745 4159 1851 4215 misaam

185 4242 250 4297 dum
266 4256 330 4296 cum
357 4255 429 4310 aqua
448 4237 615 4308 dependeat,
638 4236 732 4308 ibique
747 4236 876 4292 sacerdos
895 4255 993 4295 manus
1044 4237 1169 4309 recipiat.
1186 4237 1319 4294 Nullusin
1345 4240 1458 4296 alterius
1482 4244 1741 4314 parochiamissam
1753 4257 1849 4305 cantet.

183 4325 257 4382 lavet
271 4335 335 4398 post
356 4325 593 4382 communionem.
619 4323 749 4379 Ecclesiae
776 4325 830 4380 sint
855 4335 993 4398 coopertae
1043 4325 1139 4381 Nullus
1155 4328 1349 4398 poenitentem
1367 4329 1465 4386 invitet
1485 4348 1597 4388 carnem
1627 4336 1809 4405 manducare,
1828 4347 1851 4393 et

184 4419 257 4474 bene
273 4429 300 4475 et
311 4427 466 4488 cameratae,
481 4419 612 4474 etatriurrr
628 4419 664 4474 sit
678 4435 750 4490 saepe
766 4419 912 4476 munitum.
930 4421 993 4477 Nul·
1042 4415 1138 4471 bibere
1153 4417 1259 4486 uinum,
1277 4417 1330 4473 nisi
1344 4434 1394 4490 pro
1408 4434 1442 4475 co
1456 4419 1490 4474 ad
1504 4437 1628 4491 praesens
1644 4424 1848 4498 eleemosynam

186 4506 229 4563 lus
241 4517 317 4565 extra
332 4509 477 4566 ecclesiam
494 4525 544 4580 per
562 4508 659 4564 domos
672 4516 719 4578 aut
740 4508 769 4563 in
789 4509 858 4564 locis
873 4524 928 4565 non
943 4526 991 4566 ca·
1042 4506 1138 4563 lecerit
1162 4507 1259 4563 Nullus
1278 4519 1426 4581 praesumat
1447 4510 1600 4582 baptizare,
1627 4515 1684 4570 nisi
1708 4516 1738 4571 in
1762 4518 1849 4592 vigilia

186 4604 297 4659 meracis
320 4605 432 4659 missam
455 4611 556 4660 cantet,
581 4604 675 4660 omnis
691 4604 835 4675 presbyter
857 4605 990 4661 clericum
1041 4594 1151 4652 Pasclrae
1166 4603 1194 4652 et
1206 4599 1455 4664 Pentecostes,nisi
1474 4608 1588 4672 propter
1606 4604 1767 4673 periculum
1779 4621 1849 4662 ntor-

185 4694 342 4752 habeataut
355 4696 517 4765 scholarem,
548 4697 595 4768 qui
624 4696 769 4767 epistolant
783 4696 826 4752 rel
841 4696 989 4752 lectionem
1041 4690 1085 4746 tis.
1103 4692 1296 4766 Unusquisque
1307 4694 1517 4763 lontesbabeat,
1537 4703 1565 4752 et
1575 4696 1598 4752 si
1614 4713 1673 4755 non
1684 4701 1848 4773 potestlapi-

184 4786 268 4864 legat,
284 4795 312 4843 et
324 4790 358 4843 ad
373 4789 485 4843 missam
492 4788 666 4859 respondeat,
676 4794 704 4843 et
718 4804 781 4844 cum
797 4803 851 4859 quo
868 4788 989 4859 psalmos
1040 4782 1119 4850 deos,
1136 4785 1234 4841 babeat
1248 4786 1324 4842 aliud
1346 4803 1393 4844 vas
1409 4788 1443 4843 ad
1461 4788 1515 4843 boc
1543 4799 1744 4862 praeparaturn,
1760 4793 1787 4849 in
1800 4809 1848 4866 quo

183 4890 284 4940 caniet,
299 4881 396 4937 liutius
406 4882 481 4937 sotus
495 4883 607 4938 missam
621 4888 719 4938 cantet,
998 4853 1028 4923 D
1041 4875 1110 4931 nibil
1124 4876 1262 4934 aliudliat.
1278 4878 1374 4934 Videte
1388 4886 1419 4936 at
1428 4881 1747 4952 omnibusparocbianis
1758 4885 1849 4941 restris

218 4972 314 5028 Nullus
329 4988 391 5028 cum
421 4969 556 5036 calcariis,
584 4986 654 5042 quos
674 4984 810 5041 sperones
829 4970 929 5026 rustice
942 4985 992 5026 ro·
1042 4969 1200 5043 Symbolum
1224 4976 1252 5026 et
1272 4969 1428 5025 Orationem
1439 4969 1610 5026 bominicam
1636 4971 1795 5029 insinuetis.
1810 4975 1848 5029 ie

183 5079 287 5129 carnus,
302 5072 330 5120 et
343 5063 460 5120 cultellis
488 5062 658 5118 extrinsecus
673 5060 907 5133 dependentibus,
923 5061 991 5117 mis·
1039 5063 1149 5132 iunium
1164 5062 1284 5127 (luatuor
1296 5059 1473 5134 Temporum,
1489 5070 1517 5118 et
1531 5062 1766 5135 Rogationunr,et
1782 5065 1847 5122 lita-

182 5170 240 5211 sum
255 5162 357 5221 cantet,
381 5156 446 5228 quia
468 5153 603 5210 indecens
628 5160 671 5209 est
692 5163 720 5210 et
745 5162 841 5212 contra
867 5154 990 5228 regulam
1042 5156 1095 5212 niae
1109 5156 1232 5225 majoris,
1248 5154 1379 5227 plebibus
1397 5154 1496 5212 vestris
1514 5154 1685 5212 omnimodis
1700 5157 1847 5214 observan-

183 5242 397 5299 ecclesiasticam
409 5251 461 5299 est.
1040 5247 1104 5302 durn
1116 5245 1253 5301 insinuate
1266 5261 1273 5299 :
1285 5242 1456 5315 feriaquarta
1467 5249 1531 5299 ante
1540 5242 1848 5319 Quadragesimample·

219 5336 338 5395 Calicem
352 5347 380 5393 et
398 5338 516 5394 oblatam
546 5343 621 5392 reeta
641 5353 722 5392 cruce
750 5337 866 5411 signate,
895 5338 923 5392 id
947 5347 989 5396 est
1039 5337 1102 5393 bem
1116 5338 1149 5393 ad
1164 5336 1369 5393 contessionem
1379 5335 1537 5400 invitstc,et
1551 5332 1587 5397 ei,
1600 5333 1680 5403 juxta
1691 5336 1846 5407 qualitatem

182 5444 238 5485 non
255 5430 282 5485 in
298 5430 400 5486 circulo
425 5439 453 5486 ct
478 5431 631 5487 uariatione
654 5430 812 5504 digitorum,
832 5438 863 5488 ut
878 5432 989 5503 plurimi
1039 5429 1146 5495 delicti,
1161 5427 1353 5501 peonitentiam
1365 5427 1577 5498 injungite,non
1592 5441 1627 5480 ex
1646 5427 1734 5483 corde
1749 5433 1846 5490 restro,

180 5521 265 5578 vestri
281 5523 394 5591 iaciunt,
416 5524 466 5579 sed
486 5523 589 5579 strictis
605 5523 716 5579 duobus
731 5522 826 5596 digitis
845 5529 872 5578 el
888 5523 988 5594 pollice
1039 5521 1087 5578 sed
1103 5522 1173 5577 sicut
1197 5520 1225 5575 in
1250 5516 1435 5575 Poenitentiali
1463 5517 1596 5589 scripturn
1626 5524 1678 5573 est.
1707 5518 1844 5584 Quaterin

182 5609 256 5667 intus
283 5610 401 5681 recluso,
435 5627 485 5684 per
508 5627 578 5684 quos
602 5611 720 5668 Trinitas
747 5609 882 5676 innuitur,
913 5611 987 5668 istud
1039 5604 1844 5682 ann0,idest,itataiebomini,etCoeaabnrnini,i>accua,
