3840 6106
183 237 235 299 183
735 233 920 290 t‘touoaiittt
959 233 1111 292 ciuoutct
1131 233 1306 291 suasists.
1799 241 1853 297 ist

181 363 336 429 ⁸ecundum
347 366 535 440 evangelicam
560 368 696 441 regulam,
711 369 755 424 vei
784 370 936 434 vivavoce,
952 371 995 426 vei
1010 376 1105 443 Acurn
1120 371 1179 443 ipso
1202 369 1266 441 pius
1292 369 1354 426 aliis
1379 369 1554 434 laboraverit,
1570 371 1641 427 sicut
1665 371 1693 426 in
1725 373 1854 445 epistolis

183 463 295 536 scriptis
323 462 380 516 suis
408 459 472 514 inde
495 460 710 534 interrogarent,
738 469 768 516 nt
800 462 845 518 vel
872 463 996 519 volentes
1045 459 1081 516 ad
1092 469 1218 516 sanctum
1233 459 1427 516 innocentium
1452 475 1551 532 papam
1563 460 1683 533 scriptis,
1696 462 1769 518 etad
1784 463 1854 520 aiios

183 555 293 611 discere
327 553 470 618 docerent,
498 549 541 607 vel
569 568 683 624 pravum
712 552 874 620 sentientes,
906 560 934 609 et
961 556 996 610 ad
1045 549 1203 621 apostoticae
1229 548 1305 605 sedis
1325 548 1460 620 praesules
1488 549 1614 617 tdnousr.
1638 553 1715 620 epist.
1737 551 1783 616 90,
1807 553 1852 617 92,

184 642 321 699 tramitem
342 639 467 695 veritatis
494 646 523 697 et
561 638 627 695 fidei
657 640 748 696 redire
775 647 996 714 contemnentes,
1046 641 1164 713 95),qui
1193 640 1287 714 legere
1308 640 1437 707 voluerit,
1463 640 1588 697 invenire
1606 642 1721 698 valebit.
1747 644 1853 700 Necda

185 733 302 790 fraterne
332 739 361 788 et
388 732 491 804 saepius
518 739 738 799 commonerent,
768 742 796 788 et
820 734 996 791 auctoritates
1045 735 1102 792 ullo
1118 736 1312 807 episcopomm
1334 736 1363 791 in
1384 736 1450 792 ullis
1471 735 1597 793 conciliis
1619 737 1701 793 aliter
1724 738 1852 812 legimus,

184 822 293 877 divinas
310 821 369 893 lul,
393 821 564 876 auctoritatis
595 820 704 892 divinae]
730 823 996 879 etsanctomml’a-
1046 826 1098 881 nisi
1124 826 1193 882 forte
1230 827 1388 898 apostolico
1423 826 1519 882 litterm
1552 834 1667 899 propter
1694 829 1853 885 evidentem

184 922 257 969 trum
276 911 380 982 scripta
405 910 486 966 uobis
517 916 716 981 proponerent,
746 920 774 967 et
798 919 828 967 ut
857 912 884 966 in
910 928 995 968 unum
1045 915 1292 988 causamaiiquem
1322 915 1551 986 coepiscopomm
1568 915 1602 970 ad
1631 917 1684 972 hoc
1710 917 1852 992 negotium

186 1003 400 1061 conveniremus
423 1016 474 1058 nos
502 1017 564 1057 curn
590 1001 804 1058 mansuetudine
831 1010 860 1059 et
881 1003 995 1061 lenitate
1045 1019 1109 1060 cum
1137 1004 1346 1077 archiepiscopo
1370 1019 1421 1060 suo
1444 1019 1478 1059 ex
1507 1004 1620 1060 nomine
1642 1004 1786 1080 designari
1806 1006 1854 1062 de-

187 1093 344 1158 invitarent,
360 1089 482 1146 scientes
494 1088 561 1161 quia
570 1088 720 1160 episcopus
738 1089 801 1144 ideo
814 1090 848 1145 ad
859 1092 995 1162 synodum
1046 1096 1194 1164 creverint,
1219 1095 1292 1152 sicut
1314 1096 1350 1151 de
1388 1094 1624 1170 Augustidunensi
1662 1097 1798 1169 episcopo
1827 1098 1852 1152 in

187 1179 415 1237 consacerdotum
430 1176 514 1233 debet
540 1177 646 1243 venire,
664 1187 695 1233 ¹1²
709 1186 756 1233 ³1¹1
770 1176 867 1246 discet,
882 1188 930 1235 aut
944 1181 997 1236 do·
1047 1187 1172 1259 epistolis
1193 1187 1267 1244 beati
1291 1187 1415 1262 Gregorii
1435 1187 1564 1262 legimus.
1580 1187 1688 1252 Quanto
1700 1190 1790 1264 magis
1805 1190 1853 1246 iate

188 1278 249 1326 cest
266 1267 405 1323 ibitteras
428 1280 546 1338 namque
573 1266 758 1337 quorumdam
774 1281 869 1323 eorum
884 1268 997 1340 quidam
1048 1277 1204 1353 religiosus,
1230 1285 1258 1334 et
1281 1279 1322 1335 vir
1343 1287 1440 1334 cautus
1467 1278 1496 1333 in
1529 1278 1686 1347 hujusmodi
1705 1294 1736 1334 se
1758 1277 1853 1335 estem

189 1364 345 1412 nostrorum
367 1353 533 1428 benignitas,
547 1363 575 1410 et
589 1353 724 1410 fraternas
746 1355 930 1427 suscepimus,
943 1371 997 1412 no·
1047 1366 1192 1434 noluisset,
1221 1376 1271 1424 am
1296 1367 1419 1439 psaeferfi
1439 1367 1587 1439 despectis,
1619 1382 1651 1422 ac
1664 1367 1855 1439 praetennioeis

189 1458 315 1521 atraeque
330 1447 384 1501 iilis
396 1446 562 1513 remisimus,
578 1452 606 1503 et
621 1446 689 1502 niiril
704 1447 759 1503 tale
774 1447 911 1504 decorum
921 1457 997 1519 parte
1048 1459 1154 1514 caeteris
1165 1459 1350 1530 coepiscopis,
1371 1458 1542 1531 pennisisset
1560 1457 1575 1512 f
1590 1457 1647 1515 iloc
1660 1458 1780 1530 accedit,
1791 1458 1855 1530 quia

190 1536 392 1609 perspeximus,
421 1535 585 1602 audivimus·
621 1535 818 1604 intelleximus,
847 1537 997 1608 sensimus,
1047 1551 1144 1608 fratres
1173 1555 1267 1621 nostri,
1304 1562 1332 1610 et
1358 1554 1568 1611 consacerdotes
1600 1554 1685 1610 surda
1713 1569 1781 1610 anre
1800 1569 1854 1611 non

190 1628 232 1683 iel
248 1625 391 1698 fefellere
412 1626 615 1698 Plaelallllmlss·
641 1627 670 1682 Sl
684 1635 776 1683 ³¹¹2&ss
798 1627 863 1683 lilla
877 1629 999 1700 millii·
1049 1645 1210 1702 debuissent
1239 1646 1355 1701 transire
1384 1646 1540 1702 Salomonis
1571 1645 1677 1701 dictum
1703 1644 1856 1701 commoni·

191 1730 266 1789 rant,
277 1723 300 1777 si
324 1720 447 1778 forteilli
477 1722 656 1793 seripserunt,
690 1729 719 1780 ut
738 1739 815 1779 suam
833 1724 998 1794 sapientiam
1013 1687 1127 1807 Bm,
1143 1741 1165 1795 εἰ
1186 1741 1322 1808 exnobig
1341 1751 1388 1797 au,
1409 1742 1517 1810 auditu,
1541 1742 1700 1812 augwgpgo
1723 1737 1855 1812 quiddam

191 1811 333 1867 dcnostra
358 1810 516 1881 insipientia
531 1810 764 1880 demonstrarent,
779 1817 808 1866 et
831 1812 943 1883 plusde
955 1811 999 1881 ja·
1048 1829 1152 1884 sinistri
1180 1838 1286 1886 secreto
1317 1830 1499 1902 accepissent,
1530 1840 1560 1886 m
1583 1844 1759 1901 pmpmpem
1788 1827 1856 1884 prud

191 1899 396 1957 classllflliffldss
409 1899 563 1971 alimmum
579 1907 735 1971 (luaefesefll
749 1914 831 1971 ‘luam
848 1898 933 1962 [³⁰⁰³.
948 1915 1000 1957 ¹¹⁰·
1051 1918 1079 1973 in
1088 1919 1230 1990 publicum
1242 1935 1409 1993 quacunque
1417 1919 1569 1976 mobilitate
1585 1927 1678 1976 nostra
1689 1919 1757 1975 moti
1773 1919 1857 1989 (unde
1909 1932 1911 1939 ·

192 2000 256 2060 stra,
268 1992 373 2048 etbene
387 1991 494 2047 anobis
504 1991 588 2056 dicte,
604 1993 628 2047 si
650 1991 752 2060 forent,
771 2009 820 2064 per
838 1993 1001 2050 charitatem
1052 2026 1108 2067 non
1129 2027 1225 2068 sumus
1249 2012 1365 2081 conscii)
1380 2013 1415 2067 ,d
1427 2012 1622 2069 contentione,
1638 2018 1666 2067 er
1683 2011 1776 2086 jurgia
1790 2026 1857 2082 pm.

193 2099 244 2139 sua
271 2081 405 2153 facerent,
433 2080 457 2135 si
487 2080 570 2136 etiam
586 2095 666 2136 aecus
694 2081 806 2137 anobis
831 2082 905 2138 dieta
920 2082 1001 2138 inve·
1053 2101 1188 2173 papafeng
1227 2104 1269 2159 gg
1292 2104 1366 2158 enim
1383 2121 1390 2158 :
1407 2103 1470 2170 0„oe
1497 2102 1625 2158 „gamm
1652 2101 1726 2158 oggi
1751 2102 1803 2171 mg
1829 2116 1863 2156 Μ

194 2173 378 2245 nerunt,pius
402 2172 449 2227 illa
468 2172 609 2244 publicare
622 2188 705 2245 quam
732 2188 782 2229 nos
805 2172 924 2229 fraterne
939 2188 1002 2231 cor·
1049 2195 1176 2264 profem,
1202 2197 1231 2249 g,
1259 2195 1354 2265 jumi,
1377 2198 1440 2263 σξιο,
1468 2209 1501 2249 „3
1522 2199 1617 2265 possea
1644 2193 1790 2249 emm„
1809 2207 1862 2248 m„

194 2267 283 2339 rigere
307 2264 472 2319 maluerunt.
510 2263 637 2319 Miramur
676 2266 710 2320 de
738 2266 820 2322 tantis
845 2275 874 2322 et
901 2268 1004 2325 talibus
1051 2284 1151 2352 possis,
1166 2298 1226 2338 mm
1240 2283 1457 2339 dehonestaveris
1473 2285 1591 2338 amicum
1604 2285 1786 2347 mamam,
1803 2298 1863 2345 m,

194 2360 271 2426 Viris,
296 2357 521 2429 archiepiscopis,
549 2365 577 2414 θῑ
603 2358 795 2431 efl⁸⁰⁰l¹⁰f¹¹¹¹¹
826 2362 1003 2433 ilfifflfflibssss
1053 2373 1090 2442 8).
1121 2374 1229 2430 Scimus
1261 2379 1354 2429 tamen
1375 2374 1441 2446 quia
1460 2380 1524 2430 sunt
1559 2373 1698 2440 nonnulli,
1723 2373 1773 2446 qui
1798 2374 1864 2429 dum

196 2450 312 2505 maxime
335 2454 427 2503 aulem
443 2448 479 2504 de
507 2448 602 2505 Eb0¹¹⁸
632 2449 699 2519 (Eb0
719 2452 820 2508 Ebfflili
836 2454 908 2509 Rem·
925 2456 1002 2512 arch·
1055 2466 1118 2538 pius
1143 2481 1242 2536 sapere
1273 2480 1356 2536 quam
1383 2473 1495 2539 oportet
1522 2482 1621 2539 sapere
1651 2467 1765 2523 student
1780 2468 1865 2530 (Rom.

194 2541 295 2609 nepos).
322 2537 370 2609 (tui
398 2537 545 2610 religiosus
570 2545 622 2604 eil»
642 2546 673 2594 ut
700 2540 868 2611 audivimus,
900 2544 1005 2615 (iulide
1055 2571 1103 2622 xvv,
1118 2555 1155 2623 3),
1171 2571 1186 2610 a
1201 2556 1389 2627 proximorum
1417 2573 1486 2628 pace
1514 2556 1654 2624 resiliunt,
1674 2556 1741 2611 dum
1752 2569 1865 2612 eosve·

195 2627 266 2682 sicut
279 2626 314 2681 ab
324 2625 391 2697 ipsis
401 2640 472 2697 pene
488 2626 634 2681 cunabulis
647 2626 700 2683 sub
716 2627 851 2703 religione
866 2640 895 2687 et
908 2632 1004 2688 habitu
1055 2642 1232 2710 ratheheveg
1252 2644 1407 2717 stultosque
1436 2653 1629 2703 contemnum,
1657 2647 1736 2704 Unde
1764 2662 1817 2718 per
1834 2661 1863 2702 ω

168 2716 314 2795 ‘regulari
325 2718 445 2773 nutritus
461 2717 488 2770 in
505 2717 649 2773 liemensis
673 2718 801 2776 Ecclesiae
826 2724 1004 2792 monasterio,
1054 2731 1162 2789 veritas
1185 2733 1325 2800 admonet,
1349 2733 1446 2790 dicens
1463 2751 1470 2789 :
1487 2737 1587 2792 napae
1616 2739 1645 2792 s„
1673 2738 1750 2793 „0023
1772 2737 1825 2799 sat,
1841 2739 1867 2791 ev

195 2805 244 2862 nbi
264 2805 411 2879 requiescit
434 2813 548 2861 sanctus
563 2806 711 2882 Remigius.
740 2809 769 2863 ln
783 2825 838 2881 quo
867 2812 927 2868 loco
941 2813 1006 2868 reli·
1053 2837 1148 2892 pacem
1163 2823 1255 2878 tapete
1268 2825 1339 2879 inter
1366 2839 1413 2880 vos
1439 2825 1534 2892 (Mam,
1559 2841 1596 2892 η,
1612 2823 1666 2894 49),
1691 2831 1723 2880 ut
1737 2823 1865 2898 quisquis

196 2900 274 2973 gi⁰⁸0
299 2914 377 2954 Silam
406 2899 497 2974 0¹08st
532 2905 655 2966 aetatem,
683 2915 830 2974 ultimisque
860 2919 876 2958 u
903 2905 1006 2962 domno
1058 2915 1209 2971 haberesal
1226 2916 1368 2988 sapientia
1389 2916 1491 2980 studet,
1508 2926 1712 2974 curetnecesse
1727 2926 1780 2983 est,
1796 2932 1864 2990 qua-

198 2987 437 3044 liboncavunculo
450 3003 512 3055 suo,
533 2998 598 3044 tunc
613 2989 761 3046 Remorum
785 2992 1005 3066 archiepiscopo,
1022 3011 1137 3103 crenus
1151 3022 1167 3060 a
1181 3021 1249 3077 paee
1277 3005 1433 3063 consordtae
1461 3020 1605 3079 nunquam
1640 3005 1761 3062 recedat,
1790 3005 1865 3061 Unda

198 3076 301 3133 ibidem
332 3076 465 3133 diaconus
492 3088 679 3139 consecratus.
707 3088 734 3136 et
754 3080 839 3136 abbas
854 3084 1006 3140 monacho·
1058 3094 1219 3151 terribiliter
1240 3094 1342 3151 Paulus
1367 3095 1509 3165 admonet,
1523 3094 1639 3151 dicens:
1656 3099 1752 3152 Pacem
1772 3099 1864 3169 semti-

200 3183 258 3222 tum
273 3167 307 3222 ad
334 3166 486 3242 regularem
515 3166 641 3223 Ordinem
670 3168 821 3224 lenessdum
851 3178 879 3226 el
904 3172 1007 3245 ssiibef'·
1056 3186 1197 3240 misticum
1209 3185 1343 3251 omnibus,
1363 3189 1388 3239 gi
1411 3186 1629 3250 sanctimoniam,
1652 3187 1866 3256 gingquammp

200 3255 683 3328 nandumconstitutioneepiscopali
694 3257 1008 3332 estordinatus;quem·
1056 3273 1159 3328 videbit
1175 3275 1256 3328 neum
1281 3273 1370 3343 (flepr,
1397 3288 1446 3337 χῃ,
1460 3273 1517 3341 14),
1545 3272 1688 3345 pfaeetpug
1704 3282 1799 3330 amem
1815 3289 1864 3331 ,ως

200 3361 255 3417 que
283 3346 320 3401 ita
346 3343 511 3401 humilitatis
527 3352 622 3400 tenore
638 3344 781 3413 nutritum,
801 3348 1008 3406 ethumilitatis
1057 3379 1117 3420 eam
1132 3381 1243 3421 servare
1271 3373 1301 3421 ec
1320 3365 1461 3438 persequi,
1493 3365 1521 3420 id
1549 3373 1602 3433 est,
1631 3365 1754 3438 perfecte
1784 3366 1862 3439 aequi

200 3435 447 3508 ¹⁰⁰¹¹¹¹¹³PP⁰²0i02
474 3441 502 3489 el
529 3442 626 3489 ῐῡῦθῑθ
655 3432 726 3488 Velle
755 3434 882 3504 iniimus,
909 3445 940 3492 ut
968 3436 1008 3493 illi
1056 3452 1202 3520 debemus,
1218 3453 1266 3526 qui
1295 3453 1350 3510 beo
1380 3453 1505 3526 quotidie
1529 3452 1686 3511 sacrificare
1715 3454 1861 3520 debemus,

201 3531 230 3579 θῑ
259 3524 390 3579 ⁰¹¹¹⁰lb¹¹⁸
414 3522 547 3595 scriplum
578 3531 620 3577 0⁸¹
634 3540 641 3577 ¹
655 3523 685 3580 εἰ
712 3525 827 3593 ⁵1³5?le
849 3531 1007 3595 Pdfilstlem
1057 3551 1085 3600 et
1103 3545 1223 3601 Veritate
1243 3552 1417 3602 contestante
1442 3545 1602 3617 specialiter
1631 3547 1710 3619 qnasi
1736 3547 1864 3620 praecipi-

201 3616 484 3672 beiiissaiimdeii'i
508 3630 586 3684 super
610 3618 644 3679 lb
675 3617 761 3671 &icum
785 3620 861 3672 tecm
875 3619 1005 3675 didimi·
1056 3649 1128 3701 mur,
1160 3643 1190 3689 nt
1212 3635 1235 3689 si
1250 3633 1398 3691 offeramus
1422 3651 1525 3693 munus
1546 3644 1670 3691 nostrum
1700 3635 1735 3691 ad
1764 3635 1861 3702 altare,

201 3707 268 3760 ⁸⁶²?ss
292 3705 386 3774 (Eccle.
412 3721 439 3775 Χ,
463 3702 501 3773 2).
530 3704 651 3774 Sill'i'lus
679 3704 753 3759 essim
782 3709 937 3774 Wfilaiem
956 3708 1008 3762 M·
1057 3729 1085 3778 et
1098 3721 1136 3776 ibi
1148 3722 1283 3779 recordati
1307 3721 1441 3780 fuerimus
1461 3724 1528 3796 quia
1551 3723 1634 3779 frater
1657 3730 1753 3779 noster
1780 3723 1863 3780 habat

202 3799 287 3855 lentis
314 3798 426 3871 spiritus
452 3804 495 3853 ost
516 3797 668 3869 superbiae,
697 3799 774 3857 iocus
797 3808 888 3857 antem
915 3809 1008 3858 noster
1056 3809 1161 3882 aliquid
1180 3810 1326 3867 adversum
1341 3826 1402 3879 nos,
1430 3812 1619 3884 relinquamus
1642 3811 1682 3866 ibi
1697 3827 1800 3867 munus
1814 3826 1865 3868 ns-

201 3891 342 3949 humilitas
365 3898 418 3959 est,
447 3906 558 3964 quanta
577 3907 608 3948 se
634 3907 699 3948 vere
725 3891 803 3950 locus
830 3894 964 3963 munitus,
979 3904 1007 3952 et
1056 3908 1142 3955 strum
1158 3907 1221 3955 ante
1240 3899 1338 3968 altare,
1355 3909 1488 3957 eteamua
1502 3901 1579 3974 prius
1599 3900 1774 3957 reconciliari
1791 3901 1863 3962 fratri

202 3984 285 4040 turris
308 3983 479 4041 fortitudinis
503 3998 553 4040 nos
580 3985 788 4054 discercjubet.
810 3989 910 4043 Discite
923 4004 941 4043 a
955 4003 1007 4058 me,
1057 3997 1163 4056 nostro,
1179 3997 1206 4045 et
1219 3989 1439 4046 tuncvenientes
1461 3989 1720 4046 offeramusmunus
1741 3999 1864 4045 nostrum

202 4075 340 4149 inquiens,
364 4078 431 4147 quio
444 4078 519 4131 mitis
545 4091 616 4142 sum,
636 4081 661 4131 et
675 4077 786 4134 humilis
806 4079 884 4134 corde
899 4081 1006 4149 (dietih.
1057 4079 1166 4148 (diuiti.
1182 4095 1208 4145 v,
1223 4077 1269 4147 23,
1280 4079 1337 4150 bil.
1351 4079 1531 4134 Ecceductor
1545 4087 1573 4133 et
1583 4076 1680 4133 doctor
1690 4089 1788 4135 noster
1800 4078 1866 4135 adi·

202 4181 239 4230 xv,
259 4162 313 4233 29).
341 4165 482 4245 Quemque
507 4177 556 4234 pro
584 4162 646 4218 loco
674 4170 733 4218 tuto
759 4172 856 4220 contra
880 4166 1008 4224 elationis
1057 4165 1253 4223 scordastibus
1267 4183 1324 4223 non
1339 4167 1397 4224 vult
1411 4167 1539 4239 accipere
1548 4165 1864 4235 sacrificium,boloeau·

202 4269 234 4309 ac
250 4254 389 4323 jactantiae
415 4253 540 4326 spiritum
564 4252 707 4324 praefatum
735 4254 895 4328 religiosum
920 4258 1008 4314 virum
1058 4261 1130 4308 stum
1146 4254 1289 4326 suscipere
1305 4261 1422 4312 recusat.
1434 4255 1482 4311 llic
1492 4269 1558 4330 ergo
1566 4253 1800 4326 perpendendum
1813 4261 1864 4321 est,

202 4346 304 4402 obnixe
320 4355 417 4403 tenere
442 4344 513 4401 veile
539 4343 704 4413 audivimus,
718 4355 745 4403 et
770 4362 820 4418 pro
846 4355 921 4405 certo
948 4365 1008 4406 ere-
1059 4353 1193 4418 quantum
1209 4347 1244 4402 sit
1259 4347 1361 4403 malum
1382 4346 1738 4419 discordiae,propterquod
1753 4354 1782 4402 et
1796 4346 1865 4402 illud

202 4434 303 4502 dimus,
319 4443 348 4491 et
370 4434 473 4490 idcirco
497 4432 681 4490 discredimus
704 4435 754 4492 ism
779 4435 901 4508 capitula
925 4438 960 4492 ab
973 4453 1007 4496 eo
1060 4448 1116 4490 non
1132 4435 1296 4504 admittitur,
1311 4436 1867 4510 perquodculpaiaxatur.tionenimnos

203 4529 338 4591 confecta,
370 4525 435 4600 quia
455 4524 646 4596 pretermissis
681 4525 798 4583 aliomm
824 4529 1008 4586 consacerdo·
1059 4527 1192 4583 adversus
1206 4527 1426 4586 iratresnostros
1441 4529 1585 4596 babemus,
1600 4527 1867 4585 sitaliacontranos

203 4630 261 4677 tum
275 4619 445 4688 nominibus,
467 4617 554 4675 solius
577 4616 682 4673 Ebonis
707 4632 808 4674 nomen
832 4634 894 4674 cum
919 4619 1009 4676 arciri·
1059 4628 1123 4677 ante
1139 4620 1316 4677 collationem
1326 4623 1517 4695 scripserunt;
1533 4622 1582 4678 sed
1597 4622 1768 4678 credendum
1781 4627 1834 4689 eat,
1844 4620 1867 4675 si

202 4715 341 4788 episcopis
367 4721 410 4769 est
432 4712 535 4769 ibidem
561 4712 704 4781 jactanter,
735 4721 764 4768 ut
786 4711 952 4785 quibusdam
967 4714 1009 4770 vi·
1057 4713 1105 4769 ilia
1121 4714 1307 4785 scripsissent,
1320 4717 1355 4770 ad
1371 4730 1422 4772 nos
1436 4722 1532 4772 eontra
1547 4729 1616 4788 quos
1629 4713 1677 4769 iiia
1686 4713 1868 4786 scripserant,

203 4811 293 4877 detur,
318 4823 489 4880 expressum.
518 4806 639 4877 litquod
665 4822 747 4877 quam
775 4807 894 4864 maxime
914 4808 1008 4865 inboc
1058 4805 1287 4862 transmisissent.
1316 4808 1395 4865 bunc
1428 4806 1592 4864 autemillis
1612 4803 1870 4879 quomodorescri·

203 4901 263 4973 ipse
285 4897 506 4964 collaboraverit,
534 4897 652 4968 quasie
688 4896 800 4972 regione
823 4899 859 4954 sit
884 4915 1007 4967 sensum,
1058 4894 1124 4950 bere
1140 4909 1295 4966 possumus,
1311 4912 1374 4952 cum
1401 4904 1491 4952 utrum
1516 4896 1563 4951 illa
1578 4894 1741 4967 scripserint
1756 4893 1869 4967 ignore-

204 4999 234 5046 ut
257 4990 340 5047 etiam
362 5004 424 5045 cum
459 4986 676 5059 archiepiscopis
709 4988 796 5057 major
832 4990 949 5057 ceteris,
981 4998 1009 5046 et
1058 4988 1145 5044 musi
1160 4989 1353 5046 Verumtamen
1377 4991 1488 5046 nesinc
1511 5004 1644 5064 responso
1663 4997 1865 5046 nostrovestra

204 5081 353 5139 doctioris
368 5077 607 5136 sententiafucrit.
1058 5079 1211 5136 dominatio
1226 5089 1348 5150 maneat,
1378 5083 1458 5139 vobis
1486 5082 1522 5138 de
1533 5083 1613 5155 cujus
1625 5097 1708 5137 manu
1724 5080 1773 5135 iila
1787 5095 1869 5136 acce·

242 5194 252 5221 ι
276 5172 332 5227 iioc
345 5169 420 5226 enim
447 5169 482 5225 dc
509 5173 606 5225 sancto
632 5167 795 5242 Augustino,
812 5169 860 5240 qui
888 5168 916 5223 in
941 5184 1009 5226 con·
1059 5173 1161 5246 pimus,
1170 5173 1264 5242 corde,
1281 5188 1329 5230 ore
1349 5183 1377 5231 et
1391 5175 1462 5248 stylo
1477 5190 1533 5232 uon
1548 5174 1730 5232 fonnidantea
1746 5188 1869 5245 carpen-

202 5262 273 5318 ciiiis
294 5261 427 5319 Africanis
451 5260 585 5330 scientia,
613 5268 641 5316 ct
670 5259 784 5327 labore,
816 5275 848 5316 ac
868 5260 1010 5334 vigilantia
1059 5263 1194 5329 tiumnos,
1206 5262 1415 5340 derogationem
1426 5263 1688 5337 [ms,dcrogationi]
1697 5265 1878 5337 respondem

204 5355 292 5424 major
301 5353 417 5418 asstitit,
434 5368 609 5426 nequaquam
634 5353 800 5408 invenimus.
827 5352 893 5407 Nam
909 5361 937 5408 et
950 5352 1010 5424 ipse
1059 5369 1197 5410 curamus.

202 5451 313 5500 sanctus
339 5443 508 5517 Augustinus
533 5457 587 5497 non
616 5441 704 5497 solum
726 5456 756 5496 sc
786 5441 893 5497 caeteris
915 5442 1010 5513 coepi·
1096 5447 1214 5503 -i’rimo
1226 5447 1331 5504 scilicet
1345 5447 1491 5504 mittentes
1507 5462 1551 5512 ea,
1567 5463 1629 5520 quaa
1644 5445 1678 5502 ab
1692 5447 1799 5504 eisdem
1816 5449 1881 5504 fra·

201 5540 304 5611 scopis,
331 5539 461 5610 privatam
487 5536 601 5610 gloriam
627 5550 764 5608 qumrens,
791 5551 845 5591 non
875 5535 1006 5608 praetuiit.
1059 5535 1147 5592 tribus
1162 5535 1264 5593 nostris
1279 5537 1307 5591 in
1330 5537 1437 5610 synodo
1463 5536 1620 5608 conscripta
1635 5535 1718 5591 fuisse
1728 5536 1880 5611 leguntur,

200 5646 253 5687 nec
275 5625 400 5701 praeferri
421 5625 548 5699 permisit
571 5644 579 5693 ;
609 5642 704 5682 vemm
728 5640 758 5682 se
771 5624 833 5682 aliis
851 5626 1008 5699 supposuit,
1059 5625 1201 5683 lieetbiuc
1219 5626 1377 5695 antea,alia
1400 5626 1487 5684 fuisse
1508 5626 1665 5698 conscripta
1683 5627 1872 5709 reperiantur,
