3848 6106
51 241 105 297 tat
300 241 341 294 lta
360 239 489 295 tttlltlstt
508 197 691 294 turnultus
711 239 796 293 ntutrr
818 238 952 294 ttttllntl
970 237 1087 294 Gustrs
1108 238 1195 294 croht
1214 237 1281 294 xlv,
1300 267 1336 280 -·
1356 237 1416 291 cla.
1438 237 1470 291 X.
1665 236 1719 289 ‘tta

52 372 176 438 Ducitur,
192 371 362 443 indutusque
379 371 424 441 pio
436 370 583 425 decoratur
596 370 710 435 amictu,

53 460 185 515 Erebitur
199 460 296 521 sacris,
312 459 440 528 diraeque
456 458 609 512 admittitur
622 475 685 523 arae,

50 549 152 604 Sancto
168 548 316 623 insignitur
329 547 424 617 superi
438 547 603 603 charismate
618 547 695 614 doni,

52 643 169 713 Quoque
179 640 352 696 redundabat
367 638 496 710 perinsus
512 639 623 694 flamine
638 655 757 702 summo,

54 731 159 786 Pracsul
174 730 333 801 apostolicae
346 727 491 800 praefertur
504 729 611 784 honore
625 728 773 783 cathedra.

53 827 186 881 Fascibus
204 832 231 880 et
242 825 343 897 dignus
354 824 438 896 digne
449 823 503 878 sibi
515 824 621 879 credita
636 830 744 888 tractat,

54 923 182 994 itumque
192 927 380 990 reprensusut
393 919 507 994 indigne
521 926 574 974 tam
590 919 675 991 digna
690 918 812 973 refutans

54 1011 187 1080 tlulpatur
200 1010 283 1064 deses
297 1008 376 1080 quasi
392 1008 550 1064 Rauennate
559 1008 677 1069 Ioanne,

53 1101 124 1171 Apta
138 1099 277 1169 rependit,
292 1113 364 1168 opus
373 1096 499 1152 condens
512 1098 670 1168 pastoribus
682 1105 777 1167 aptum

54 1194 196 1255 Ecclesia,
214 1193 366 1264 panditque
381 1192 495 1258 decens,
512 1199 541 1246 ut
555 1192 648 1248 rivere
663 1200 764 1258 rector,

53 1288 144 1357 Atque
157 1287 257 1341 docere
268 1285 377 1351 babeat,
388 1300 449 1340 sese
464 1301 585 1349 servare,
603 1301 735 1357 suosque,

54 1381 142 1444 Quam
158 1386 248 1444 caute,
264 1394 346 1449 quam
362 1377 491 1443 discrete,
505 1393 587 1449 quam
602 1379 684 1453 degat
703 1379 831 1439 honeste.

55 1470 124 1523 lnde
136 1485 189 1524 nec
204 1469 312 1524 absistit
322 1469 444 1533 monitis,
460 1468 628 1541 scriptisque
642 1468 753 1534 docere,

55 1561 205 1631 Appositcs
218 1576 250 1615 ac
265 1560 402 1631 sepositos
419 1567 497 1615 vocat
510 1575 557 1615 ore
574 1576 725 1631 manuque,
814 1538 828 1559 ’

54 1651 201 1722 Exemplo,
217 1653 356 1724 verboque
370 1652 496 1723 polorum
509 1652 544 1706 ad
559 1652 680 1706 culmina
693 1652 818 1713 ductans,

55 1740 161 1794 rhetica
175 1739 503 1811 disponenspersubdita
518 1741 723 1807 luminncorda,

57 1833 222 1903 Enodatque
237 1832 326 1886 latens
342 1833 428 1887 thecis
438 1833 596 1888 celantibus
608 1849 716 1898 aurum,

56 1925 182 1980 Virtutes
199 1933 277 1980 notat
288 1923 409 1992 indiciis,
424 1925 537 1996 tritaque
551 1926 673 1995 priorum

58 2018 170 2085 Pandit,
181 2024 209 2072 et
221 2033 354 2072 exercens
363 2028 451 2072 armat
465 2018 633 2091 decoratque
648 2026 781 2086 catervas,

55 2112 182 2167 flamine
196 2121 305 2183 sumpta
319 2113 364 2183 pio
373 2113 436 2169 diro
448 2115 570 2184 repletus
582 2114 617 2169 ab
629 2130 676 2170 ore

56 2201 162 2256 Pabula
175 2202 221 2256 dal
235 2201 373 2275 gregibus.
389 2202 613 2257 l'eslaturscriba
626 2203 764 2266 minister,

55 2289 199 2344 Dictorum
213 2297 358 2359 exceptor,
372 2297 500 2363 retegens
516 2291 602 2347 livore
618 2301 730 2346 coactus

55 2379 291 2440 Obtrectatorum.
308 2395 370 2450 quae
386 2379 444 2434 visa
459 2396 560 2435 arcana
581 2381 704 2452 probarit

55 2468 166 2539 Scripta
181 2468 286 2530 Petrus,
302 2483 404 2538 supero
416 2467 522 2535 afflatu,
535 2486 570 2525 ne
581 2470 641 2526 lusa
650 2477 818 2536 crementur,

54 2553 142 2609 llorte
155 2564 295 2622 secutura,
306 2556 407 2625 juvans
422 2573 452 2611 se
468 2559 590 2628 pandere
610 2560 679 2627 visa,

57 2647 168 2717 Quique
184 2646 267 2702 tidem
283 2646 388 2704 taciens
398 2658 504 2705 secreta
520 2659 549 2706 ut
563 2651 678 2726 detegit,
691 2651 788 2710 elllat:

58 2738 122 2793 Post
139 2739 226 2809 patris
239 2740 298 2794 baee
312 2740 431 2807 obitum,
447 2742 549 2797 vetitus
561 2743 683 2810 vivente,
701 2745 829 2800 revelans

60 2830 93 2886 bt
111 2832 177 2886 nive
192 2832 337 2888 candidior
347 2834 430 2905 capiti
443 2835 562 2890 residere
577 2835 706 2891 columba

59 2921 254 2991 transpuncto
268 2929 418 2976 monstrata
431 2922 493 2993 styli
511 2924 694 2979 terebramine
709 2925 769 2981 velo

60 3013 177 3084 llyslica
191 3012 323 3068 coelorum
338 3013 403 3067 dum
416 3014 520 3088 colligit
530 3031 634 3090 organa
650 3034 751 3088 praeco,

59 3104 115 3158 bre
130 3104 245 3159 trahens
259 3103 352 3174 superi
368 3103 460 3158 divina
474 3106 620 3178 aenigmata
636 3107 733 3173 nostri,

58 3195 223 3251 bromatum
237 3203 342 3250 reserat
356 3197 437 3266 queis
447 3196 598 3253 Esechielis
611 3204 718 3269 operta,

60 3285 211 3341 Nonillum
226 3302 345 3351 marcor,
356 3302 412 3343 non
422 3287 548 3344 febribus
558 3289 657 3345 insitus
674 3290 766 3356 ardor,

61 3375 175 3430 Viscera
188 3376 232 3430 rel
247 3376 360 3433 concisa
373 3377 463 3446 dolor,
478 3394 528 3434 seu
543 3379 687 3454 gressibus
702 3381 821 3446 haerens,

63 3462 230 3524 Sollicitudo
245 3470 335 3538 urbis,
346 3471 490 3527 charorum
507 3489 573 3528 cura
588 3473 721 3529 clientum

68 3555 142 3611 llaad
157 3568 268 3616 reuocat
280 3562 392 3633 caeptis,
404 3569 431 3617 et
443 3564 528 3618 eorda
543 3571 571 3618 et
586 3579 702 3635 corpora
718 3573 805 3631 curat,

71 3646 129 3704 Pata
143 3651 236 3724 inopis
252 3655 363 3710 horrore
377 3654 458 3711 lamis
473 3656 590 3727 periisse
607 3659 692 3728 putati

879 379 901 443 ,q
914 373 1000 442 Atque
1015 371 1064 426 bei
1074 370 1171 425 laudes
1185 377 1267 424 cantu
1282 370 1446 440 depromere
1461 368 1555 440 digna,

913 464 1037 519 Tendere
1052 478 1107 534 quo
1120 477 1245 535 gressum
1256 463 1352 517 doctor
1366 462 1499 533 verbique
1514 460 1641 515 minister

916 548 1166 620 rlpproperatlieri,
1181 550 1284 620 populo
1299 552 1455 605 retrahente
1471 556 1603 614 moratus,

915 641 991 693 Stare
1007 639 1067 694 loco
1082 639 1179 695 nolens
1197 639 1277 711 discit
1289 639 1405 694 saliente
1420 640 1527 693 locusta

916 731 961 784 ¹tst
977 730 1023 784 ubi
1040 744 1121 800 posse
1130 729 1234 785 reterre
1247 730 1324 800 pium
1334 728 1386 785 lert
1399 729 1486 784 inlula
1497 729 1578 794 votis,

916 821 1053 878 dlmilrcos
1068 823 1140 895 legat
1153 824 1245 878 colere
1263 823 1322 878 lraec
1336 822 1439 877 inculta
1454 823 1579 889 colonos,

917 916 1078 989 Expugnare
1088 916 1163 985 seris,
1180 917 1294 972 ditanda
1309 917 1518 988 nor'aliaspinis,

916 1004 1012 1060 Cordis
1022 1022 1100 1062 arare
1114 1006 1203 1062 solum
1216 1007 1345 1076 perculta
1361 1021 1471 1061 veniere
1484 1005 1598 1079 linguae,

918 1097 989 1151 llura
1001 1098 1107 1168 replere
1122 1099 1173 1153 sati
1186 1099 1353 1153 cumulando
1367 1099 1474 1153 semine
1491 1097 1582 1167 verbi,

918 1189 979 1258 lpse
995 1189 1193 1259 quod-emittit,
1215 1191 1362 1261 pluresque
1378 1187 1480 1243 relerrc
1499 1187 1636 1257 maniplos

919 1282 952 1336 Ut
965 1283 1064 1347 valeat,
1074 1281 1167 1336 studet
1182 1281 1300 1345 hortatu,
1318 1280 1502 1351 precibusque
1519 1280 1634 1343 laborat,

919 1372 1134 1443 liuneribusque
1145 1373 1233 1441 juvat,
1249 1372 1380 1428 miracula
1394 1373 1472 1443 plura
1488 1379 1621 1442 parentur

919 1466 1026 1537 legatis
1038 1472 1159 1536 praestat,
1174 1472 1284 1538 gentem
1296 1481 1358 1520 cum
1370 1464 1495 1535 principe
1510 1465 1608 1519 salvat.

920 1560 1004 1615 taius
1014 1568 1096 1631 atque
1110 1577 1205 1631 parum
1218 1560 1295 1633 regni
1309 1575 1420 1615 curasse
1433 1560 1551 1614 salutem
1566 1576 1574 1623 3

920 1653 1035 1721 lnsuper
1048 1652 1288 1725 augenturpopuli
1301 1666 1437 1723 regesque
1452 1648 1601 1720 propinqui
1617 1665 1625 1711 ;

881 1742 905 1810 Β
922 1742 1039 1795 Barbara
1054 1741 1136 1795 corda
1147 1740 1220 1795 seras
1233 1741 1343 1795 discunt
1352 1740 1493 1809 deponere
1505 1746 1612 1793 mentes
1626 1754 1632 1791 :

922 1834 1095 1905 barbaraque
1107 1849 1156 1888 ora
1173 1833 1218 1887 bei
1233 1832 1512 1902 certantdepromere
1527 1831 1642 1885 laudes:

922 1923 1058 1977 Sternitur
1072 1922 1171 1978 Oceani
1189 1921 1295 1992 piasub
1310 1921 1426 1995 vestigia
1439 1919 1526 1975 fastus
1542 1937 1549 1984 ;

923 2015 1051 2070 lndomiti
1065 2014 1148 2079 terro,
1165 2015 1223 2068 miti
1237 2029 1365 2070 sermone
1379 2015 1528 2069 domantur
1542 2031 1550 2079 ς

924 2107 1160 2177 ltellisintrcpidh
1177 2113 1304 2161 metuunt
1320 2123 1370 2178 per
1388 2106 1472 2160 rerba
1486 2105 1565 2178 ligari
1581 2127 1587 2167 ;

922 2199 941 2252 'l
943 2216 1020 2254 orrea
1035 2199 1202 2269 despiciunt,
1218 2197 1342 2253 caelestia
1356 2196 1499 2251 mentibus
1513 2195 1610 2250 ardent
1631 2213 1637 2248 :

924 2292 1007 2358 liujus
1021 2307 1084 2362 quae
1100 2290 1204 2343 meritis
1219 2290 1499 2358 clarescuntprrestita
1513 2287 1600 2341 Patris

923 2381 972 2445 Qui
985 2380 1085 2434 merito
1100 2379 1175 2454 genti
1188 2379 1311 2433 sancitur
1322 2377 1468 2449 Apostolus
1478 2376 1528 2431 illi.

924 2475 1039 2546 lnsuper
1053 2480 1080 2528 et
1101 2487 1201 2544 pucros
1215 2472 1339 2541 ejusdem
1347 2472 1438 2545 gentis
1449 2471 1563 2525 abactos

924 2568 1048 2623 Externis
1064 2566 1152 2637 pretio
1171 2565 1312 2620 redimens
1329 2564 1491 2640 regionibus
1506 2570 1581 2634 aptat

924 2659 1042 2714 AEtlrerci
1058 2657 1129 2713 lotos
1143 2655 1218 2722 lirlei,
1233 2672 1392 2728 superoque
1407 2656 1511 2710 decori.

925 2751 1058 2805 Sardinia
1071 2765 1183 2821 quoquc
1199 2747 1326 2804 ruricolis
1337 2763 1431 2803 errore
1445 2755 1551 2802 vetusto

926 2848 993 2901 Dum
1008 2846 1081 2900 volet
1097 2844 1210 2911 inrolri,
1224 2844 1302 2918 pigra
1319 2844 1445 2914 praesulis
1455 2844 1581 2913 increpat
1594 2856 1653 2907 ora,

927 2938 1004 3003 Quod
1020 2939 1091 2993 rotis
1104 2936 1222 2992 cessisse
1237 2935 1358 3006 probans
1374 2936 1419 3006 pia
1433 2951 1549 2990 munera
1562 2934 1643 2988 lucis.

888 3070 913 3137 C
928 3035 1046 3092 Proinde
1063 3034 1185 3090 liebraeis
1199 3033 1310 3105 rapiens
1322 3033 1356 3087 ad
1371 3033 1467 3088 coelica
1480 3032 1564 3087 donis

928 3127 1192 3199 ltrnatuqueanimm
1208 3125 1344 3181 decorans
1363 3133 1390 3180 ct
1403 3126 1528 3180 vestibus
1543 3141 1645 3180 ornans

927 3218 1041 3285 insuper
1055 3222 1082 3269 et
1096 3214 1190 3286 pueris
1204 3215 1310 3269 heresis
1325 3229 1395 3285 quos
1409 3215 1469 3268 dira
1483 3212 1593 3269 lovebat

926 3305 1012 3360 Patris
1026 3303 1170 3359 sollicitam
1185 3302 1285 3378 satagit
1300 3303 1473 3373 praetendere
1488 3318 1590 3358 curam.

926 3395 1014 3448 Sentit
1024 3401 1052 3448 et
1066 3392 1205 3464 llesperiae
1221 3393 1335 3447 rectoris
1343 3392 1466 3467 tegmina
1481 3393 1572 3458 tellus,

928 3483 1096 3554 Ereptasque
1111 3481 1194 3535 urbes
1204 3479 1302 3552 recipit
1315 3481 1438 3535 llomana
1452 3489 1582 3551 potestas.

930 3572 1068 3627 Laudibus
1082 3571 1148 3626 hinc
1158 3571 1254 3625 laudes
1268 3570 1412 3626 cumulans
1421 3570 1549 3625 centonis
1556 3576 1583 3623 ct
1598 3569 1683 3623 instar

930 3665 1057 3719 Carmina
1070 3663 1273 3751 comprendens
1286 3663 1380 3717 divina
1395 3662 1536 3717 volumina
1551 3661 1624 3736 cogit

70 3737 161 3806 flexit,
178 3750 208 3798 ut
223 3746 390 3802 exstinctum
406 3748 519 3818 propria
531 3765 614 3820 quem
631 3749 707 3804 carde
736 3757 879 3805 necasset:
931 3755 1088 3819 Sacrorum,
1118 3759 1201 3825 atque
1229 3766 1328 3823 preces
1349 3752 1494 3808 cumulans
1518 3766 1573 3823 quo
1598 3766 1674 3805 sacra
1688 3767 1737 3823 ge-

76 3825 192 3903 b'ndique
206 3833 332 3890 collectis
346 3842 373 3890 et
386 3851 441 3907 quo
455 3852 616 3892 succurrere
632 3839 729 3909 possit,

74 3913 269 3996 Quinquaginta
282 3923 361 3977 libris
375 3925 514 3995 quondam
531 3925 668 3980 frumenta
677 3927 791 3997 pararit.

74 4005 144 4066 bunt
161 4014 288 4084 poscenti
303 4015 445 4070 tribuebat
460 4034 467 4076 :
484 4032 578 4072 amore
595 4017 707 4072 tenebat

72 4094 109 4153 b'il
125 4102 256 4158 detentus
267 4118 362 4175 opum,
379 4105 477 4176 probat
494 4106 667 4161 idheremita
682 4107 802 4162 nutritor

71 4183 221 4265 Hurierpts,
234 4195 336 4251 comite
351 4196 405 4251 hoc
418 4203 578 4262 contentus,
596 4206 623 4252 ct
633 4198 826 4253 onrniamundi

69 4273 174 4336 Caetera
182 4283 354 4354 despiciens,
369 4293 472 4341 sortem
489 4302 629 4358 praenosse
645 4298 784 4359 precatus,

69 4355 291 4440 betorniacum
303 4373 446 4447 Gregorio,
462 4375 508 4431 cni
522 4376 611 4448 gloria
620 4391 735 4432 consors

68 4447 197 4532 Eligitur,
210 4480 262 4521 nec
275 4481 376 4539 magna
388 4474 488 4539 putans
501 4468 688 4539 quiprospera
699 4468 772 4522 secli

67 4537 239 4626 Temperat,
254 4576 316 4615 esse
332 4577 426 4631 parem
437 4562 534 4618 mundi
549 4563 699 4633 splendore
714 4563 816 4617 cluenti

70 4633 176 4719 bccipit
192 4651 266 4707 hunc
282 4669 358 4728 gazae
376 4654 476 4709 melius
490 4662 607 4710 tractare
622 4648 723 4710 talenta

71 4719 127 4791 Nec
139 4738 192 4793 sibi
209 4741 277 4811 quin
287 4742 350 4797 aliis
364 4745 447 4799 lutari
466 4745 613 4800 commoda
627 4745 689 4799 ritae

71 4812 156 4881 burm
168 4829 324 4886 solatricem
337 4831 392 4886 sibi
402 4848 432 4888 se
447 4833 600 4889 defendere
614 4840 713 4888 cattam

72 4904 123 4969 Qui
141 4925 234 4993 gratos
247 4920 372 4977 reterens
388 4924 524 4994 promissa
537 4925 681 4995 implerier
695 4931 765 4989 orat,

76 4993 107 5056 El
116 5024 177 5065 cum
188 5011 321 5087 Gregorio
335 5014 404 5071 locis
418 5016 471 5071 sibi
486 5017 596 5073 domata
612 5017 688 5074 terri.

1597 3843 1703 3913 [rantur

933 3937 1055 3992 lnsinuat
1070 3936 1277 3999 retundentes
1292 3936 1407 4008 mystica
1416 3935 1507 3990 rullus

931 4030 1062 4093 Perculit,
1080 4037 1163 4101 atquc
1179 4028 1268 4085 oculis
1279 4029 1408 4100 mysteria
1423 4029 1558 4103 sanguine
1573 4029 1666 4099 pandit

933 4119 1035 4184 ltubea,
1052 4118 1213 4190 carnalique
1224 4116 1391 4173 refertsaera
1405 4134 1505 4173 carnea
1516 4117 1602 4180 rrorrli,

931 4208 1132 4279 Triticcamquc
1143 4206 1224 4261 docet
1238 4205 1337 4261 mutari
1350 4205 1469 4261 incarne
1480 4206 1608 4273 farinam,
1698 4276 1702 4287 λ

933 4302 969 4352 hc
982 4300 1168 4373 ligrrocretum
1190 4297 1312 4353 converti
1328 4297 1356 4351 in
1369 4299 1607 4371 sanguinarinum
1624 4316 1631 4361 ;

935 4388 995 4442 llaec
1008 4386 1099 4442 carnis
1114 4401 1244 4458 promens
1259 4385 1348 4442 oculis
1358 4386 1406 4441 uhi
1423 4396 1533 4458 pectora
1544 4389 1643 4453 lirmat,
1664 4386 1667 4390 ’

906 4447 918 4508 )
934 4485 963 4538 ln
980 4485 1096 4555 priscam
1106 4488 1213 4553 reparat
1227 4479 1451 4535 divinalitamina
1467 4481 1598 4543 formam:
1695 4538 1697 4543 s

934 4575 989 4628 Nec
1003 4570 1215 4645 minusegrcgie
1231 4570 1364 4640 pallarum
1377 4569 1484 4639 prodita
1500 4571 1618 4639 pannis:
1694 4564 1697 4568 ‘
1721 4632 1724 4637 Δ

934 4664 1152 4737 Sanguinequos
1169 4677 1246 4716 sacro
1258 4669 1366 4715 secreto
1381 4677 1412 4714 :rc
1424 4660 1523 4715 robore
1542 4661 1663 4731 supplet,

935 4754 1054 4809 lluneris
1064 4761 1091 4807 cl
1106 4751 1206 4806 summi
1223 4750 1296 4806 dono
1307 4749 1415 4824 delegat
1428 4749 1531 4820 opimo,

934 4845 1179 4898 bsscasanctorum
1196 4839 1335 4912 poscentis
1350 4838 1465 4914 pignora
1475 4839 1576 4902 missis,

935 4938 1007 5000 Quos
1017 4943 1120 4990 temere
1136 4935 1275 5004 inspectos
1289 4932 1372 4986 nimis
1387 4930 1557 5004 indigneque
1574 4939 1690 4987 retectos

936 5026 972 5079 rte
985 5024 1065 5078 nihili
1075 5025 1172 5078 ductos
1187 5021 1290 5093 patenti
1308 5029 1400 5076 mente
1416 5028 1553 5087 retrectat,

77 5094 131 5164 Nec
142 5112 225 5168 modo
238 5121 399 5184 presentes,
412 5115 507 5186 procul
522 5115 566 5169 bic
580 5115 648 5186 quin
664 5115 749 5170 nutrit
762 5125 884 5186 egentes,
936 5122 1023 5191 Atque
1035 5134 1132 5188 preces
1147 5117 1293 5191 geminans
1308 5133 1407 5172 arcana
1422 5115 1558 5187 stupenda
1570 5114 1681 5175 revelat,

79 5185 233 5259 bonrtcotts
247 5213 343 5261 notum
357 5206 430 5262 Sinai
441 5208 516 5279 quod
532 5222 601 5277 rupe
617 5207 743 5269 remotis,

79 5279 184 5351 0teano
197 5311 310 5369 quoqne
324 5298 422 5354 divisis
438 5306 495 5355 toto
511 5299 579 5355 orbe
594 5300 741 5353 Britannis,

78 5368 225 5454 Altglornm
239 5386 307 5442 dum
321 5394 414 5443 mente
428 5388 504 5458 capit
515 5404 585 5462 gens
600 5388 702 5458 pabula
721 5388 784 5444 coeli

77 5457 143 5529 (bre
156 5486 304 5551 conspecta
320 5478 380 5537 toro
396 5485 504 5536 texatur
517 5495 641 5553 congrua
653 5496 752 5556 regno,

76 5549 227 5626 ⁴vellenrla
235 5571 353 5640 umbris,
368 5572 560 5644 sacrandaque
572 5572 678 5628 lumine
693 5572 773 5638 lucis,

81 5636 230 5715 Educenda
244 5661 296 5727 ira,
312 5662 415 5732 pictate
431 5663 553 5718 vocanda
571 5678 702 5733 superna,

233 5792 383 5853 Parnon.
410 5792 577 5854 CXXXV.

939 5215 1061 5285 bamque
1076 5219 1151 5268 secat
1163 5210 1247 5279 terro,
1263 5213 1327 5267 miri
1340 5212 1386 5267 dal
1400 5211 1472 5267 lluxa
1488 5210 1602 5266 cruoris.

940 5304 1055 5378 Legatos
1073 5301 1205 5372 stupidat,
1221 5303 1373 5374 sternitque
1388 5302 1423 5356 ad
1436 5309 1498 5356 rota
1515 5298 1620 5365 fideles,

943 5395 973 5450 Er
988 5394 1065 5465 prius
1079 5403 1186 5450 erectos
1201 5394 1296 5449 tribuit
1311 5394 1476 5448 benedicere
1491 5406 1594 5462 pronos

941 5485 978 5538 dc
990 5483 1103 5538 laudare
1115 5482 1201 5538 Deum
1218 5491 1272 5538 tam
1288 5483 1351 5537 dira
1366 5481 1485 5556 insignia
1501 5481 1624 5536 dantem.

943 5575 1054 5630 lustruit
1066 5575 1118 5630 boe
1132 5574 1218 5630 sacris
1232 5575 1307 5630 inter
1321 5572 1453 5627 libamina
1464 5571 1554 5644 pallas

941 5662 1000 5717 dris
1010 5662 1154 5733 applicitas
1164 5662 1259 5717 Christi
1274 5662 1321 5733 qni
1337 5661 1449 5716 nomine
1464 5661 1541 5716 lusus

1566 5796 1615 5854 ‘Er
