3840 6106
132 302 188 358 989
747 304 915 363 uetsrotn
933 308 973 364 ΕΤ
991 307 1188 364 utetotttui.
1747 300 1800 355 990

133 427 168 482 ad
184 426 348 483 ambiendos
372 428 492 483 honores
514 443 607 485 sacros
638 429 791 500 irrepserit.
813 432 941 490 Ordinato
954 443 979 509 Α
992 436 1073 492 vobis
1085 433 1389 508 placueritsseundum
1402 430 1517 501 justitiae
1528 430 1668 485 decretum
1681 432 1800 482 assecta

132 535 199 593 ergo
219 520 253 573 ad
280 520 393 576 ordines
421 519 626 575 ascendendum
661 529 712 578 est.
738 523 803 579 fiam
807 565 941 585 ......
994 528 1114 583 Romana
1139 526 1259 582 Ecclesia
1282 530 1430 589 statutum,
1455 520 1641 594 permanentis
1667 534 1730 589 eum
1752 518 1800 572 llel

133 613 167 669 od
196 629 303 669 summa
334 611 386 667 loci
413 610 524 684 fastigia
546 615 707 684 postpositis
731 616 864 690 gradibus
891 634 942 690 per
991 614 1337 672 benedictioneinunitete
1357 606 1800 669 nostraecatholicaecommunio·

133 706 252 776 abrupte
283 704 382 776 quaerit
409 719 564 772 ascensum,
585 713 613 761 et
638 706 703 777 quie
732 709 940 766 Geruudensem
993 708 1168 764 nis.1nterea
1199 707 1287 763 sciant
1319 704 1396 778 regni
1423 703 1507 758 vostri
1524 699 1798 767 homines,maxime
1851 741 1854 745 .

136 791 283 847 Ecclesiam
299 792 359 846 sine
373 791 500 862 plebiset
515 793 610 864 populi
627 794 764 850 electione
778 796 939 868 episcopum
992 799 1151 861 nobiliores,
1177 795 1337 852 nominatim
1368 792 1560 865 berengarius,
1590 796 1618 844 ct
1645 786 1798 843 filiussuus

134 885 302 954 neophytum
319 889 508 937 consecratum
529 884 695 947 audivimus,
717 887 848 956 quonium
865 888 941 943 nulla
992 891 1109 947 conatus
1124 900 1152 946 et
1168 888 1233 945 lloel
1257 904 1318 943 cum
1344 886 1426 941 fratre
1441 899 1492 940 suo
1508 882 1642 944 Guerech,
1657 896 1718 936 cum
1742 895 1798 934 cae·

134 976 203 1029 ratio
219 975 284 1029 sinit
295 981 324 1029 ut
355 975 426 1029 inter
442 976 589 1047 episcopos
606 976 748 1044 habeatur,
775 978 849 1050 quod
865 995 941 1035 neca
992 984 1057 1039 teris
1073 982 1235 1051 majoribus,
1247 988 1277 1036 ut
1290 980 1313 1035 si
1336 988 1432 1036 contre
1454 976 1589 1048 justitiam
1605 973 1799 1030 inobedientes

134 1067 242 1123 clericis
255 1066 296 1121 sic
311 1067 425 1139 electus,
447 1082 500 1122 nec
513 1084 529 1123 s
540 1067 668 1139 plebibus
691 1070 841 1141 expetitus.
852 1072 942 1128 modis
993 1075 1096 1131 fuerint
1110 1073 1173 1129 huic
1188 1080 1288 1129 nostre
1298 1070 1428 1141 jussioni,
1441 1077 1468 1125 ct
1479 1067 1610 1124 contrarii
1625 1082 1674 1121 seu
1702 1062 1797 1119 rebel·

133 1162 262 1218 omnibus
277 1162 404 1218 volumus
431 1171 459 1217 et
470 1162 610 1231 jubemus,
640 1171 667 1219 et
692 1164 817 1234 ejusdem
842 1166 868 1221 S.
889 1166 942 1222 Ge-
992 1165 1033 1220 les
1048 1163 1201 1219 exstiterint
1220 1162 1352 1233 proedicto
1371 1159 1445 1214 fratri
1468 1165 1562 1214 nostro
1577 1144 1799 1223 furonensicpi·

134 1249 282 1305 rundensis
311 1249 439 1304 Ecclesiae
480 1251 606 1306 Allonem
636 1252 721 1306 virum
753 1254 940 1310 venerabilem
991 1267 1086 1323 scopo,
1110 1252 1165 1307 sint
1193 1260 1220 1306 et
1246 1251 1298 1321 ipsi
1323 1241 1796 1305 excommunicatietnostrabene·

131 1336 368 1408 archipraesulem,
385 1344 412 1391 et
428 1337 592 1393 confratrem
612 1349 736 1394 nostrum
758 1342 939 1411 provisorem,
990 1342 1111 1400 dictione
1126 1344 1276 1414 apostolica
1287 1342 1396 1415 privati.

130 1433 157 1480 et
169 1426 384 1497 gubernatorem
401 1424 455 1495 ipsi
472 1425 601 1481 Ecclesiae
630 1428 657 1481 in
677 1428 808 1484 omnibus
820 1446 940 1500 prieesse
1344 1472 1444 1529 xxm

131 1513 337 1616 consuimmus’
354 1513 389 1567 im
408 1529 475 1568 ⁵²⁰⁹
501 1523 531 1568 ω
556 1514 663 1586 plebem
694 1526 721 1570 et
740 1515 939 1587 p⁰pu¹um⁸ibi
1027 1577 1196 1620 serviremus
1221 1577 1331 1617 vossius
1346 1578 1421 1615 esen
1446 1577 1493 1615 inu
1514 1575 1565 1615 eno
1592 1573 1761 1613 vonisrerno

133 1621 309 1661 commissam
333 1606 373 1661 sic
396 1607 472 1674 iuste
500 1615 528 1662 et
542 1608 675 1663 cononice
701 1618 787 1682 reget,
803 1616 940 1680 quatenus
1300 1648 1485 1687 emmens,

133 1694 311 1765 proill....
351 1693 599 1750 redditurus...
633 1696 795 1754 .Judici...
826 1730 978 1796 ''⁹''ss
1275 1723 1512 1793 (Annoqpppqqqq

495 1799 571 1853 XXVI

130 1905 241 1945 tuturus
254 1907 329 1944 eneae
344 1907 390 1945 xtlt
417 1904 541 1945 visione
570 1907 604 1944 ΑΙ)
619 1906 766 1947 UNlVERSOS
794 1907 939 1949 EPISCOPOS

376 1978 528 2017 selinunte:
538 1977 696 2017 eleemonis,

441 2053 533 2123 (inno
549 2051 622 2120 ove)

286 2141 409 2212 [llarten.
427 2142 503 2196 Tltes.
526 2142 626 2197 ¹tneed.
643 2144 693 2208 fil,
707 2141 781 2213 868.]

133 2235 211 2290 Vetat
221 2235 411 2288 nefuronensi
425 2234 769 2303 archiepiscoporess'stont,
784 2235 866 2289 donee
879 2238 938 2305 ipse

232 2304 265 2358 de
277 2320 367 2358 eoram
381 2307 565 2359 controuersia
589 2305 727 2374 judicium
742 2307 843 2360 inlesit.

991 1819 1108 1872 dicterio
1132 1820 1295 1884 Arelatensi,
1323 1819 1473 1874 Amblnrdo
1487 1817 1673 1884 Litqdunonsi,
1695 1815 1794 1869 Thent-

1025 1889 1102 1942 bolde
1120 1891 1275 1954 Viennensi,
1291 1889 1424 1959 Stephano
1450 1889 1670 1948 claromontensi,
1685 1885 1797 1940 ,fimont'

1029 1961 1223 2027 Valentinensi,
1238 1967 1297 2020 etc..
1313 1961 1444 2016 hoiolum
1453 1960 1576 2013 abbatem
1597 1958 1795 2014 cluniacensem

1023 2031 1134 2101 ejusque
1143 2035 1306 2086 inuitosten'o
1319 2031 1494 2086 commendet.

1238 2120 1352 2192 [Eullur.
1371 2121 1491 2174 Cluiiioc.
1505 2118 1543 2188 5.]

1022 2227 1141 2283 losnnus
1168 2228 1328 2299 episeopus,
1349 2241 1446 2281 servus
1473 2238 1614 2278 servorum
1630 2221 1690 2285 llei,
1704 2219 1794 2274 fratri·

985 2319 1038 2373 bus
1052 2318 1262 2389 eteoepiscopis
1277 2333 1327 2388 per
1341 2316 1424 2371 urbes
1447 2315 1596 2369 Galliarum
1616 2311 1792 2368 consistenti·

161 2416 282 2471 tonnuss
296 2430 392 2470 servus
402 2428 545 2469 servorum
559 2414 618 2482 liei,
646 2414 936 2486 episcopusflomanae
986 2408 1038 2463 bus
1051 2415 1078 2463 et
1103 2407 1324 2480 presidentibus,
1353 2407 1480 2460 llicrsrno
1501 2403 1607 2458 scilicet
1629 2401 1794 2468 Arelatensi,

124 2509 259 2572 urbisin
279 2508 386 2564 Christo
414 2507 544 2563 fratribus
578 2508 713 2564 universis
741 2509 936 2579 episcopisci-
985 2502 1134 2555 Alffltlllw
1179 2499 1367 2573 Lugdunemi,
1408 2496 1586 2551 Tsslllllssllffl
1629 2494 1794 2559 Viennensi,

125 2597 236 2654 terioris
263 2596 409 2651 Britanniae
434 2598 550 2651 salutem
590 2597 617 2651 in
649 2595 758 2652 Christo
786 2603 814 2651 et
839 2597 935 2652 visite-
985 2590 1372 2657 SssensuoElaremontensi,
1399 2593 1497 2645 dissoni
1516 2585 1716 2654 valentinensi,
1737 2583 1795 2639 Wi-

127 2690 245 2746 tionem.
987 2700 1051 2740 ooru
1079 2682 1262 2739 Vesontiensi.
1290 2682 1376 2737 duom
1402 2677 1607 2742 lintisconensi,
1639 2676 1793 2732 Enorossro

161 2782 230 2848 Quia
244 2781 303 2837 vice
318 2780 391 2836 beati
404 2781 474 2837 Petri
499 2781 689 2853 apostolorum
714 2781 858 2853 principis,
880 2782 936 2837 llo-
986 2775 1172 2842 Cabilonensi,
1189 2774 1296 2830 Wioom
1310 2771 1482 2835 vallaviensi,
1509 2771 1645 2825 honorico
1672 2767 1792 2822 dvenio·

124 2871 201 2926 mino
216 2871 271 2926 fleo
287 2869 430 2943 dignante,
443 2869 566 2925 omnium
580 2870 862 2927 ecclesiarumcuram
874 2886 936 2925 sus·
986 2872 1076 2938 nensi,
1099 2871 1224 2926 Gensuoo
1255 2868 1418 2933 Genevensi,
1443 2867 1582 2921 idiossmo
1610 2863 1792 2926 Leusenensi,

123 2963 258 3035 cepimus,
288 2960 503 3016 sollicitudinem
535 2977 589 3033 qua
617 2962 834 3033 uniuscujusque
867 2960 936 3016 fides
986 2964 1107 3019 hosomo
1131 2961 1255 3027 Lunensi,
1282 2961 1426 3016 flosmono
1452 2957 1613 3023 vivariensi,
1635 2954 1793 3026 apostolice

124 3052 235 3124 integre
249 3050 278 3104 in
292 3049 391 3105 eodem
418 3049 533 3106 Domino
549 3058 713 3118 reservetur,
729 3051 790 3106 sine
805 3067 858 3122 que
873 3050 934 3106 nul·
946 3091 971 3160 c
985 3050 1100 3125 gratiam
1125 3048 1330 3104 benedictionis
1350 3058 1377 3102 et
1398 3046 1514 3122 gloriam
1540 3052 1651 3100 aeternae
1675 3041 1794 3097 beatitu-

121 3140 165 3196 lus
178 3140 204 3194 ei
224 3138 334 3209 placere
347 3138 461 3207 valebit,
483 3139 588 3211 ubique
607 3156 704 3196 severe
717 3142 865 3197 observare
883 3142 934 3197 de·
986 3143 1068 3197 dinis.

121 3238 229 3292 bemus.
242 3231 462 3302 ideoquenotum
476 3233 511 3287 sit
524 3233 743 3305 vobisquoniam
755 3234 934 3288 charissimus
1025 3235 1162 3289 Laetamur
1180 3232 1260 3288 valde
1289 3231 1316 3285 in
1340 3231 1456 3286 homino
1472 3236 1499 3285 el
1526 3229 1695 3284 exsultamus
1719 3222 1793 3297 quod

119 3317 204 3374 freter
217 3328 310 3376 noster
323 3322 470 3389 drduinus,
488 3331 590 3379 sanctae
616 3325 787 3379 Turonensis
805 3324 934 3380 Ecclesiae
984 3329 1097 3385 dilectio
1114 3329 1161 3384 Dei
1182 3336 1211 3383 et
1231 3328 1350 3383 charites
1370 3326 1499 3397 proximi,
1519 3341 1602 3396 quam
1621 3338 1670 3377 vos
1683 3320 1792 3376 studio·

118 3415 356 3487 archiepiscopus,
373 3417 489 3472 veniens
504 3418 537 3473 ad
558 3419 748 3489 apostolorum
765 3418 860 3473 limine
878 3419 933 3474 ilo-
981 3420 1091 3474 sissimo
1102 3420 1249 3474 multorum
1264 3418 1398 3473 relatione
1418 3416 1575 3471 audivimus
1593 3412 1743 3478 custodire,
1759 3411 1793 3466 ad

119 3524 191 3563 mam
205 3520 321 3573 oratum,
343 3511 529 3582 interpellavit
544 3527 594 3567 nos
611 3513 685 3583 quod
698 3513 762 3583 jura
774 3513 820 3568 sui
836 3512 929 3568 archi-

118 3601 306 3671 episcopatus,
327 3618 387 3674 quae
414 3603 585 3675 abantiquis
612 3604 783 3674 temporibus
807 3619 856 3673 per
879 3602 933 3658 de·

120 3699 196 3747 crete
218 3701 375 3749 sanctorum
400 3693 561 3764 pontificum
591 3700 693 3766 sanctae
718 3695 848 3751 Romame
872 3713 933 3751 me·

119 3779 171 3835 tris
186 3781 313 3837 Ecclesiae
331 3782 389 3837 suis
409 3782 661 3854 predecessoribus
679 3798 811 3839 concesso
826 3793 854 3839 et
868 3800 936 3840 con-

122 3869 229 3926 firmate
243 3872 363 3942 fuerunt,
379 3890 395 3928 a
422 3880 513 3930 vestro
537 3875 750 3946 archiepiscopo
774 3882 802 3930 et
815 3875 872 3930 suis
886 3876 935 3930 de·

983 3509 1163 3566 vinsllomini
1184 3516 1211 3564 et
1225 3509 1353 3563 mandate
1379 3505 1444 3562 iacit
1464 3521 1514 3561 sos
1541 3503 1679 3559 subtiliter
1705 3502 1795 3556 enhe-

984 3602 1052 3670 lere,
1069 3601 1283 3674 utpontificetus
1299 3599 1382 3656 vestri
1397 3598 1546 3654 discretum
1563 3596 1685 3670 regimen
1700 3595 1795 3649 multis

984 3704 1087 3753 sanotae
1104 3694 1231 3751 Ecclesiae
1244 3693 1308 3748 lillis
1332 3690 1518 3747 necessarium
1529 3694 1641 3759 praestet
1655 3686 1792 3741 levamen.

986 3789 1065 3855 Quod
1082 3786 1236 3842 manifestis
1261 3783 1472 3858 probationibus
1491 3797 1541 3837 vos
1567 3796 1679 3851 semper
1701 3778 1793 3834 lacere

986 3876 1176 3933 desideramus
1191 3875 1271 3946 pieet
1281 3887 1491 3930 commonemus
1505 3877 1536 3926 ut
1547 3870 1678 3924 virtutum
1695 3866 1795 3938 pennis

122 3961 281 4017 cessoribus
304 3978 352 4033 per
371 3962 531 4018 violentiam
561 3970 589 4018 el
615 3979 785 4037 paganorum
801 3963 936 4018 Normen-
986 3969 1020 4022 ad
1036 3965 1159 4024 coelestia
1168 3963 1347 4021 convolantes
1370 3958 1510 4034 pluresed
1524 3956 1659 4014 Christum
1675 3955 1794 4027 populos

124 4052 462 4108 eorumcontrariotatom
492 4051 600 4107 sublate
619 4053 757 4108 videntur.
776 4052 935 4122 Undeapo·
986 4065 1094 4120 trahere
1106 4071 1167 4136 posi
1181 4077 1229 4118 vos
1244 4059 1367 4133 possitis,
1398 4057 1527 4113 Nostrum
1550 4069 1671 4125 namque
1688 4057 1793 4105 estvos

123 4146 221 4201 stolice
236 4147 399 4210 auctoritate
412 4147 491 4203 vobis
511 4146 605 4203 sciatis
619 4147 672 4215 (iti
694 4146 882 4213 interdictum,
899 4162 935 4202 ne
986 4153 1087 4210 hortari
1101 4168 1137 4208 ne
1148 4151 1257 4207 Domini
1267 4133 1452 4220 disciplinam,
1468 4161 1519 4217 per
1534 4160 1617 4215 quam
1633 4137 1792 4213 pervenitur

124 4236 269 4293 illiusullo
286 4239 432 4307 modojuri
447 4239 582 4294 resistatis
592 4238 735 4309 deinceps,
751 4239 785 4294 de
802 4238 935 4294 omnibus
984 4244 1160 4317 adglorians,
1176 4240 1383 4316 parvipendatis
1394 4247 1441 4296 aut
1455 4236 1598 4312 negligere
1606 4233 1707 4290 vetitis.
1723 4230 1793 4295 Qun

125 4345 188 4401 quae
203 4329 350 4399 praedietus
378 4330 604 4402 archiepiscopus
631 4330 776 4387 confirmat
796 4331 934 4403 archiepi-
985 4351 1057 4406 nvem
1073 4349 1122 4390 vos
1140 4333 1307 4401 estis,utait
1330 4331 1474 4398 Dominus,
1502 4329 1548 4383 lux
1573 4323 1667 4381 mundi
1698 4330 1725 4378 et
1753 4320 1793 4376 sal

123 4419 249 4490 scopatui
262 4435 313 4474 suo
328 4419 468 4490 pertinere
479 4420 592 4478 dehere.
609 4436 755 4492 quousque
773 4420 820 4476 ille
839 4430 931 4477 vester
941 4446 970 4515 D
983 4434 1073 4495 term,
1101 4428 1202 4500 quibus
1241 4427 1381 4484 commisit
1415 4424 1548 4481 Dominus
1566 4422 1647 4477 iesus
1673 4417 1796 4474 Christus

122 4508 359 4579 archiepiscopus,
377 4516 423 4563 aut
445 4509 545 4580 aliquis
560 4525 593 4563 ox
621 4510 782 4566 vobiscum
812 4511 933 4566 hrduino
986 4518 1135 4575 Ecclesiam
1166 4532 1243 4571 suam
1271 4516 1430 4591 regendam,
1461 4530 1543 4586 quam
1568 4509 1795 4582 acquisiviigan.

122 4599 344 4671 archiepiscopo,
377 4601 435 4655 sive
459 4616 521 4655 cum
543 4617 595 4656 suo
616 4600 802 4677 suffraganeo,
823 4603 865 4656 vel
881 4602 935 4657 elio
987 4606 1071 4681 quine
1081 4620 1141 4660 suo.
1161 4604 1257 4659 Notum
1278 4604 1371 4675 itaque
1381 4602 1460 4659 vobis
1471 4600 1597 4665 facimus,
1609 4593 1794 4661 dilectissimi,

123 4688 199 4745 fideli
215 4692 299 4747 misso
315 4692 348 4747 ad
363 4700 483 4747 nostram
500 4700 623 4748 sanctam
655 4700 770 4749 matrem
787 4694 936 4750 Ecclesiam
987 4694 1062 4766 quod
1078 4693 1158 4749 latior
1171 4700 1199 4748 et
1213 4673 1332 4763 amplior
1346 4689 1547 4762 specialissime
1563 4686 1644 4742 nohis
1658 4692 1709 4750 est,
1730 4684 1796 4739 cha-

123 4786 228 4852 veniat,
241 4792 271 4840 nt
289 4787 324 4840 ibi
341 4788 520 4863 praecognitis
535 4788 627 4843 causis
650 4788 783 4844 intervos
795 4798 823 4844 et
845 4788 935 4855 illum,
988 4787 1054 4842 ritas
1067 4787 1140 4843 circe
1155 4785 1353 4841 monasterium
1377 4783 1536 4849 cluniense,
1551 4779 1595 4836 cui
1611 4779 1753 4851 sapienter
1767 4781 1798 4829 et

124 4877 200 4949 quod
217 4894 327 4950 aequum
344 4880 597 4950 comprobabimus,
613 4878 811 4935 deliniaturad
826 4880 935 4936 laudem
986 4875 1069 4930 beele
1092 4883 1193 4947 praeest
1229 4873 1406 4930 charissimus
1444 4871 1518 4927 filius
1555 4878 1650 4926 noster
1677 4867 1796 4921 domnus

126 4966 338 5022 Deictltomini
362 4969 448 5023 nostri
477 4968 541 5023 lesu
572 4968 679 5024 Christi.
709 4969 786 5034 Quod
808 4970 832 5026 si
857 4970 937 5025 aliter
986 4968 1304 5035 lfaiolusabbasvobis,
1330 4975 1360 5024 ul
1392 4967 1542 5033 credimus,
1570 4964 1641 5018 boue
1670 4962 1797 5014 notusut

125 5070 209 5125 quom
220 5053 352 5123 jubemus
367 5063 463 5111 contre
478 5058 647 5112 voluntatem
663 5057 724 5128 ejus
738 5056 870 5122 feceritis,
886 5071 934 5113 co-
987 5066 1051 5130 pote
1061 5059 1103 5113 vir
1113 5058 1269 5131 religiosus,
1285 5073 1368 5128 quem
1381 5056 1461 5112 vobis
1475 5053 1606 5110 attentius
1617 5057 1645 5107 el
1667 5047 1792 5119 diligen·

123 5146 265 5220 gnoscstis
281 5147 465 5218 vosmetipsos
480 5147 526 5202 flei
543 5153 571 5201 el
593 5147 622 5201 B.
639 5146 712 5201 Petri
724 5147 859 5218 principis
871 5161 936 5218 epo·
987 5149 1113 5206 tiuscum
1130 5149 1305 5206 monasteriis
1319 5148 1460 5215 omnihus,
1475 5162 1536 5218 quae
1570 5137 1792 5211 eiussuntsnb·

124 5237 271 5304 stolorum,
292 5253 340 5308 per
364 5244 465 5292 nostrae
480 5237 643 5292 humilitatis
656 5238 826 5304 mandatum,
841 5247 935 5294 aucto·
983 5241 1057 5310 iecta
1073 5241 1399 5316 regiminimommendo:
1410 5230 1793 5306 vestramquebestitudinem

124 5324 207 5379 ritate
218 5327 472 5383 excommunicatos
480 5327 515 5382 ab
531 5327 607 5383 omni
624 5328 812 5384 ecclesiastico
831 5328 934 5385 officio.
987 5344 1087 5400 precor
1099 5330 1174 5401 quod
1189 5330 1238 5386 uei
1253 5346 1358 5398 amore,
1379 5345 1411 5384 ac
1435 5323 1614 5382 veneratione
1639 5319 1712 5376 beati
1722 5317 1794 5375 Petri

124 5417 186 5486 (liic
200 5417 301 5473 desine
313 5419 465 5474 menbrana
482 5421 644 5474 Turmsensis
658 5438 667 5474 .·
683 5435 743 5490 que
774 5424 935 5490 sequnntur,
986 5422 1173 5491 apostolorum
1202 5422 1348 5496 principis,
1375 5426 1474 5475 nostre
1500 5431 1612 5488 quoque
1637 5409 1796 5469 dilectionis

123 5511 271 5566 oddvnbtr
284 5515 314 5567 in
333 5513 438 5584 editis.)
452 5513 529 5578 Quod
544 5513 643 5568 sivero
670 5511 792 5568 debitum
809 5527 936 5568 reveren·
986 5510 1097 5581 affectu,
1113 5521 1284 5586 protectores
1297 5512 1358 5568 sitis
1372 5509 1565 5566 coenobiorum
1592 5505 1646 5562 sibi
1662 5501 1795 5559 commis·

123 5597 191 5654 tiam
216 5599 289 5655 circe
307 5601 467 5672 praedictum
495 5600 608 5657 fratrem
636 5599 762 5656 nos'trum
788 5601 936 5656 ohservare
986 5615 1091 5660 sorum.
1105 5603 1202 5660 Nostra
1229 5603 1343 5674 insuper
1360 5597 1524 5655 auctoritate
1547 5595 1620 5652 beati
1646 5591 1719 5648 Petri
1730 5589 1791 5647 vice

164 5730 221 5802 (ll)
233 5730 304 5789 Editi
319 5732 498 5791 edduutesse.
