3840 6106
85 301 156 360 low
282 330 288 340 ¹
558 326 564 337 ·
878 305 963 360 VlTA.
1685 306 1755 364 loto

84 430 141 487 nati
160 436 227 487 sunt
248 438 396 486 novatores
420 446 453 486 eu
476 429 569 486 AEneae
594 427 673 485 Siluii
692 406 832 506 ‘Apologia
859 431 892 487 ad
905 439 930 504 Α
945 433 1060 500 sumsit,
1086 446 1147 488 cum
1163 430 1323 504 trequenter
1340 430 1498 489 admonitus
1525 430 1690 504 resipiscere
1702 448 1756 491 no-

83 517 234 587 llayerum,
248 515 297 572 ubi
317 517 478 588 pontificem
504 517 538 572 ab
564 517 692 574 Udalrico
711 517 746 574 de
761 518 896 575 concubi·
946 520 1053 577 luisset.

83 609 128 663 nis
148 609 349 679 reprehensum
366 610 444 665 dicit.
460 611 499 665 lld
516 625 615 681 purum
632 618 820 666 commentum
832 627 896 667 cen·
981 613 1025 668 to.
1046 612 1099 667 Sed
1111 613 1167 684 jam
1184 612 1295 668 tandem
1315 611 1460 667 reserenda
1480 617 1525 666 est
1547 612 1677 683 anonymi
1699 627 1753 668 seu

83 709 125 757 set
141 701 282 766 Volsorus;
297 708 355 757 tum
370 702 435 773 quia
454 701 547 756 nullus
563 707 620 757 toto
635 701 753 758 Udalrici
770 709 895 774 tempore
944 704 1055 760 Gerardi
1071 704 1236 770 lucubratio,
1264 720 1346 777 quam
1374 705 1506 760 Batonius
1525 705 1634 761 caeteris
1655 705 1752 762 merito

82 789 215 846 Nicolaus
234 805 305 860 papa
320 788 447 845 Ecclesiae
464 789 593 845 Romana
611 790 735 861 praaluns
753 797 808 847 tum
831 791 896 864 quis
945 793 1065 864 pretulit
1080 794 1116 849 ob
1126 792 1345 864 simplicitatem,
1359 810 1422 866 qnae
1437 795 1559 850 veritatis
1574 794 1671 868 magis,
1685 811 1752 851 con·

85 881 145 935 baec
162 878 255 934 AEueae
270 878 354 934 verba
369 878 397 933 iu
413 878 551 950 aliquibus
565 879 709 936 codicibus
728 896 782 936 uon
797 881 897 954 legun·
944 888 1077 937 sentama
1095 887 1157 946 est;
1185 881 1334 954 laudatque
1359 882 1479 938 llarcurn
1506 882 1659 947 Volucrum,
1679 884 1752 956 apud

82 980 138 1036 tur,
153 970 355 1053 absuntqueab
369 970 492 1025 editione
508 971 630 1026 Romana
643 970 708 1026 anni
725 971 897 1040 l581l3proe-
946 971 1118 1045 Augustanos
1147 973 1231 1027 duum
1260 972 1347 1027 virum
1375 972 1598 1039 celeberrimum,
1621 972 1668 1043 qui
1683 974 1753 1030 lianc

81 1072 159 1120 terea
185 1064 321 1120 Gerardus
343 1064 447 1119 nullam
466 1065 548 1136 hujus
572 1065 800 1136 reprehensionis
815 1079 896 1120 men·
945 1059 1123 1131 scriptionem
1146 1059 1383 1129 «inmoblisione
1396 1061 1532 1132 sepultam
1546 1060 1753 1132 typiscudendo

85 1153 191 1209 tionem
209 1151 274 1208 lacit
300 1153 418 1208 Tametsi
438 1168 494 1207 non
522 1152 623 1222 injuria
642 1154 711 1210 dicit
738 1161 838 1226 potest,
867 1154 895 1210 id
945 1159 974 1207 et
997 1151 1070 1207 uotis
1093 1151 1267 1218 illustrando,
1285 1152 1423 1209 revocavit
1446 1152 1593 1207 advitam.
1617 1172 1631 1202 s
1653 1152 1692 1208 lta
1711 1151 1754 1208 vir

81 1244 183 1301 cadere
199 1243 325 1315 possein
347 1244 483 1299 loannem
503 1244 563 1312 llll,
588 1261 670 1317 quem
688 1245 799 1319 llagitiis
814 1245 893 1301 dedi·
943 1243 1144 1299 illustrissimus
1158 1243 1192 1299 ad
1207 1260 1310 1299 annum
1324 1244 1387 1302 926.

81 1350 140 1398 tum
159 1337 220 1393 Otto
236 1336 349 1410 llaguus
377 1335 405 1390 in
429 1335 566 1407 frequenti
590 1337 697 1409 synodo
721 1338 891 1394 exauctorari

90 1592 613 1602 —————-.
622 1595 1658 1607 --—-—---———-—-...-—.---————n-----.
1671 1598 1744 1607 κ

812 1841 1034 1967 VITA

297 2158 795 2320 SANCTI
868 2156 1536 2316 UDALRIffl

667 2516 929 2580 AUGUSTANI
957 2517 1168 2581 EPISCOPI.

597 2767 769 2830 AUCTORE
794 2769 962 2831 sablano
985 2771 1229 2835 sussurratio.

384 3008 473 3080 (Apud
488 3008 591 3065 llabill.
611 3014 682 3067 Acin
695 3016 851 3068 sanctorum
864 3013 970 3069 ordinis
990 3015 1018 3070 S.
1042 3017 1139 3072 bened.
1156 3017 1224 3074 sec.
1242 3019 1272 3084 V,
1288 3035 1350 3091 pag.
1372 3020 1421 3074 tlt
1439 3023 1446 3085 )

122 3526 208 3580 dures
234 3525 414 3597 plurimorum
428 3540 490 3581 cum
516 3524 588 3581 lama
604 3527 797 3584 miraculorum
815 3527 892 3584 Chri·
907 3533 972 3600 But
985 3527 1168 3603 diligentibus
1186 3529 1271 3583 lleum
1288 3526 1414 3599 exempla
1430 3525 1622 3583 aedificationis
1635 3536 1754 3598 antepo-

87 3615 133 3681 sti‚
150 3631 213 3687 quae
228 3631 279 3686 per
298 3631 408 3671 servum
428 3631 507 3671 suum
529 3624 654 3673 sanctum
680 3619 836 3675 Udalricum
863 3620 893 3675 in
945 3625 1022 3686 nant,
1052 3622 1079 3671 et
1107 3616 1155 3671 liei
1185 3622 1322 3687 praecepta
1341 3614 1538 3686 spernentibus
1563 3611 1755 3669 conversionis

88 3707 223 3762 bonorem
238 3706 481 3763 suesanctissimae
495 3706 639 3781 genitricis
646 3707 739 3764 ldariae
749 3708 811 3765 fieri
825 3724 895 3766 eon·
944 3705 1174 3770 emolumenturn,
1186 3702 1229 3758 rel
1240 3701 1426 3757 damnationis
1436 3700 1688 3757 interminationem
1704 3700 1754 3755 ad·
1856 3752 1865 3769 ,

85 3795 182 3861 cessit,
209 3794 433 3866 frequentissime
452 3795 584 3866 pulsaret,
620 3804 649 3852 et
672 3798 764 3853 adhuc
788 3805 896 3854 mentes
947 3799 1075 3868 augeant.
1094 3793 1146 3847 ista
1160 3806 1211 3862 pro
1225 3797 1300 3847 certo
1319 3791 1348 3846 in
1363 3805 1456 3846 amore
1468 3789 1566 3845 Christi
1586 3788 1753 3863 legentibus,

87 3899 182 3939 eorum
195 3883 330 3940 dubitatio
345 3890 503 3955 occuparet,
524 3884 617 3939 missis
632 3885 666 3940 ad
680 3902 725 3941 me
740 3886 839 3961 legatis
852 3901 896 3942 re-
945 3883 1078 3938 auxilium
1089 3881 1137 3937 ilci
1151 3880 1351 3953 omnipotentis
1365 3880 1464 3936 adesse
1474 3879 1651 3945 confidimus,
1663 3884 1693 3933 ut
1705 3893 1755 3950 per

89 3995 149 4033 rum
172 3978 303 4034 veritates
329 3995 362 4034 cs
382 3979 452 4034 meis
479 3979 709 4051 responsionibus
727 3996 896 4056 cognoscere
946 3989 1059 4029 servum
1068 3989 1148 4029 suum
1162 3972 1218 4028 ⁸1⁰²
1228 3973 1256 4027 i¹1
1273 3972 1436 4028 i⁸1⁰⁵oe01¹¹0
1448 3971 1523 4037 stella
1535 3979 1572 4039 ²¹,
1588 3970 1753 4041 0⁰l¹¹l⁸¹¹lsss

88 4073 248 4144 cupiebant,
264 4079 481 4148 rogantesmeut
490 4089 592 4145 eaquae
600 4090 652 4147 ego
663 4074 692 4129 in
702 4075 817 4131 veritate
826 4077 897 4132 scire
946 4065 1059 4121 fissnltd
1080 4065 1297 4139 aelernassuudia
1316 4064 1451 4137 perducti·

90 4169 251 4239 potuissem,
278 4168 370 4224 lucida
403 4168 592 4240 descriptione
609 4171 653 4225 eis
680 4169 894 4227 manifestarem.
983 4166 1095 4238 Oportet
1106 4165 1244 4238 imprimis
1257 4181 1291 4220 ne
1305 4165 1471 4221 reticeamus
1483 4161 1551 4219 tanti
1562 4162 1680 4235 talisque
1690 4160 1753 4229 viri,

88 4261 212 4335 Cumque
228 4263 456 4338 interrogantium
484 4269 559 4319 taum
578 4265 695 4336 pluritas
711 4282 754 4321 me
774 4267 898 4339 undique
947 4256 1050 4328 Spiritu
1078 4262 1173 4311 sancto
1190 4255 1316 4326 juvante,
1334 4253 1455 4313 nominis
1483 4251 1754 4324 interpretationem.

89 4353 356 4427 interrogationibus
374 4354 517 4423 cinxisset,
535 4361 565 4410 ut
577 4357 707 4413 omnibus
721 4358 897 4434 singulariter
946 4347 1079 4404 Theutica
1093 4348 1186 4419 itaque
1206 4346 1299 4420 lingua
1323 4346 1470 4401 baereditos
1495 4360 1511 4399 a
1530 4343 1638 4417 proauis
1652 4342 1755 4398 dereli-

88 4443 428 4515 responsascriptisdare
450 4460 504 4500 non
519 4459 600 4515 posse
623 4445 798 4513 aestimarem,
819 4448 896 4521 cogi-
946 4448 989 4496 cta
1010 4440 1142 4495 Altnodnl
1166 4439 1276 4504 dicitur,
1305 4440 1354 4495 llic
1371 4437 1481 4493 divitias
1501 4443 1592 4504 sonat,
1619 4435 1755 4491 ideonon

87 4539 145 4586 tare
160 4533 258 4589 tacitus
273 4534 345 4605 coepi
371 4534 443 4590 intra
460 4537 667 4607 memetipsum,
690 4544 720 4593 ut
734 4554 796 4593 cum
816 4539 897 4593 tacite
948 4529 1099 4603 incongrue
1114 4526 1275 4583 vodalricus
1289 4542 1304 4579 a
1317 4533 1432 4609 paterna
1448 4525 1607 4581 lraereditate
1622 4524 1755 4580 diresin-

88 4623 259 4692 experleulia
271 4623 390 4694 experiri
402 4624 572 4680 studuissem
586 4627 721 4702 originem
736 4636 813 4684 ortus
825 4629 897 4698 ejus,
947 4619 1092 4691 terpretari
1106 4623 1208 4690 potest,
1224 4630 1286 4669 nam
1301 4616 1397 4670 aeterni
1408 4614 1497 4670 Patris
1507 4614 1670 4670 haereditate
1682 4615 1755 4671 dita-

90 4723 130 4781 ut,
138 4713 276 4787 descripto
288 4716 426 4786 ejusortu,
440 4717 523 4773 vitam
531 4718 745 4792 subsequentem
753 4731 780 4777 et
791 4721 897 4778 obitum
949 4723 992 4772 tus
1007 4714 1109 4782 lloruit,
1123 4715 1159 4768 de
1174 4728 1229 4786 quo
1248 4714 1324 4768 l‘atre
1339 4709 1465 4784 quotidie
1480 4710 1509 4764 iu
1523 4710 1648 4765 oratione
1662 4717 1756 4766 nostra

88 4806 180 4861 ueraci
200 4808 287 4862 relatu
315 4808 548 4884 interrogantibus
574 4819 602 4866 et
629 4810 721 4886 legere
741 4814 899 4869 volentibus
948 4806 1084 4862 dicimus:
1097 4826 1109 4857 t
1120 4805 1200 4860 Pales
1209 4810 1315 4869 110³l⁰f2
1326 4803 1372 4875 qui
1384 4819 1414 4857 θλ
1424 4802 1453 4857 ῙΠ
1467 4800 1579 4868 colis»
1593 4810 1645 4857 ⁰¹0·
1656 4802 1695 4856 Ad
1706 4817 1755 4856 01¹·

89 4898 221 4954 munibus
248 4901 276 4955 in
291 4915 440 4957 commune
456 4903 547 4960 lacere
576 4904 740 4975 potuissem,
757 4922 811 4962 non
828 4907 898 4962 meis
909 4872 934 4942 C
946 4900 991 4971 jus
1005 4895 1175 4953 hereditatis
1193 4902 1304 4950 sanctus
1320 4893 1420 4950 Paulus
1435 4895 1641 4965 possessionem
1662 4891 1690 4945 in
1708 4889 1754 4945 uei

89 4990 323 5047 antecedentibus
333 4993 599 5062 merillsconlidens,
609 5011 662 5052 nee
674 4996 816 5071 sagacitati
825 5013 900 5054 rnen-
949 4991 1105 5046 voluntates
1120 4993 1332 5059 perseuerantes
1351 4985 1518 5042 consolatur.
1538 4984 1647 5038 dicens:
1663 4984 1757 5037 llere-

89 5081 125 5136 tis
149 5097 230 5146 mese,
257 5084 356 5138 sedin
383 5085 432 5140 llei
459 5086 677 5144 misericordiam
701 5089 900 5160 omnipotentis
950 5082 996 5136 del
1010 5080 1119 5151 quidem
1136 5081 1195 5146 Dei,
1209 5079 1357 5134 ⁶⁰²⁸&aessss
1370 5082 1459 5132 abiem
1475 5076 1571 5133 Gbrl'il'
1593 5075 1679 5141 raom.
1695 5087 1756 5137 i'sslt

90 5186 218 5241 sperans,
227 5173 273 5244 qui
289 5173 371 5229 dixit:
387 5197 401 5225 ι
413 5175 532 5248 iperius
541 5186 629 5245 tuum,
642 5186 669 5234 et
679 5196 730 5255 ego
741 5181 900 5252 adimplebo
952 5176 961 5230 l
977 5176 1036 5232 Gor.
1052 5175 1102 5245 u);
1127 5171 1161 5228 de
1177 5189 1231 5244 qua
1250 5172 1333 5228 etiarn
1358 5169 1520 5227 haereditate
1545 5165 1676 5237 scriptum
1693 5173 1755 5222 est:

90 5259 159 5314 illud
175 5277 182 5325 ;
207 5282 217 5309 ι
239 5268 268 5317 ut
282 5279 332 5333 per
358 5263 455 5320 merita
469 5265 574 5337 praelati
589 5268 713 5341 episcopi
741 5269 901 5345 irrigatione
950 5267 1026 5334 Quot
1039 5266 1130 5321 oculats
1144 5281 1198 5320 non
1213 5265 1293 5327 uidit,
1309 5280 1356 5319 nec
1371 5264 1447 5317 nuris
1462 5259 1580 5325 audiuit,
1597 5275 1646 5313 nec
1659 5261 1689 5313 in
1710 5274 1758 5314 cor·

89 5347 210 5420 spiritus
223 5351 311 5406 sancti
326 5360 355 5407 et
369 5352 454 5409 divini
469 5354 542 5426 ignis
557 5354 665 5413 fervore
681 5374 792 5414 sensum
807 5376 898 5416 meum
950 5357 1066 5412 Masinis
1081 5357 1267 5427 ascenditque
1277 5354 1444 5426 preparavit
1459 5354 1528 5407 Dens
1543 5351 1719 5418 diligentibus
1729 5366 1757 5406 sc

89 5437 210 5512 dirigere
223 5438 362 5512 dignetur,
388 5441 459 5517 utid
479 5444 553 5514 quod
580 5444 614 5499 ad
634 5447 811 5521 cogitandum
831 5450 899 5505 mibi
950 5450 975 5520 (l
988 5451 1049 5506 dor.
1078 5450 1128 5522 rr);
1158 5451 1237 5519 cuius
1256 5446 1421 5519 compendio
1455 5460 1511 5501 non
1538 5443 1625 5500 solum
1645 5445 1756 5500 sibimet

91 5525 246 5596 inspiravit,
259 5544 292 5584 aa
308 5528 510 5600 perficiendum
526 5532 599 5589 vires
613 5548 668 5590 non
679 5536 831 5606 subtrahat,
846 5538 897 5594 nisi
949 5540 1057 5608 iruitur,
1072 5540 1261 5596 verumetiam
1278 5536 1411 5609 plurimos
1422 5533 1591 5591 multimodis
1602 5533 1756 5592 benelicio·

93 5618 390 5689 predestinatamimo
400 5621 500 5679 idonea
512 5625 649 5683 mantione
660 5626 744 5685 edere
753 5629 898 5698 concedat,
949 5648 1010 5688 rum
1024 5629 1261 5688 consolationibus
1283 5627 1312 5682 in
1334 5627 1386 5682 hac
1410 5625 1634 5702 peregrinatione
1657 5625 1754 5683 vivens
