3856 6112
104 279 165 338 tua

849 269 1043 329 APPENle.

1734 285 1788 345 lib

107 411 158 467 Pro
172 410 294 487 neglecta
302 410 419 466 lectione
434 404 578 464 autollicio
592 403 695 478 gradus
708 401 753 457 sui
767 399 909 456 adiacono
921 400 948 468 Α
964 408 1028 456 ctae
1049 401 1191 460 unctionis
1219 407 1328 465 interro.
1364 409 1555 467 communioni
1570 416 1673 468 sancte
1685 412 1788 489 dignos

109 501 235 572 usquead
250 498 373 554 infimum
389 494 624 554 excommunicare
643 510 651 558 3
667 492 750 547 etiarn
766 496 796 546 et
806 490 910 560 juren-

112 593 186 648 colos
201 592 301 647 talibus
314 607 363 663 pro
372 590 529 647 excessibus
542 586 706 644 verberibus
719 599 815 640 arcere
828 599 835 637 ε
850 595 912 638 ver-

114 684 174 739 bum
189 684 271 740 otiam
285 683 402 740 lacieodi
416 683 451 738 ad
469 681 598 754 populum
613 677 753 733 indiebus
768 675 847 732 lestis
862 686 912 745 pro

114 778 203 833 ridere
216 786 244 833 et
258 777 369 834 lacere:
389 785 416 833 et
433 779 472 833 sic
496 776 588 833 omnia
608 789 659 847 per
684 772 813 829 ordinem
827 769 912 844 digne

115 882 197 938 usque
212 867 246 920 ad
261 866 500 940 [consecrationem
534 862 685 936 presbyteri
709 857 915 917 studiosissima

116 955 264 1011 intentione
295 971 365 1010 rene
391 954 530 1031 religionis
566 952 732 1024 perducere.
753 949 914 1004 vinctorum

117 1047 192 1103 etiam
206 1046 324 1117 publicae
337 1045 451 1101 civitatis
469 1063 500 1101 ex
526 1058 635 1101 carcerc
650 1057 747 1098 curam
761 1041 789 1096 in
804 1038 915 1095 festivi-

966 486 1040 543 lieri
1057 493 1176 561 populos
1194 497 1305 553 assidua
1319 500 1533 556 commonitione
1554 514 1694 567 exercere,
1708 518 1786 559 mor·

964 583 1042 634 tuos
1056 596 1117 637 cum
1133 590 1422 646 commendationibus
1432 592 1541 657 animae,
1558 597 1585 645 et
1611 593 1786 653 orationibus

966 672 1069 749 dignis
1078 677 1221 751 ohsequiis
1236 684 1385 755 sepulturae
1399 683 1723 755 venerabilitertradere‚
1736 706 1786 761 pro

966 762 1045 821 vivis
1058 767 1141 823 etiam
1155 786 1187 826 ac
1201 772 1341 829 defunctis
1353 774 1439 830 totins
1466 773 1594 829 Ecclesiae
1622 776 1687 833 filiis
1701 779 1784 837 ratio·

968 858 1058 913 nubili
1073 861 1235 919 assiduitate
1251 881 1376 922 exorare.
1394 869 1514 936 lusupcr
1526 881 1592 921 vero
1607 870 1699 925 omnia
1712 888 1787 945 qnae·

968 963 1081 1021 cunque
1098 950 1169 1007 iutra
1183 956 1332 1011 ecclesiam
1361 963 1390 1011 et
1417 961 1495 1009 extra
1510 957 1655 1012 ecelesiam
1670 960 1699 1015 iu
1710 961 1785 1018 clau-

968 1044 1038 1104 stro,
1063 1045 1090 1094 et
1114 1040 1142 1094 in
1175 1044 1305 1100 omnihus
1329 1042 1549 1100 habitationibus
1563 1061 1579 1100 a
1594 1047 1712 1105 maximo
1737 1068 1786 1108 us-

117 1135 214 1192 tatibus
224 1134 395 1190 solemnibus
408 1135 512 1190 bomini
527 1149 636 1209 gerere,
648 1132 676 1187 id
692 1141 747 1201 est,
763 1132 793 1187 in
821 1130 917 1186 llotale
969 1144 1024 1200 quc
1041 1128 1075 1182 ad
1108 1129 1255 1186 minimum
1287 1146 1487 1206 quemcunque
1518 1134 1620 1190 viderit
1634 1139 1786 1215 negligere,

118 1226 233 1294 bomini,
248 1226 277 1280 in
292 1226 450 1297 Epiphania,
466 1227 494 1281 in
508 1227 586 1281 initio
606 1225 843 1300 Quadragesimae,
858 1239 917 1279 me·
969 1220 1126 1277 secuudum
1144 1222 1367 1281 ecclesiasticum
1382 1225 1569 1296 correptionis
1579 1229 1694 1286 modum
1713 1247 1787 1288 sem·

118 1319 158 1374 dia
176 1318 401 1390 Quadragesima,
421 1318 446 1372 io
460 1318 569 1388 Palmis,
585 1318 613 1372 in
633 1317 754 1372 Sabbata
770 1326 878 1383 sancto,
891 1322 919 1371 et
970 1327 1022 1383 per
1036 1308 1178 1380 corripiat,
1205 1317 1233 1366 θῑ
1259 1329 1376 1368 omnem
1400 1326 1493 1369 leram
1519 1317 1694 1391 religionem,
1715 1322 1791 1394 prior

119 1410 195 1465 indie
208 1415 305 1465 saneto
325 1408 445 1476 Paschae,
468 1409 595 1465 similiter
623 1409 651 1463 in
679 1407 848 1464 ascensione
863 1407 918 1462 Ito·
971 1407 1031 1478 ipse
1043 1405 1183 1472 faciendo,
1199 1421 1300 1461 omnes
1316 1406 1412 1461 lacere
1434 1408 1544 1467 doceat.
1573 1414 1605 1470 lit
1632 1416 1706 1473 hunc
1726 1434 1791 1474 mo.

120 1501 191 1568 nini,
205 1506 235 1555 et
261 1501 291 1555 iu
315 1500 473 1556 Pentecoste
499 1517 607 1556 summa
630 1517 694 1556 cum
716 1500 860 1575 diligentia
870 1514 920 1555 eos
971 1496 1038 1551 dum
1055 1510 1241 1567 nequaquam,
1263 1494 1322 1549 nisi
1339 1495 1795 1578 precipienteepiscopo,decan-

120 1590 254 1662 excipere,
274 1590 351 1646 cteis
369 1590 501 1662 obsequia
516 1589 696 1665 benignitatis
703 1587 919 1661 corporalisspi-
971 1584 1010 1642 sis
1021 1584 1259 1658 subseqnentibus
1275 1581 1401 1640 excedat
1427 1589 1464 1646 dc
1478 1593 1555 1650 omui
1573 1595 1634 1665 jure
1650 1613 1798 1657 consecro-

121 1682 271 1754 ritaliaque,
288 1697 319 1737 ex
335 1680 470 1738 diriuiset
484 1682 612 1737 humanis
631 1679 777 1738 beneficiis
792 1679 921 1737 refectio·
970 1679 1065 1735 tionis.

123 1787 178 1826 nem
191 1770 394 1827 benedictionis
419 1787 526 1842 parare.
932 1730 959 1800 B
1008 1773 1175 1844 Episcopum
1186 1783 1254 1826 sero
1270 1763 1401 1827 civitatis
1420 1778 1545 1849 propriae
1556 1782 1706 1856 disponere
1718 1804 1803 1862 opor.

153 1863 350 1935 Chorcpiscopi
365 1878 427 1920 vero
437 1861 621 1918 ministerium
635 1868 687 1928 est,
703 1876 815 1916 omnem
827 1875 919 1916 sacer·
969 1869 1007 1920 tet
1021 1864 1056 1921 de
1072 1860 1301 1921 consecratione,
1320 1855 1360 1915 dc
1379 1865 1609 1944 confirmatione,
1620 1877 1654 1933 de
1675 1883 1804 1938 reconci-

125 1952 233 2008 dotalem
250 1953 335 2008 totius
350 1953 471 2026 regionis
485 1952 539 2008 sibi
556 1952 712 2008 commisse
731 1951 919 2007 conversatio·
968 1953 1096 2023 batione,
1111 1959 1139 2008 et
1159 1952 1195 2008 de
1209 1946 1335 2024 publico
1358 1953 1515 2017 indicendo
1526 1963 1648 2034 jejunio,
1668 1971 1802 2029 aututino

127 2063 178 2102 ocor
191 2048 329 2123 corrigere
343 2054 425 2120 atque
444 2047 576 2123 dirigere,
592 2046 620 2100 id
635 2052 689 2113 est,
700 2046 728 2100 iu
737 2045 920 2101 conficiendis
969 2039 1076 2118 aliquid
1090 2045 1192 2117 publici
1201 2044 1274 2115 juris
1290 2057 1344 2114 pro
1361 2054 1491 2119 tempore
1519 2055 1606 2131 digno
1621 2059 1678 2116 lieo
1694 2061 1800 2120 debito.

129 2136 214 2192 diuinis
225 2137 401 2193 sacramentis
428 2144 455 2193 ct
481 2137 642 2209 baptisterio
662 2136 787 2193 omnium
808 2136 918 2192 intelle·
967 2141 1053 2210 Cuius
1068 2140 1153 2198 oflicii
1167 2156 1276 2197 summa
1289 2144 1496 2212 speculationis
1503 2149 1563 2207 haec
1578 2158 1632 2220 est,
1649 2164 1679 2209 ut
1694 2162 1722 2210 et
1732 2157 1799 2212 sub.

130 2231 187 2281 illm
200 2226 460 2297 θΡθΐίθΰὸθΧῦἰῑᾶῐθ,
472 2227 606 2300 populum
619 2227 741 2301 tegiOPiS
756 2228 917 2299 Ptffldiesstet
967 2235 1097 2291 tilissime
1114 2235 1290 2306 providendo
1304 2235 1413 2294 insistat
1425 2241 1551 2312 qualiter
1565 2245 1691 2300 omnium
1705 2248 1799 2306 alticio

66 2372 71 2389 ,
132 2320 434 2398 confessionesexigere,
467 2322 657 2394 poeuitentiam
671 2339 733 2378 cum
749 2322 918 2379 discretione
968 2324 1173 2381 studiosissime
1192 2325 1376 2400 gubernando
1400 2328 1435 2382 nd
1472 2338 1583 2402 portum
1614 2333 1797 2404 perfectionis

135 2425 194 2472 caute
208 2419 357 2489 imponere,
368 2418 579 2488 hospitalitatem
591 2418 700 2486 sectari,
718 2416 842 2476 infirmos
857 2418 921 2474 risi·
971 2419 1072 2492 dirigat
1088 2419 1210 2491 :quibos
1225 2421 1254 2475 in
1269 2420 1370 2489 causis,
1385 2421 1438 2477 nisi
1457 2424 1564 2493 jussus,
1575 2426 1795 2501 chorepiscopus

136 2507 199 2561 uodo
209 2507 342 2579 obsequia
353 2507 535 2583 benignitatis
548 2508 800 2578 etbenedictionis,
815 2514 844 2564 ct
855 2523 920 2563 sau-
971 2511 1131 2568 uullutenus
1143 2512 1258 2568 excedat
1274 2512 1321 2586 (l).

164 2661 274 2733 (ttbuod
308 2665 429 2721 raecessit
455 2667 619 2738 opusculum
648 2668 759 2732 Ebosia,
775 2683 808 2723 cx
828 2664 915 2722 sancti
968 2668 1034 2723 villa
1053 2667 1214 2733 Norilliace
1237 2668 1316 2737 cujus
1342 2677 1439 2726 auctor
1459 2670 1791 2746 llincmarusipsevide·

139 2731 230 2813 Remigii
244 2683 412 2818 biinotlreca
423 2737 516 2794 llemis
530 2738 735 2810 exscripsimus,
751 2755 812 2795 cum
833 2739 918 2794 loau-
969 2745 1025 2803 tur,
1051 2740 1132 2795 nobis
1155 2740 1370 2797 communicavit
1404 2741 1623 2800 humanissimus
1655 2745 1785 2803 Nicolaus

140 2805 350 2886 nullllcprstola
378 2816 406 2865 et
421 2809 533 2866 decreto
554 2811 700 2867 electionis
713 2809 916 2872 laudunensis,
970 2810 1059 2865 Faber
1077 2811 1301 2875 exhibliotheca,
1332 2819 1362 2866 ut
1388 2812 1481 2868 aicbat
1508 2813 1539 2867 V.
1565 2813 1594 2882 C,
1612 2814 1719 2873 Claudii
1734 2817 1789 2875 Pu·

142 2891 187 2944 ore
201 2878 264 2933 rnlra
292 2889 455 2952 sequentur.
482 2881 637 2938 Proximam
659 2898 725 2939 rero
741 2883 870 2940 Notitiam
882 2880 917 2937 de
968 2882 1042 2937 teani
1058 2882 1196 2938 senatoris
1209 2882 1381 2938 Porisicnsis.

658 3176 1020 3292 soouuaruu
1057 3177 1246 3270 ossan

143 3379 262 3452 Quomodo
285 3392 319 3452 b.
349 3391 536 3454 hincmarus
559 3394 667 3455 viltam
692 3394 903 3455 Nouitttacum
936 3392 1019 3470 apud
1044 3393 1077 3453 D.
1111 3392 1253 3456 Coretum
1282 3396 1492 3473 imperatorem
1517 3401 1621 3476 fitium
1644 3401 1787 3464 ludomci

743 3473 934 3552 imperatoris
959 3474 1144 3550 impetrauit.

861 3663 1044 3677 Μ

137 3860 141 3869 Ι
160 3774 276 3837 beluucto
292 3779 412 3853 Pippino
427 3796 492 3856 rege
512 3796 558 3837 rur
583 3780 698 3837 llalend.
715 3780 841 3837 Octobris
853 3781 921 3851 1765)
939 3779 999 3854 Cin
1020 3780 1158 3839 beneficio
1175 3783 1313 3840 duschcm
1331 3785 1441 3849 Saroni,
1456 3787 1503 3858 qui
1520 3796 1645 3846 nonaset
1660 3792 1785 3850 declmns

136 3877 154 3916 ¹1¹
169 3870 324 3926 monasterio
343 3870 432 3926 sancti
449 3870 581 3942 Dionysii,
601 3867 650 3924 sitii
666 3869 726 3939 ejus
742 3868 921 3926 Caroloman·
972 3869 1006 3924 ad
1027 3877 1131 3941 partem
1143 3869 1288 3925 hamensis
1301 3871 1431 3928 Ecclesia
1443 3873 1478 3928 dc
1492 3874 1553 3946 ipsa
1566 3876 1632 3931 villa
1646 3894 1734 3951 usque
1749 3883 1784 3937 ad

133 3969 169 4014 111
179 3969 202 4016 et
212 3960 323 4018 Carolus
334 3960 488 4017 secuudum
503 3960 714 4032 dispositionem
740 3959 826 4030 patris
840 3959 882 4015 sui
895 3966 922 4014 et
971 3966 1086 4015 mortem
1101 3975 1178 4015 suam
1194 3959 1328 4032 persolvit
1344 3979 1350 4015 :
1367 3961 1533 4020 etdeluncto
1546 3964 1660 4021 domino
1675 3967 1783 4037 Canale,

132 4053 251 4109 consilium
267 4053 346 4127 regni
358 4052 672 4126 primorumdiviserunt
688 4051 920 4125 interseregnum
971 4048 1020 4104 sed
1036 4054 1065 4104 et
1080 4048 1141 4121 ipso
1157 4049 1308 4115 anschero,
1325 4057 1470 4122 postquam
1498 4051 1697 4111 Carlomanuus
1712 4074 1784 4130 pror·

131 4150 264 4212 paternum,
276 4145 412 4201 etelevati
430 4151 495 4200 sunt
521 4143 550 4198 in
576 4159 654 4217 reges
676 4159 713 4197 vu
726 4142 767 4198 ld.
783 4141 919 4208 Octobris,
971 4139 1053 4196 latam
1071 4142 1163 4197 villam
1179 4157 1242 4197 curu
1258 4142 1333 4197 omni
1347 4142 1643 4215 integritatellemonsi
1653 4148 1783 4205 Ecclesiae

129 4233 305 4295 larlomannus
318 4239 346 4293 in
362 4237 530 4305 Suessionis,
561 4244 587 4291 ct
603 4235 716 4291 Carolus
731 4234 760 4288 in
776 4234 918 4297 dedomo,
971 4236 1216 4310 tradidit,scmper
1231 4238 1290 4308 ipsa
1305 4238 1429 4294 Ecclesia
1442 4239 1507 4296 iude
1523 4242 1697 4312 vestituram,
1713 4245 1784 4301 sicut
1860 4230 1863 4234 ¹

127 4330 181 4388 sicut
196 4335 223 4388 in
233 4332 335 4388 Annali
352 4349 448 4408 regum
464 4332 599 4402 scriptum
616 4330 762 4385 lrabemos.
970 4327 1132 4398 praedictum
1153 4335 1206 4395 est,
1219 4329 1660 4398 peranuosxxxruhabuitPost
1675 4333 1783 4391 obitum

149 4424 221 4482 luno
235 4442 262 4480 rr
272 4423 352 4499 regni
367 4423 410 4478 sui
427 4420 580 4477 infirmatus
595 4429 638 4477 est
653 4420 850 4476 Carlomannus
872 4419 918 4473 iu·
970 4419 1064 4476 domni
1081 4419 1181 4485 Caroli,
1207 4429 1235 4475 et
1253 4420 1385 4477 defuncto
1409 4421 1469 4492 ipso
1496 4423 1647 4490 anschero,
1665 4423 1784 4480 domnus

122 4514 236 4577 imitate
258 4536 313 4592 qua
328 4525 357 4574 et
369 4525 492 4573 mortuus
511 4525 554 4573 est
566 4516 796 4582 inSalmuntiaco,
813 4523 841 4571 et
856 4521 920 4570 ante

120 4611 211 4668 obitum
226 4629 308 4668 suurn
323 4625 373 4682 per
387 4614 553 4681 praeceptum
569 4608 651 4681 regiae
665 4623 721 4663 suae
737 4606 918 4673 auctoritatis,

120 4706 180 4775 quod
197 4706 343 4771 habemus
360 4710 484 4772 tempore
517 4700 617 4772 Tilpini
632 4699 843 4772 archiepiscopi,
865 4705 921 4754 tro-

119 4793 177 4850 didit
191 4795 285 4851 villam
300 4791 479 4849 Novilliacum
499 4805 561 4845 cum
582 4788 713 4844 omnihus
735 4787 814 4843 adse
830 4787 918 4859 perti·

118 4891 247 4957 uentibus,
266 4904 316 4960 pro
339 4887 439 4943 animae
472 4902 530 4941 suae
548 4884 683 4951 remedio,
700 4890 727 4939 ct
747 4883 808 4939 loco
822 4883 919 4954 sepul-

119 4986 188 5046 turae,
216 4978 251 5033 ad
272 4975 418 5033 ecclesiam
451 4974 616 5031 lismensem
643 4973 669 5027 S.
687 4972 788 5039 llariae,
802 4979 829 5028 et
844 4972 919 5027 basi·

118 5066 191 5123 licam
212 5066 302 5122 sancti
331 5063 458 5137 Remigii,
491 5064 518 5118 in
534 5072 629 5135 quaet
650 5065 777 5135 sepultus
791 5070 841 5119 est.
859 5062 921 5119 Post

970 4513 1125 4570 Ludovicus
1141 4515 1293 4587 imperator
1305 4516 1418 4574 donarit
1433 4517 1521 4588 ipsam
1546 4502 1637 4573 uillam
1653 4519 1783 4575 110111111-

970 4623 1032 4663 cum
1048 4607 1153 4662 llouato
1164 4606 1351 4664 inbeneficio.
1362 4608 1413 4674 Qui
1429 4609 1561 4675 bonatus,
1578 4611 1783 4668 interveniente

969 4695 1086 4769 bigone,
1098 4712 1146 4767 per
1158 4697 1378 4767 subreptionem,
1393 4698 1471 4769 quasi
1485 4698 1520 4754 de
1537 4698 1604 4755 fisco
1620 4702 1784 4776 regisquas-

969 4786 1032 4841 dam
1046 4784 1170 4841 colonias
1189 4785 1224 4840 dc
1241 4785 1302 4856 ipsa
1321 4785 1386 4841 ville
1400 4786 1522 4842 obtinuit
1533 4787 1560 4841 in
1583 4789 1781 4860 proprietatem

971 4894 1019 4950 per
1051 4885 1219 4950 praeceptum
1250 4878 1345 4934 domni
1376 4878 1505 4936 ludovici
1541 4881 1725 4953 impemtoris.
1752 4885 1784 4940 Et

970 4969 1083 5040 quando
1094 4968 1237 5024 Lotharius
1252 4967 1324 5024 iilius
1336 4968 1431 5025 domni
1447 4969 1579 5026 ludovici
1607 4971 1782 5043 imperatoris

972 5056 1138 5114 Cerilloucm
1152 5058 1278 5125 veniens,
1299 5074 1359 5114 cam
1370 5060 1548 5136 expugnarit,
1557 5062 1678 5117 Donatus
1692 5062 1781 5119 ovilla

118 5163 189 5229 caius
211 5160 319 5218 obitum
347 5158 457 5214 Carolus
489 5156 646 5228 iraterejus
674 5165 824 5230 praecepto,
841 5149 1305 5237 qoostuproblatronam,quae
1336 5149 1478 5206 Pomarius
1497 5159 1620 5217 vocatur,
1641 5152 1675 5207 ab
1691 5152 1781 5224 impe-

118 5250 253 5319 habehim,
268 5265 328 5305 suae
343 5247 513 5304 auctoritatis
523 5247 608 5319 ipsam
625 5247 803 5303 traditionem
818 5244 920 5303 confir·

118 5342 202 5398 ararit.

145 5430 277 5487 [leluncto
295 5426 405 5499 Tilpiuo
431 5424 640 5497 archiepiscopo
660 5441 733 5481 auno
762 5441 829 5481 1111111
842 5431 918 5497 post·

116 5538 191 5594 quam
206 5522 406 5599 Carlomauuus
424 5519 555 5575 llemensi
577 5518 701 5575 ecclesiae
715 5517 809 5573 villaro
825 5517 920 5574 Novit-

115 5608 209 5667 liacum
223 5609 349 5676 tradidit,
365 5607 493 5665 tenuitlt.
520 5623 566 5663 rex
581 5606 693 5663 Carolus
706 5607 842 5663 demenso
857 5606 920 5679 epi-

116 5704 233 5778 scapton
244 5703 274 5760 in
284 5716 336 5759 suo
350 5699 504 5768 dominatu,
520 5698 727 5758 etdeditvillam
739 5697 919 5756 Norilliacum

971 5246 1061 5296 rotare
1075 5238 1221 5307 defecit‚ot
1236 5237 1276 5294 illi
1290 5238 1421 5295 mentitus
1431 5239 1629 5296 adLotharium
1644 5240 1779 5317 confugit,

969 5339 997 5387 ct
1011 5331 1141 5387 veniente
1155 5330 1293 5387 hostiliter
1306 5330 1472 5403 imperatore
1485 5331 1623 5389 Ludovico
1637 5332 1671 5388 ad
1686 5332 1778 5389 villam

970 5437 1031 5497 quae
1046 5419 1186 5477 Calciacus
1205 5419 1314 5489 dicitur,
1340 5417 1485 5475 Letharius
1503 5421 1539 5476 ad
1558 5437 1621 5476 cum
1644 5437 1706 5477 curn
1719 5421 1778 5476 suis

969 5516 1137 5574 constrictus
1150 5515 1234 5579 venit,
1263 5521 1291 5571 et
1315 5524 1516 5572 sacramentum
1545 5516 1617 5587 ipse,
1639 5524 1668 5572 ct
1685 5513 1729 5569 sui
1741 5513 1776 5568 ab

970 5604 1137 5677 imperatore
1161 5603 1307 5676 quaesitum
1335 5603 1374 5659 illi
1388 5605 1559 5674 juraverunt.
1577 5604 1650 5659 luter
1664 5616 1734 5674 quos
1748 5608 1776 5657 ct

969 5696 1094 5755 bonatus
1109 5696 1144 5753 de
1163 5694 1323 5753 infidelitate
1336 5693 1397 5766 ejus
1407 5695 1612 5767 comprobatus,
1625 5693 1679 5767 ipsi
1689 5692 1776 5768 impe·
