3840 6106
43 230 81 283 ’Π
383 224 547 282 HISTORIAE
566 224 734 281 scelesta
753 226 918 282 ueuuusts
937 226 1025 283 ttulit
1045 226 1211 292 Quaruou.
1226 258 1262 268 -
1276 227 1340 284 tiu.
1362 228 1385 283 l.
1681 233 1717 288 78

42 361 130 418 tiliois
152 360 260 417 obitum
288 359 368 427 (obiit
395 359 467 415 dicto
494 375 541 415 aa.
558 357 622 426 882,
644 364 676 415 ut
703 362 741 416 est
754 361 787 415 ia
804 362 858 429 riae
870 367 897 432 Α
909 360 1073 416 Grimoldus
1088 360 1211 425 nomino,
1223 359 1271 414 dio
1286 359 1391 416 lumine
1412 360 1544 431 priuatus,
1557 373 1590 414 os
1604 375 1716 432 quoqne

41 453 92 507 lr't'·
107 451 161 521 ¹¹¹),
176 447 425 504 desiderabilisbic
440 463 584 504 Sacrorum
599 448 748 504 thesaurus
763 463 853 503 mem-
904 452 1097 512 miserabiliter
1111 451 1314 508 areclitndinis
1337 453 1399 510 loco
1413 452 1553 517 distortus,
1572 452 1716 525 invisaque

43 541 169 606 brorum,
186 537 220 592 ad
235 537 393 592 urbacense
407 537 568 609 perducitur
579 537 790 593 monasterium·
807 536 855 592 llic
904 542 1079 600 delormitatc
1109 548 1234 612 turpatus
1248 557 1264 596 a
1289 541 1452 613 parentibus
1467 543 1577 598 obuiam
1595 542 1715 608 delatus,

44 648 157 704 quoqne
172 628 327 687 beatissimi
351 629 435 698 huius
461 628 572 700 patroni
607 627 692 684 nostri
718 626 857 703 suffragiis
906 633 1064 707 pristinum,
1080 629 1284 702 quamdudum
1301 629 1442 697 amiserat,
1455 641 1498 686 est
1513 632 1601 687 visam
1616 646 1716 687 conm-

44 725 137 781 omnis
149 721 333 779 commoditas
361 720 433 776 aeris
460 721 678 792 circumquaque
690 718 857 794 degentibus
906 733 995 790 cutus,
1016 723 1087 779 etin
1103 723 1244 793 propriam
1269 721 1436 777 sanctissimi
1453 723 1540 778 Patris
1554 723 1636 792 buius
1648 722 1714 793 opi·

43 814 393 879 attribuitnrincolis,cnm
409 811 520 868 insolita
531 811 675 867 fertilitate
686 810 802 867 telluris.
908 812 1042 870 tutatione
1057 810 1219 866 mirabiliter
1233 819 1275 865 est
1301 809 1423 883 effigiem
1449 812 1600 866 restitutus.
1627 813 1716 867 loter-

79 909 146 963 Post
156 907 304 962 decessum
317 919 383 959 uero
403 902 548 976 sepedicti
575 903 703 974 presulis
719 900 858 958 llincmari
905 903 979 972 jecto
992 901 1066 957 velot
1082 901 1165 955 nnius
1190 900 1265 956 borae
1280 900 1381 971 spatio.
1398 914 1468 971 puer
1485 900 1555 955 alins
1569 916 1585 955 a
1599 908 1714 957 contra-

43 1015 107 1056 cnm
124 997 303 1071 pontificatus
317 995 448 1051 subiisset
459 996 592 1051 honorem
607 994 753 1060 Falco,sui
769 993 862 1065 primo
909 992 1002 1048 ctione
1014 989 1140 1062 corporis
1163 988 1290 1057 ejusdem
1323 989 1432 1060 patroni
1448 987 1587 1064 suffragiis
1602 989 1719 1045 feliciter

45 1091 212 1162 presulatus
226 1105 299 1144 anno
323 1086 430 1142 referre
460 1086 585 1142 decrevit
608 1086 679 1141 alma
704 1083 860 1141 beatissimi
909 1092 953 1141 est
966 1090 1075 1140 erectus
1099 1081 1203 1138 Cohors
1216 1081 1301 1154 igitur
1316 1082 1427 1150 devota,
1446 1081 1577 1139 melodiis
1591 1083 1719 1138 Dauidica

46 1180 129 1249 bajus
144 1179 233 1234 nostri
253 1177 342 1232 Patris
361 1175 491 1247 ossa[ua.
507 1174 580 1247 8831.
597 1175 675 1241 Quod
695 1174 744 1229 nbi
759 1189 859 1248 aggre·
910 1187 1085 1245 nequaqnam
1112 1168 1255 1226 sulliciens
1286 1171 1403 1228 reboare
1431 1171 1567 1238 camnine,
1601 1171 1721 1228 marimo

47 1270 134 1337 ditor,
149 1268 332 1341 perveniente
342 1267 399 1336 jam
412 1281 456 1330 eo,
472 1282 536 1321 cnm
548 1265 726 1338 coepiscopis
737 1271 765 1320 et
776 1264 859 1320 cleris
909 1265 1001 1322 cordis
1011 1263 1111 1320 affectu
1125 1272 1259 1336 permota,
1270 1263 1343 1319 inter
1356 1264 1468 1319 landum
1483 1280 1575 1332 voees,
1592 1264 1722 1321 eliciente

48 1357 180 1429 plurimis
193 1357 327 1412 adloeum
341 1355 391 1412 nbi
403 1354 503 1430 pignus
516 1354 681 1410 servabatur
696 1353 859 1426 pretiosum,
910 1354 1011 1429 gaudio
1036 1352 1163 1425 lacrymis
1191 1369 1240 1409 ora
1268 1353 1358 1426 rigare
1385 1353 1517 1425 prolusis,
1542 1360 1571 1409 et
1590 1353 1721 1425 suspiria,

48 1466 110 1506 cum
125 1458 200 1504 essct
212 1464 313 1523 magna
330 1447 393 1503 coeli
407 1445 553 1512 serenitas,
569 1445 619 1501 sed
640 1444 750 1501 feruens
764 1444 862 1500 admo·
911 1447 1104 1520 singultusque
1126 1446 1245 1503 formare
1274 1461 1324 1518 pro
1351 1446 1477 1503 canticis.
1493 1446 1721 1503 Concurrentium

48 1539 112 1594 dnm
139 1538 261 1600 siccitas,
290 1536 383 1591 subito
410 1551 439 1591 se
459 1542 551 1590 lautus
579 1533 675 1590 effudit
699 1532 799 1600 imber,
830 1541 861 1586 nt
910 1554 1021 1612 quoque
1037 1539 1123 1594 nimia
1135 1539 1247 1611 stipatio
1265 1538 1400 1611 plebium,
1419 1539 1491 1595 sacri
1505 1538 1628 1595 muneris
1640 1554 1723 1613 geru-

50 1628 133 1685 totins
148 1628 232 1697 buius
257 1623 434 1697 superficiem
457 1633 536 1680 terrae
563 1623 706 1679 videretur
739 1620 860 1677 ubertim
874 1629 968 1705 sslnm
984 1627 1143 1684 deosculari
1171 1628 1344 1701 cupientium
1364 1627 1498 1696 loculum,
1514 1628 1723 1700 importunitate

51 1718 190 1792 irrigasse.
207 1716 403 1772 incrastinum
418 1730 484 1771 veru
499 1714 565 1769 dum
580 1729 659 1769 sacra
682 1712 861 1782 rel'erreprO·
912 1721 1003 1776 valida
1034 1721 1197 1776 vehentium
1213 1720 1299 1792 eoepit
1328 1719 1414 1794 ligere
1441 1735 1577 1792 gressum.
1593 1719 1723 1776 llirornm

51 1818 299 1876 mouentmnnera,
312 1807 503 1875 anastasiam,
516 1805 863 1876 cunctajucunda,euncta
912 1812 1051 1884 siquidem
1076 1828 1139 1884 quae
1151 1812 1322 1887 gerebantur
1342 1812 1590 1884 percrebrescebat
1604 1812 1699 1884 opinio
1716 1827 1725 1880 ;

51 1904 202 1959 mundanae
216 1901 320 1974 speciei
350 1901 504 1955 redduntur
528 1915 655 1967 amoena;
672 1911 863 1972 prosperoque
913 1901 1095 1973 certatimque
1117 1909 1172 1957 tam
1195 1902 1256 1956 sani
1284 1918 1365 1974 qnam
1391 1901 1506 1958 diversis
1520 1901 1726 1958 calamitatibus

53 2008 206 2068 progressu
216 1988 422 2047 confluentibus
441 1989 565 2061 undique
583 1989 705 2062 populis,
721 1987 756 2043 ld
771 1986 863 2042 Vicum
914 1994 998 2049 attriti
1015 2011 1166 2067 properare
1195 1995 1356 2066 studebant,
1386 1995 1532 2068 cupientes
1551 1996 1652 2052 intueri
1666 2011 1726 2050 ma·

53 2084 210 2139 deueniunt
233 2082 439 2148 Calmiciacum,
457 2081 485 2137 in
510 2097 565 2154 quo
576 2081 711 2137 nonnulla
725 2080 804 2135 Peter
818 2077 864 2132 hie
914 2087 1006 2160 gebba
1020 2103 1083 2160 qeae
1094 2088 1227 2144 pominus
1253 2089 1441 2160 omnipotens,
1462 2089 1490 2144 jn
1509 2089 1595 2145 senen
1608 2088 1650 2144 sui
1667 2088 1726 2144 ela.

52 2176 280 2231 eximiusadhuc
303 2192 386 2230 carne
413 2181 508 2245 septus
536 2173 667 2229 uirtutum
692 2170 866 2245 dignoscitur
916 2175 1080 2242 rifieatione,
1108 2177 1292 2248 multiplicare
1322 2184 1515 2250 proposuerat.
1550 2179 1601 2234 Pro
1627 2192 1727 2251 magno

53 2269 215 2324 extribuisse
243 2268 388 2343 magnalia.
422 2267 468 2322 ilie
495 2266 619 2322 membra
650 2262 809 2320 ueneranda
837 2261 865 2316 in
917 2283 1036 2339 namque
1048 2267 1102 2322 sibl
1112 2266 1340 2339 damnoqnisque
1353 2267 1511 2339 reputabat,
1523 2268 1579 2324 imo
1594 2267 1727 2323 delictum

53 2358 174 2413 eeclesia
193 2357 366 2429 deponentes
394 2357 455 2426 ejus
484 2354 597 2411 nomine
625 2353 764 2414 dedicata,
779 2348 868 2406 noctis
919 2356 1079 2428 deputabat,
1098 2371 1153 2412 non
1167 2355 1262 2424 modo,
1289 2355 1312 2410 si
1336 2370 1391 2411 non
1407 2356 1582 2427 procederet,
1595 2371 1691 2411 vorum
1704 2355 1727 2409 si

55 2450 150 2522 quiete
179 2450 252 2505 lesse
276 2448 369 2504 levant
394 2462 520 2518 corpora.
552 2446 615 2502 Post
638 2443 745 2515 requiei
776 2441 870 2496 snbsi·
919 2454 1075 2516 postremns
1101 2444 1255 2499 accederet.
1282 2446 1506 2516 Approperantes
1530 2450 1623 2500 antem
1651 2444 1728 2499 ciues

57 2543 145 2609 diurn,
158 2542 216 2611 jam
245 2549 330 2597 terras
362 2540 430 2597 solis
468 2540 623 2594 illustrante
648 2535 759 2606 jubare,
787 2549 870 2590 voees
919 2538 1039 2603 obviam,
1055 2537 1120 2592 dnm
1131 2545 1207 2612 grata
1229 2536 1333 2593 deferri
1348 2549 1605 2603 cernuntmnnera‚
1616 2553 1646 2593 se
1661 2552 1729 2609 pro·

56 2634 183 2706 undique
199 2633 285 2689 ileum
301 2630 528 2688 benedicentium
538 2637 708 2700 concrepant
717 2635 800 2698 atque
810 2626 868 2679 lau·
918 2637 1087 2698 sternentes,
1101 2630 1153 2686 soli
1165 2630 1449 2703 deosculanturterga
1462 2631 1728 2703 :suspicientesquo,

58 2723 194 2789 dantium,
223 2721 299 2794 qnod
328 2720 369 2776 eis
395 2728 544 2791 pastorem,
573 2724 721 2789 patronum
751 2729 866 2785 acpro·
919 2719 967 2775 nbi
982 2719 1206 2792 contemplantur
1219 2719 1322 2789 locum,
1336 2721 1466 2792 pretiosae
1484 2720 1570 2776 divini
1585 2721 1730 2776 diadema-

59 2820 194 2866 tectorem
222 2809 352 2865 redderet
378 2807 560 2881 corporaliter
588 2805 749 2878 proprium,
784 2818 868 2875 quem
919 2809 1084 2882 tisgemmae
1102 2809 1355 2878 bajulum,multas
1375 2810 1731 2886 intererimiagaudiala·
1819 2791 1823 2806 ¹

61 2919 170 2974 semper
195 2901 269 2972 apud
298 2900 418 2956 diuinam
443 2897 619 2956 elementiam
644 2896 867 2962 intercessorem,
919 2916 1028 2974 erymas
1052 2901 1182 2968 tandum,
1210 2902 1391 2958 obsecrantes
1419 2903 1587 2975 oeamplins
1603 2902 1731 2973 ejusdem

61 2990 240 3046 atassidnnm
256 3005 286 3045 se
313 2989 416 3044 habere
434 2986 576 3044 confidant
595 2986 766 3043 advocatum·
792 2984 867 3038 ΡΜ·
884 2992 1090 3081 Cl'atrisailiei
1107 3002 1273 3050 censeantur
1286 2995 1426 3061 absentia,
1439 2996 1507 3067 qnin
1525 3005 1658 3068 perpetua
1672 3011 1734 3049 me·

64 3083 130 3139 latus
145 3084 255 3138 interea
269 3084 379 3154 praesul,
395 3080 550 3138 uoelesiiurtt
565 3079 746 3136 sacramentis
765 3084 870 3148 myrle-
920 3094 1032 3142 reantur
1052 3086 1181 3163 gratulari
1206 3089 1363 3159 presentia.
1382 3090 1463 3146 Pater
1478 3090 1586 3147 interea
1601 3089 1732 3145 beatissi-

65 3174 163 3228 li⁰r¹¹¹¹l
186 3173 239 3228 Γίῑθ
265 3170 421 3234 oelflbralib
448 3169 618 3225 immissfflllss
642 3170 786 3244 jugacnm
811 3166 870 3222 ¹³1¹·
920 3174 1113 3233 musliliornm
1139 3177 1279 3234 deuotioni
1313 3178 1454 3249 praeclaris
1482 3178 1578 3235 fauens
1606 3178 1732 3248 nutibus,

67 3264 144 3318 libris
163 3262 275 3318 scandit
297 3261 410 3328 ῐΰθΰῑίὓ,
433 3259 633 3317 wmllflmiblls
652 3257 871 3330 undiquefflssllss
921 3265 998 3320 addit
1015 3267 1104 3321 adhue
1120 3265 1223 3322 divinis
1239 3267 1350 3338 plebem
1364 3284 1443 3324 suam
1455 3267 1734 3339 multipliciterexhi-
1841 3266 1848 3283 ¹

69 3356 229 3427 populorum
243 3355 360 3426 stipatus
388 3354 515 3410 catervis.
545 3351 593 3408 llic
621 3351 669 3407 ubi
695 3365 747 3422 pro
774 3349 871 3421 populi
923 3352 1010 3408 lamro
1025 3353 1209 3411 mirabilibus.
1224 3355 1331 3411 Etenim
1345 3357 1411 3412 dum
1426 3356 1734 3413 clerusonmsacerdo-

71 3447 181 3515 lelictis,
208 3456 236 3502 et
264 3447 313 3502 ire
337 3446 510 3521 mitigatione
539 3443 708 3502 celesttsad
724 3443 871 3499 Dominum
924 3445 1009 3512 tibus,
1024 3446 1148 3518 psalmis,
1164 3449 1284 3518 hymnis,
1301 3459 1329 3504 et
1347 3449 1463 3505 canticis
1482 3449 1609 3506 intonant
1620 3450 1735 3522 spirita·

73 3538 180 3594 ludisset
195 3539 363 3605 orationem,
377 3538 576 3610 paululumque
591 3536 807 3608 processissent,
823 3534 873 3588 ad·
924 3534 1008 3603 libus,
1033 3535 1154 3607 populus
1179 3537 1262 3592 etiarn
1279 3536 1455 3605 jubilationis
1469 3539 1612 3597 immensae
1638 3541 1735 3597 reboat

76 3627 120 3682 inc
133 3626 284 3684 clarificare
300 3627 435 3695 Cbristns,
462 3625 609 3681 mirificare
622 3631 706 3696 atquo
719 3621 875 3698 glorificare
924 3630 1051 3695 vocibus,
1073 3637 1103 3686 ut
1117 3630 1272 3686 mirabilem
1287 3631 1373 3688 Deum
1390 3633 1418 3688 in
1434 3636 1537 3691 sanctis
1561 3636 1620 3691 suis
1632 3637 1736 3706 jucnn-

10 3714 13 3735 '
79 3721 218 3792 disponens
243 3722 316 3777 buno
344 3720 536 3777 beatissimum
564 3720 671 3775 Patrem
699 3727 824 3775 nostrum
848 3717 875 3771 in
926 3720 1051 3776 dioribns
1072 3720 1164 3776 adbno
1189 3729 1416 3791 praeconarentur
1439 3723 1558 3787 animis,
1591 3721 1736 3793 pristinam

82 3812 157 3876 terris,
180 3827 265 3883 quem
294 3808 470 3885 magnificare
498 3826 561 3866 cum
590 3809 697 3884 angelis
711 3809 833 3879 elegerat
848 3807 877 3862 in
927 3809 1074 3866 multitudo
1090 3809 1278 3883 languentium
1295 3810 1457 3880 sospitatem
1467 3809 1738 3881 manifesteconspi-

13 3886 19 3975 ¹3
84 3904 154 3969 mle,
169 3905 266 3976 quanti
285 3903 321 3958 sit
333 3902 406 3976 apud
421 3919 453 3959 se
475 3902 566 3958 meriti
581 3901 758 3959 concurrenti
773 3916 878 3973 propa·
927 3901 999 3957 eitnr
1012 3915 1189 3972 recuperare,
1211 3900 1309 3955 levatis
1338 3900 1465 3971 pluribus
1479 3899 1555 3956 uaria
1583 3908 1661 3972 peste
1674 3917 1738 3958 cor-

17 4002 22 4075 Ἰ
85 3989 260 4049 laredecernit
271 3991 451 4048 multitudini.
927 3993 1061 4064 poribus:
1077 3993 1204 4063 adeoque
1233 4008 1284 4064 per
1297 3991 1408 4065 singula
1427 4008 1499 4064 pene
1516 4002 1665 4063 momenta,
1680 4009 1739 4051 eoe-

19 4078 22 4089 '
370 4105 475 4161 ggppp
492 4105 573 4160 xpp,
928 4085 1007 4141 lestia
1021 4085 1217 4158 pandebantur
1232 4084 1376 4154 miracula,
1387 4094 1417 4141 nt
1429 4085 1463 4141 ad
1479 4086 1539 4142 baec
1552 4086 1678 4143 locorum
1695 4088 1740 4144 vel

186 4199 225 4252 br
238 4195 486 4251 marmarium
497 4194 769 4265 plmbesrmperrrr,
929 4186 1085 4250 temporum
1099 4179 1145 4234 vix
1171 4177 1362 4234 enumeranda
1384 4177 1492 4234 censeri
1516 4178 1641 4236 ualerent
1656 4179 1742 4236 intor-

111 4288 209 4344 teeidit
220 4289 316 4360 itaque
328 4288 430 4343 mulier
447 4302 531 4350 caeca,
560 4286 674 4342 nomine
688 4285 774 4352 boda,
794 4300 878 4340 manu
928 4269 1014 4325 Sillii·
1718 4355 1724 4366 ἱ

87 4373 126 4428 sibi
140 4392 253 4452 gregeus
267 4375 390 4452 regentis
418 4375 522 4442 innixa,
537 4391 600 4448 (ψῃ
614 4391 688 4443 mox,
705 4382 736 4430 ur
750 4375 878 4431 cominus
964 4358 1041 4414 Tunc
1056 4358 1139 4434 igitur
1155 4358 1282 4413 llosanna
1296 4359 1423 4430 quaedam
1440 4358 1550 4418 mulier.
1572 4372 1634 4413 oum
1651 4355 1742 4410 admi·

88 4474 247 4538 approperat,
259 4466 349 4521 virum
368 4464 422 4520 sibi
452 4464 560 4521 restitui
579 4480 672 4521 eorem
686 4464 817 4521 omnibus
828 4464 880 4518 im.
892 4438 920 4507 D
932 4450 1039 4505 ratione
1053 4450 1246 4523 gaudentium,
1257 4450 1342 4505 celeri
1358 4451 1458 4506 meruit
1470 4450 1653 4522 prosperitate
1673 4449 1744 4505 reei-

90 4562 170 4619 patrat.
185 4553 264 4620 Quod
293 4554 393 4626 praesul
421 4554 548 4620 audiens,
579 4553 712 4624 hymnum
727 4553 818 4608 laudis
832 4551 880 4607 ber
932 4542 1109 4613 perevisnm.
1127 4543 1231 4613 [ltpost
1257 4543 1387 4613 pusillum
1410 4542 1652 4615 claudusqnidam
1670 4541 1742 4597 leliei

10 4706 13 4713 .
90 4653 137 4697 cnm
156 4643 273 4715 popolo,
300 4658 400 4718 magno
429 4643 552 4714 repletus
575 4641 751 4698 concelebrat
765 4641 879 4716 gaudio.
932 4649 1048 4689 munere
1063 4633 1242 4706 consequitur
1256 4650 1391 4708 gressum.
1407 4634 1528 4691 [teodata
1544 4635 1744 4706 quaedam,pa·

10 4786 17 4799 ,
92 4727 195 4788 ledum
213 4731 344 4789 finierant
362 4733 430 4788 odas
448 4730 631 4787 exsultatione
645 4731 746 4787 coelnm
765 4731 880 4802 replen·
934 4724 1041 4780 telactis
1063 4724 1171 4780 aurium
1194 4725 1300 4794 ianuis,
1316 4726 1480 4797 adipiscitur
1509 4726 1645 4781 auditum.
1678 4724 1744 4791 Qni-

10 4883 17 4891 ,
94 4822 133 4886 tos,
150 4830 178 4877 ct
200 4836 266 4878 eece
282 4819 430 4876 frustratus
457 4819 571 4892 quidam
596 4819 694 4875 multis
707 4834 804 4895 gressu
819 4818 882 4874 die·
933 4813 1136 4881 dam,nomine
1157 4813 1254 4879 leuto,
1283 4813 1464 4870 desiderabili
1489 4812 1745 4886 potiturillumina·

10 4970 16 4980 Ι
96 4905 133 4964 bus
158 4929 221 4969 cum
249 4913 358 4987 integra
379 4912 506 4984 procedit
538 4910 728 4967 incolumitate
748 4910 884 4968 laetabun-
935 4902 1019 4958 tionis
1033 4902 1117 4959 dono.
1142 4904 1220 4969 item,
1249 4905 1377 4975 quaedam
1398 4904 1500 4960 mulier
1526 4904 1625 4959 eodem
1652 4903 1745 4976 gavisa

10 5059 11 5065 g
100 4996 143 5057 los.
935 4995 1041 5052 laetntnr
1064 4994 1211 5051 beneficio.
1250 4997 1383 5053 Similiter
1419 4995 1555 5053 tosardus
1578 4996 1612 5068 U,
1640 4995 1744 5068 ansol]

123 5090 254 5151 lransiere
266 5110 331 5151 cnm
344 5092 473 5150 laudibus
488 5093 555 5149 inde
568 5092 730 5165 paulisper:
743 5099 771 5146 et
784 5091 885 5147 mulier
935 5100 1045 5157 quoque
1059 5085 1175 5149 lumine,
1190 5085 1266 5156 qnod
1294 5085 1381 5140 nimio
1396 5084 1530 5160 flagrabat
1542 5085 1652 5157 assequi
1669 5084 1747 5140 desi·

102 5182 203 5246 amdan
223 5199 356 5240 manuum
378 5182 465 5254 potita
490 5182 608 5238 sanitate
627 5180 760 5237 succedit.
789 5180 886 5252 llnpli-
935 5177 1024 5244 derio,
1040 5175 1096 5232 fido
1118 5191 1170 5232 oen
1186 5176 1307 5232 credidit
1334 5177 1440 5245 animo,
1464 5176 1552 5232 Patris
1580 5177 1662 5247 bajus
1677 5176 1748 5248 piis-

103 5278 147 5325 unt
179 5288 269 5350 ergo,
312 5271 510 5344 triplicantque
538 5270 698 5328 comitantia
735 5270 884 5343 gratiarum
935 5266 1006 5321 simo
1039 5264 1192 5338 perfruitur
1226 5262 1359 5339 suffragio
1428 5256 1747 5330 Quidam'Gcrbertus,

102 5363 202 5421 amnes
214 5365 335 5441 agmina.
350 5362 514 5420 Tremeiaoti
539 5362 658 5436 proximi
679 5363 783 5435 quique
802 5360 886 5418 mira·
937 5360 1070 5432 paralysis
1080 5367 1145 5417 esta
1164 5359 1350 5416 dissolutione
1365 5369 1487 5416 sanatus.
1503 5359 1619 5427 Quidam
1635 5372 1749 5433 quoqne

102 5446 179 5509 biliam
201 5453 407 5529 magnitudine,
433 5451 569 5524 tantisper
592 5469 609 5508 a
632 5459 717 5508 tantae
732 5451 888 5507 deliberant
936 5449 1147 5519 aliusejnsdem
1169 5449 1294 5506 muneris
1323 5451 1442 5507 exsultat
1471 5450 1515 5506 bie
1543 5450 1669 5527 largitate
1683 5465 1749 5520 per·

100 5546 209 5604 eredere
221 5546 379 5604 sanctitatis
393 5544 573 5602 sublimitate.
593 5543 649 5600 Nee
663 5558 715 5600 vox
746 5543 888 5616 reciproca
937 5540 1063 5598 iunctos.

99 5628 249 5699 immtim
273 5638 416 5696 deiecerat
436 5638 472 5694 ab
499 5654 559 5695 ore.
586 5637 652 5693 dnm
678 5636 792 5709 quidam
806 5651 886 5707 puer,
972 5633 1094 5706 Cumque
1109 5633 1234 5690 certatim
1256 5634 1370 5707 quique,
1396 5635 1489 5690 studio
1513 5635 1566 5704 piae
1595 5631 1752 5687 (levationis
