3840 6106
211 267 264 323 tlt
772 259 954 316 ttooottltut
975 258 1126 315 cudentur
1146 260 1312 317 utuuusts
1824 264 1876 318 i'ld

211 407 240 461 in
258 403 359 476 quibus
378 401 511 456 hactenus
532 398 728 466 laboravimus,
751 412 918 474 magnopere
940 395 1017 452 iabo-
1030 400 1055 468 Α
1067 399 1201 453 hactenus
1218 412 1344 455 servasse
1355 403 1495 469 putamus.
1515 397 1569 453 vos
1586 396 1797 469 videbitisquid
1812 398 1876 456 inde

213 511 292 551 rare:
317 492 420 565 quippe
451 490 584 562 quoniam
611 489 665 545 erit
700 498 729 545 et
754 490 797 544 lex
824 496 852 544 et
875 504 939 560 spes
964 486 1017 542 sibi
1068 488 1139 546 iacto
1154 491 1253 546 melius
1263 490 1325 557 erit,
1338 498 1364 545 et
1379 488 1461 546 nobis
1471 489 1610 558 injudicio
1623 497 1718 544 vestro
1728 488 1876 545 videndum

211 586 336 660 quisque.
368 581 445 647 Quod
476 580 592 653 quidem
619 587 709 636 vestra
742 578 888 634 humilitati
918 584 1017 633 nostrae
1067 587 1119 647 est,
1134 581 1281 651 qnidlteus
1294 580 1380 648 velit;
1396 581 1527 653 quoniam
1539 581 1641 651 iniusta
1656 596 1787 638 essenon
1801 589 1878 652 pote·

130 706 134 712 -
210 677 319 749 scripsit
337 673 504 740 sublimitas,
532 672 622 744 primo
647 688 696 727 vos
721 679 875 728 commotos
894 685 957 726 esse
983 670 1017 725 ad
1067 683 1131 731 runt
1154 675 1246 731 divina
1274 675 1390 745 judicia,
1410 675 1476 747 quia
1495 675 1666 732 asoliditate
1695 673 1877 732 confessionis

211 767 329 825 liothadi
354 783 463 823 cansam
486 764 690 837 inquirendam,
711 779 786 830 cura,
819 778 938 835 quapro
953 761 1017 817 uni·
1067 766 1224 837 apostolicae
1252 773 1347 837 petrae,
1370 767 1502 825 adversus
1525 782 1606 838 quam
1627 763 1711 822 inferi
1737 773 1837 838 portae,
1851 766 1876 820 id

211 855 452 921 versisfratribus
468 853 566 909 vestris
588 851 821 927 constringimini,
846 867 909 907 cuna
937 850 1018 904 debi-
1067 864 1120 924 ssa,
1133 857 1325 932 suggestiones
1339 857 1382 914 vel
1398 859 1574 929 spsrsqsnss
1587 875 1680 929 ΨΜ
1700 873 1757 913 110„
1777 873 1876 929 μω.

212 952 240 1001 ta
270 947 424 1002 reverentia
449 952 590 1019 gratanter
616 943 733 1014 accepi:
763 942 921 1017 intelligens
952 940 1018 1012 quia
1070 949 1165 1005 lebant
1188 951 1297 1017 (Μαιιιι.
1323 952 1387 1016 xvrl,
1414 949 1534 1006 dictante
1560 949 1668 1019 justitia
1694 948 1878 1021 proferentur.

213 1038 241 1092 in
271 1052 386 1093 numero
405 1035 527 1092 >fratrum
554 1051 605 1092 nos
631 1035 838 1108 qualescunque
862 1032 1022 1105 metropoli·
1072 1040 1219 1112 Epistulam
1235 1057 1316 1113 quam
1327 1041 1395 1096 milri
1410 1041 1745 1109 auctoritasvestra,cum
1760 1041 1877 1096 obtesta-

171 1136 176 1145 ’
214 1130 271 1185 tani
298 1129 450 1200 computari
479 1128 625 1184 debemus.
648 1128 685 1183 Ea
705 1135 816 1198 propter
835 1126 906 1181 sicut
924 1133 1021 1183 restra
1071 1130 1146 1185 tione
1156 1132 1288 1203 praecepit
1302 1131 1428 1187 Rothado
1441 1131 1572 1206 dirigere,
1584 1132 1705 1188 domnus
1721 1137 1877 1197 nosternon,

197 1220 376 1276 discretioni
397 1219 598 1291 providendum
615 1225 667 1285 est,
687 1234 723 1274 ne
737 1217 855 1287 subjecti
871 1216 1022 1288 episcopia
1073 1217 1146 1274 filius
1162 1226 1264 1290 vester,
1292 1235 1355 1277 mox
1374 1227 1405 1276 ut
1428 1220 1462 1275 ad
1482 1237 1545 1277 eum
1572 1221 1657 1287 venit,
1679 1235 1729 1292 per
1756 1221 1877 1276 abbatem

215 1311 435 1382 metropolitanis
454 1311 643 1384 irregulariter
660 1310 900 1367 condemnentur:
921 1308 959 1363 ita
974 1307 1020 1362 niu
1072 1327 1152 1366 suum
1169 1312 1295 1369 Rotlrado
1310 1312 1420 1368 direxit.

216 1398 365 1455 nilominus
376 1398 575 1470 providendum
586 1405 638 1463 est,
653 1396 895 1468 ulmetropolitani
905 1395 1020 1464 asubje·
1110 1443 1120 1471 ¹
1142 1419 1878 1494 godulfusquoqugejusdemgliivestfidomninosffi

215 1493 267 1548 ctis
282 1492 422 1564 episeopis
435 1510 490 1549 non
505 1493 693 1569 irregulariter
706 1498 926 1549 contemnantur.
943 1488 1022 1545 Dein·
1071 1510 1144 1583 ,egis
1154 1509 1316 1576 avunculus,
1328 1526 1359 1564 ῃ,
1375 1509 1439 1564 qdus
1455 1524 1529 1564 nunc
1539 1508 1627 1580 elapsi
1641 1508 1752 1575 menni„
1763 1508 1876 1563 necem,

215 1582 250 1663 de
261 1582 336 1655 quod
347 1582 570 1654 perspectissime
579 1581 729 1653 scripsistis
741 1580 874 1646 secundo,
891 1578 1020 1652 quoniam
1071 1601 1129 1656 bris
1153 1603 1187 1657 ab
1207 1601 1344 1658 Ludovioo
1374 1600 1525 1657 Gennaniae
1547 1615 1611 1675 ,ege
1643 1607 1801 1666 mergens,
1819 1615 1877 1654 cum

214 1673 308 1729 sedem
337 1673 517 1746 ³P⁰⁵i⁰¹i⁰³m
538 1673 681 1729 R0²h³d¹¹⁸
709 1673 830 1729 ¹¹⁰⁸⁰l²¹¹s
854 1670 1019 1743 appeflasset
1034 1692 1150 1761 Bvalde
1164 1693 1271 1764 vesperi
1285 1709 1302 1748 a
1315 1699 1390 1748 corte
1408 1692 1481 1766 regis
1496 1690 1584 1748 nostri
1600 1690 1634 1746 ad
1651 1689 1815 1746 mansiones
1830 1705 1878 1746 uo·

215 1773 243 1822 et
273 1782 309 1822 ne
335 1765 485 1822 rideamini
518 1766 645 1821 Ecclesiae
681 1773 778 1820 vestrae
815 1763 1020 1836 privilegiorum
1072 1791 1143 1839 ,gras
1158 1799 1242 1856 supe,
1260 1783 1515 1858 fluviumgjgem
1536 1781 1787 1838 secuswnfinqum
1806 1782 1879 1856 mgni

217 1860 381 1915 detrimenta
407 1860 505 1915 dicbus
532 1859 631 1915 vestris
663 1858 856 1931 equanimiter
883 1857 1020 1912 tolerare:
1072 1872 1224 1944 pqujqamae
1234 1871 1437 1938 festinaremus,
1449 1870 1523 1925 misit
1536 1869 1571 1925 sd
1582 1884 1626 1923 ms
1637 1868 1781 1924 hominem
1792 1884 1879 1929 suum,

218 1957 245 2007 et
276 1953 328 2007 hoc
356 1950 536 2006 nihilominus
563 1967 578 2005 a
606 1949 697 2016 uobis,
717 1958 745 2005 et
771 1949 805 2005 ab
824 1947 954 2005 omnibus
981 1954 1022 2002 est
1072 1960 1184 2015 nomine
1199 1958 1357 2026 flodulfum,
1377 1958 1513 2013 mandans
1531 1957 1596 2029 quis
1610 1953 1744 2027 psaefsqus
1764 1971 1812 2011 fex
1827 1956 1878 2010 pu.

217 2043 370 2098 rectissime
386 2041 605 2113 suscipiendum,
618 2050 646 2096 et
658 2040 841 2096 solertissime
856 2054 1023 2096 conserrau-
1073 2052 1186 2108 dqusus
1199 2050 1345 2124 quemdam
1366 2050 1506 2106 hominem
1530 2048 1658 2112 notham,
1676 2064 1741 2104 sum
1760 2046 1881 2118 epistolis

219 2130 293 2185 dum·
311 2130 388 2196 Qu⁰d
400 2136 429 2185 ⁸²
443 2145 494 2203 ⁰80
510 2144 559 2200 Es⁰
573 2128 687 2183 m0d¹¹¹⁰
702 2144 764 2184 ‘¹¹⁰⁰
779 2127 945 2184 servandum
961 2141 1022 2180 0⁸⁸⁰
1072 2152 1169 2201 vestrae
1194 2143 1358 2210 sanctitatis,
1378 2143 1485 2209 manui,
1508 2149 1535 2198 et
1561 2140 1626 2197 fidei
1650 2157 1708 2197 suae
1728 2141 1879 2197 commisit:

218 2223 302 2291 ιΙΟιιιι,
318 2233 346 2280 et
360 2224 434 2292 vo10,
454 2233 482 2279 θῑ
500 2224 609 2279 favente
625 2223 741 2279 Domino
761 2223 789 2277 ιιι
809 2223 861 2278 hac
875 2221 1022 2278 devotione
1071 2240 1209 2305 quatenus
1225 2232 1262 2287 ila
1277 2231 1311 2285 ad
1327 2229 1503 2303 ppaesgntiam
1523 2228 1619 2285 domni
1639 2228 1728 2285 nostri
1749 2228 1824 2302 regis
1833 2228 1879 2283 Ka.

217 2314 345 2378 manebo,
372 2315 463 2370 sciens
494 2313 669 2388 privilegium
701 2312 920 2384 metropolitanae
948 2312 1023 2368 sedis
1072 2322 1123 2377 soli
1145 2337 1207 2376 cum
1223 2320 1328 2376 eisdem
1345 2318 1483 2392 episcopis
1501 2335 1565 2374 eum
1579 2317 1757 2388 perduceret,
1776 2325 1808 2372 ut
1822 2319 1878 2372 sup.

217 2406 433 2475 llemorum,(cui
447 2421 491 2460 me
507 2403 600 2459 diuina
610 2403 734 2478 dignatio
745 2403 849 2458 servire
864 2402 1022 2474 disposuit),
1072 2410 1129 2463 tum
1143 2408 1246 2463 malum
1261 2408 1287 2463 ai
1302 2407 1425 2463 interret.
1441 2407 1487 2462 Est
1501 2406 1577 2462 enim
1591 2405 1666 2478 apud
1679 2405 1815 2462 domnum
1830 2422 1877 2461 nc·

217 2501 245 2556 in
263 2514 371 2555 summo
386 2498 531 2574 privilegio
546 2506 647 2553 sanctae
665 2498 741 2553 sedis
756 2498 886 2552 Romanae
900 2512 1024 2567 manere,
1074 2505 1160 2552 strum
1176 2511 1268 2571 regern
1285 2495 1357 2551 idem
1372 2496 1454 2552 homo
1470 2501 1623 2558 accusatus,
1640 2494 1716 2568 quod
1732 2493 1879 2549 iuratussit

143 2616 147 2627 ¹
216 2604 244 2651 et
253 2594 429 2670 privilegium
443 2610 504 2650 esse
515 2593 589 2650 sedis
604 2595 745 2661 Romane,
761 2593 784 2648 si
798 2609 847 2648 sua
862 2593 1025 2649 auctoritate
1075 2604 1119 2643 res
1133 2595 1161 2644 et
1185 2589 1343 2644 thesaurum
1366 2587 1504 2651 Ecclesiae,
1522 2593 1626 2659 etpost
1646 2586 1803 2658 perjurium
1820 2586 1880 2639 inde

217 2683 393 2757 priuilegium
426 2682 478 2737 sibi
511 2681 646 2758 subjectae
677 2681 751 2736 sedis
793 2679 889 2736 iecerit
919 2680 1024 2754 vigere,
1074 2680 1261 2747 commissum,
1276 2679 1456 2755 iugalapsus,
1471 2677 1505 2733 ad
1523 2678 1693 2734 ludovicum
1708 2694 1804 2751 regem
1820 2694 1880 2749 pcr-

217 2777 245 2826 et
261 2771 398 2826 studuerit
412 2767 587 2826 confirmare.
604 2769 686 2825 [leco
700 2784 766 2825 vero
781 2768 855 2841 quud
869 2769 949 2827 terlio
964 2768 1025 2824 loco
1075 2768 1186 2823 rexerit.
1206 2767 1282 2823 Unde
1306 2766 1380 2823 idem
1403 2766 1537 2822 llodulius
1560 2765 1651 2837 petiit,
1675 2770 1707 2819 ut
1729 2780 1783 2840 ego
1810 2765 1881 2820 illum

217 2864 252 2919 ad
268 2863 392 2921 medium
407 2865 572 2930 devocastis,
587 2863 710 2920 scribere
724 2862 799 2918 aliud
809 2862 880 2918 nihil
893 2878 1026 2935 praesum·
1074 2859 1149 2916 unde
1161 2859 1234 2931 apud
1247 2860 1390 2916 domiuum
1406 2867 1530 2915 nostrum
1554 2873 1648 2932 regem
1663 2857 1841 2928 adiuvarem:
1856 2867 1882 2911 ut

216 2953 270 3024 psi,
294 2953 348 3009 nisi
373 2954 439 3026 quia
453 2970 536 3010 causa
561 2952 678 3010 Rothadi
701 2968 718 3006 a
736 2951 828 3008 causis
850 2950 971 3020 illorum,
990 2950 1025 3007 de
1074 2949 1205 3021 quoniam
1221 2948 1383 3020 praedictum
1398 2947 1539 3004 hominem
1551 2945 1579 3001 in
1595 2962 1645 3001 sua
1657 2945 1712 3001 fide
1727 2955 1879 3016 acceperat,

217 3043 321 3116 quibus
338 3045 495 3118 scripsistis,
514 3051 556 3100 est
568 3059 640 3117 pene
655 3042 684 3098 iu
703 3043 809 3099 cunctis
819 3041 970 3099 dissimilis.
987 3042 1024 3097 De
1039 3040 1182 3152 Cnullum
1202 3040 1304 3095 malum
1328 3039 1455 3096 haberet.
1480 3038 1529 3094 Cui
1550 3037 1696 3109 respondi,
1723 3044 1755 3092 ut
1780 3046 1880 3093 teneret

217 3151 251 3191 eu
265 3135 340 3207 quod
365 3134 476 3191 tandem
496 3133 648 3207 apostolica
666 3131 927 3208 vastrabenignitas
952 3131 1025 3187 indi·
1075 3134 1166 3206 ipsum
1191 3132 1330 3189 hominem
1351 3148 1456 3200 secum,
1480 3147 1518 3188 ne
1537 3130 1646 3208 iuterim
1671 3130 1761 3186 ullum
1781 3131 1878 3186 malurn

217 3225 315 3302 gnitati
333 3243 401 3282 meae
421 3226 544 3282 scribere
559 3230 601 3281 est
616 3224 738 3301 dignata,
758 3231 788 3281 ut
808 3226 867 3281 haec
880 3224 1024 3281 vobiscum
1074 3235 1233 3298 pateretur,
1254 3225 1344 3282 donec
1366 3225 1401 3282 ad
1420 3231 1524 3282 cortem
1544 3223 1675 3291 redirem,
1698 3232 1726 3278 et
1748 3231 1878 3295 quantum

216 3318 345 3391 cogitem,
364 3327 392 3374 et
406 3318 481 3390 quud
501 3319 536 3373 dc
556 3318 681 3375 liothadu
697 3317 846 3374 decernitis
859 3317 1023 3390 approbem,
1074 3333 1183 3390 possem
1199 3316 1265 3372 inde
1280 3316 1356 3372 illurn
1373 3317 1502 3387 adjuvare
1517 3330 1653 3371 curarem.
1676 3316 1771 3387 ipsum
1794 3323 1879 3370 autem

215 3422 243 3469 et
258 3429 314 3469 non
328 3413 362 3469 ad
378 3413 433 3470 mei
460 3413 587 3484 injuriam
603 3413 630 3469 id
645 3430 694 3471 vos
716 3413 807 3489 egisse
821 3413 1022 3485 aliquantulum
1074 3408 1215 3464 hominem
1230 3424 1284 3464 nec
1299 3415 1376 3476 tunc,
1391 3422 1445 3462 nec
1455 3405 1627 3478 posteavidi,
1639 3420 1692 3462 nec
1705 3420 1763 3478 quo
1774 3406 1881 3462 absens·

216 3510 366 3573 autumem,
382 3511 515 3578 quantum
531 3502 685 3559 valeototis
699 3502 829 3559 medullis
844 3504 946 3564 cordis.
962 3520 1023 3560 cum
1073 3502 1139 3557 serit
1157 3517 1220 3557 cnm
1244 3499 1381 3572 epistolis,
1405 3497 1508 3554 audivi.
1531 3496 1595 3562 Ωιι
1615 3494 1720 3553 idcirco
1746 3494 1880 3552 sanctitati

215 3596 291 3651 omni
308 3575 511 3669 supplicatione
526 3603 554 3650 et
569 3594 664 3650 debita
674 3611 706 3651 ac
718 3595 855 3651 submissa
868 3595 1023 3652 humililate
1072 3599 1170 3649 vestrae
1189 3593 1309 3650 scribere
1329 3591 1433 3659 studui,
1452 3597 1484 3647 ut
1497 3589 1521 3646 si
1535 3589 1635 3662 aliquis
1650 3589 1814 3645 malivorum
1835 3601 1881 3644 ne

216 3687 364 3741 immensas
395 3684 544 3760 gratiarnm
575 3683 698 3740 actiones
734 3692 829 3740 sancto
857 3684 1022 3755 apostolatui
1073 3688 1192 3737 strorum
1211 3683 1299 3750 (more
1319 3679 1471 3746 suotvobis
1491 3678 1643 3751 quidquam
1662 3677 1771 3733 sinistri
1786 3694 1818 3732 ex
1834 3677 1880 3731 hoc

215 3782 307 3831 vestro
323 3774 457 3846 rependo,
473 3790 535 3830 cum
551 3773 642 3829 omnis
657 3773 802 3830 inccritate
817 3772 904 3829 animi
921 3775 1023 3830 rescri-
1071 3789 1221 3849 suggerere
1235 3772 1366 3842 voluerit,
1377 3771 1443 3844 quid
1460 3770 1526 3826 inde
1541 3786 1636 3827 verum
1650 3770 1687 3825 sit
1697 3769 1880 3844 cognoscatis,

214 3865 296 3937 bens,
312 3865 377 3938 quia
392 3866 464 3922 sicut
484 3865 552 3920 mihi
569 3864 691 3921 scribere
709 3865 815 3940 dignati
830 3865 907 3933 estis,
923 3863 960 3920 ita
973 3881 1025 3937 pes
1071 3872 1099 3920 et
1112 3880 1178 3939 erga
1192 3880 1237 3919 me
1248 3872 1370 3921 vestrum
1385 3863 1507 3918 animum
1523 3877 1580 3918 noa
1594 3861 1745 3918 moveatis.

214 3960 309 4015 omnia
323 3959 416 4014 credo.
434 3960 465 4014 Et
475 3959 540 4030 quia
553 3957 730 4033 privilegium
746 3957 828 4013 vestri
842 3957 942 4013 summi
952 3972 1020 4030 pon·
1109 3995 1121 4026 α
1143 3974 1285 4030 pasionem
1306 3973 1426 4045 denique
1441 3988 1523 4044 quam
1547 3969 1655 4027 reddidi
1676 3985 1772 4027 soram
1787 3969 1877 4026 etesiis

214 4049 344 4116 tificatus,
360 4057 390 4104 ut
408 4048 553 4114 0⁰¹¹d0⁰⁸is
570 4048 920 4117 010m¹¹0⁸d0⁸idssfflm¹1⁸r
938 4048 1019 4104 elin·
1068 4067 1220 4138 judicibus,
1236 4065 1388 4138 dequibus
1406 4081 1457 4137 per
1475 4063 1603 4120 libellum
1624 4062 1832 4134 provocationis
1845 4061 1876 4116 ad

215 4144 335 4198 dicatum
351 4141 471 4208 habetis,
487 4141 561 4212 quod
581 4157 663 4197 nemo
676 4151 799 4197 nostrum
819 4143 1023 4199 contradixerat
1072 4157 1223 4212 electorum
1248 4154 1384 4224 judicium
1406 4152 1512 4208 fussam
1538 4169 1553 4207 a
1576 4150 1703 4207 Rothado
1727 4149 1876 4222 impetitus,

216 4237 245 4292 in
257 4237 426 4292 deductione
439 4234 657 4302 Rolhadi,sicuti
674 4234 846 4306 praecepistis
858 4235 892 4291 ad
905 4246 1022 4292 vestram
1072 4244 1125 4315 ipsi
1139 4243 1312 4300 venerabiles
1323 4241 1448 4314 episcopi
1463 4247 1562 4297 vestra
1570 4239 1727 4296 auctoritati
1742 4239 1877 4294 transmit-

215 4331 406 4404 praescntiam:
422 4338 452 4386 ut
466 4330 621 4402 perdonare
636 4330 740 4406 dignati
757 4330 833 4396 estis,
844 4329 938 4386 videre
950 4332 1023 4387 desi·
1072 4338 1144 4387 tunt.
1162 4333 1200 4386 De
1225 4331 1309 4404 gestis
1322 4346 1388 4388 vero
1403 4346 1419 4385 a
1434 4328 1559 4385 Rothado
1579 4334 1641 4400 post
1653 4327 1877 4384 excommunica·

215 4418 293 4487 dero,
315 4426 342 4474 ct
363 4419 483 4475 visurum
500 4435 544 4474 me
559 4434 622 4474 esse
637 4417 747 4475 confido
761 4436 769 4487 ;
799 4419 864 4491 quia
879 4436 935 4476 non
948 4415 1021 4476 aliud
1031 4449 1061 4519 D
1072 4420 1176 4476 tionem
1192 4436 1269 4476 suam
1285 4420 1312 4474 in
1328 4417 1491 4490 provinciali
1514 4415 1621 4489 synodo
1636 4414 1804 4486 compilatis,
1821 4429 1878 4488 que

215 4508 269 4563 nisi
288 4514 318 4562 ut
335 4524 418 4580 supra
431 4508 593 4576 monstravi,
616 4507 691 4580 quad
703 4507 806 4583 regulae
825 4524 910 4564 sacrae
929 4510 1024 4581 praeci-
1071 4530 1122 4585 per
1136 4513 1241 4570 vicinos
1253 4520 1363 4569 nostros
1376 4510 1410 4566 ad
1424 4525 1475 4567 vos
1488 4509 1515 4564 in
1531 4507 1741 4580 derogationem
1760 4515 1878 4565 nostram

214 4599 305 4670 piunt,
319 4606 346 4656 et
360 4600 428 4655 milri
443 4599 594 4671 petendum
610 4608 637 4655 et
651 4598 730 4655 robis
744 4598 955 4656 concedendum
970 4609 1022 4670 est,
1072 4605 1233 4677 peruenisse
1247 4604 1412 4670 audivimus,
1426 4600 1550 4674 episcopi
1566 4600 1714 4656 Remorum
1731 4599 1880 4672 provincie

214 4694 347 4766 postulo:
367 4691 506 4762 videlicet,
536 4698 566 4747 ut
580 4692 621 4747 sic
650 4692 774 4749 liothado
800 4692 835 4748 ab
863 4694 1022 4750 auctoritate
1072 4711 1123 4767 per
1146 4708 1308 4749 communes
1335 4691 1441 4766 legatus
1467 4697 1577 4745 nostros
1605 4695 1703 4744 vestra
1730 4687 1878 4751 sanctitati,

214 4794 304 4843 restra
321 4784 475 4857 compassio
491 4784 663 4851 exhibeatur,
680 4790 710 4838 ut
729 4785 807 4857 vigor
822 4786 1023 4843 ecclesiasticus
1072 4801 1135 4860 quaa
1145 4787 1247 4852 sciunt,
1259 4785 1387 4840 intimare
1400 4789 1540 4839 curarunt.
1553 4807 1565 4830 ι
1579 4782 1646 4837 item
1661 4789 1729 4853 post
1742 4780 1879 4854 aliquanta

215 4894 271 4933 non
285 4876 450 4933 dissolvatur
466 4894 473 4930 :
496 4881 523 4932 et
542 4876 581 4931 sic
596 4875 674 4950 vigor
687 4874 892 4932 ecclesiasticus
908 4893 1022 4933 conser-
1073 4879 1107 4934 de
1122 4877 1296 4950 promotione
1311 4874 1509 4953 ipsiustdomui
1522 4871 1663 4929 llincmari
1678 4872 1715 4927 ad
1736 4873 1877 4944 episcopa·

214 4974 302 5033 retur,
317 4973 347 5021 nt
361 4965 453 5020 debita
468 4964 657 5020 misericordia
671 4970 698 5019 et
711 4965 866 5020 necessaria
881 4965 1022 5022 sufficien-
1072 4977 1140 5036 tum,
1157 4986 1217 5043 quae
1234 4970 1289 5039 jam
1305 4968 1433 5040 superius
1448 4966 1548 5040 partim
1563 4971 1717 5037 praenotata
1731 4979 1789 5021 non
1804 4979 1873 5022 cura·

213 5056 251 5110 tiu
266 5054 292 5108 ei
307 5069 361 5109 non
377 5053 553 5124 denegetur:
578 5057 714 5125 quatenus
729 5067 782 5108 nec
795 5052 881 5124 ipsius
894 5055 1021 5127 exemplo
1071 5060 1161 5116 vimus
1175 5059 1220 5114 hic
1240 5057 1375 5113 iteranda.
1394 5079 1407 5103 n
1429 5055 1555 5128 [lenique
1577 5052 1691 5127 praefato
1713 5052 1810 5109 Ebone
1832 5052 1870 5106 dc-

214 5145 248 5200 ad
267 5144 457 5200 excedendum
478 5145 524 5198 alii
540 5151 733 5216 provocentur,
749 5161 784 5199 ne
804 5145 905 5217 quibus
919 5146 948 5200 in
963 5147 1022 5202 istis
1072 5152 1175 5219 functo,
1192 5150 1324 5218 Ecclesia,
1344 5149 1394 5205 sed
1414 5155 1442 5205 et
1456 5130 1706 5220 parochianum,
1726 5145 1867 5202 secundum

215 5235 373 5312 regionibns
386 5236 537 5312 longiusab
551 5237 703 5309 apostolica
716 5238 782 5292 scdc
798 5238 911 5294 remotis
921 5254 1021 5294 censu·
1071 5241 1300 5300 consuetudinem
1325 5255 1408 5313 quam
1432 5254 1465 5293 ex
1479 5236 1594 5309 antiquo
1618 5234 1716 5290 habuit
1731 5234 1824 5305 (etiam
1842 5230 1867 5286 lc

215 5343 251 5380 rae
264 5326 457 5381 ecclesiasticae
474 5327 625 5382 moderatio
638 5334 679 5383 est
689 5327 845 5395 commissa,
860 5327 925 5383 hinc
936 5328 1019 5400 (quod
1069 5336 1124 5403 his,
1140 5350 1201 5406 qnae
1221 5334 1249 5389 in
1268 5333 1429 5404 episcopatu
1451 5328 1590 5402 usquead
1611 5326 1717 5383 obitum
1733 5326 1761 5382 iu
1784 5325 1865 5380 eaden

213 5414 295 5482 absit)
309 5415 490 5486 θῡῐιιρίὓῑιῑιῑ,
514 5415 589 5470 unde
611 5423 658 5471 aul
676 5415 846 5491 negligesslia
870 5423 917 5471 ³111
931 5417 1020 5472 disso·
1070 5427 1191 5484 Ecclesia
1206 5441 1261 5481 non
1276 5425 1497 5497 permanserunt)
1514 5420 1602 5492 ipsius
1624 5433 1728 5475 nomen
1744 5418 1818 5473 inter
1830 5430 1865 5471 st·

212 5506 318 5562 ιϋῑῐθῦθ
346 5513 499 5577 tepescant,
526 5508 570 5563 vel
589 5509 730 5565 terminos
762 5523 832 5580 (1⁰⁰⁸
864 5515 1020 5565 statuerunt
1070 5521 1212 5572 cresancta
1226 5512 1356 5586 mysteria
1371 5512 1398 5567 in
1413 5511 1608 5584 cpiscoporum
1619 5508 1745 5579 catalogo
1761 5506 1865 5562 recitare

212 5606 305 5671 patres
341 5603 419 5668 (Pron
449 5602 526 5669 xxti),
560 5600 780 5676 transgrediendi
813 5601 956 5658 materiam
989 5617 1019 5657 se
1070 5601 1391 5677 pietatisgratiacoepit,
1408 5595 1866 5668 ethactenusiacit.Quodegoue

211 5709 322 5750 sumere
335 5711 418 5766 posse
440 5695 551 5753 dicant:
570 5711 640 5768 quos
662 5695 734 5753 sicut
749 5695 944 5763 intelleximus,
969 5710 1020 5752 nos
1069 5693 1285 5754 scandalizarem
1300 5693 1426 5764 devotos,
1439 5690 1520 5764 quasi
1536 5689 1667 5757 invidens
1680 5687 1763 5747 saluti
1779 5685 1866 5743 imter-
