3840 6106
119 240 177 301 dih
432 245 475 303 PE
493 246 625 307 enuisti
643 249 828 307 tlttttttettts
847 250 934 308 Aeno
954 248 1089 306 tttttntt
1107 248 1197 307 ttbttt
1216 248 1282 307 XlV.
1302 280 1339 293 -
1356 248 1410 307 ttb
1443 251 1490 307 ΙΙΙ.

868 406 974 464 CAPUT
993 407 1038 463 ill.

713 510 750 570 lle
768 510 940 589 Telesphoro
955 518 981 570 et
998 510 1130 588 lliyyirto
1151 511 1206 570 PP.

119 621 185 677 Post
199 620 304 675 Sixtum
321 619 414 675 homae
425 618 525 676 solium
540 620 725 693 Telesphorus
739 629 829 690 ornet,

117 711 195 767 luris
206 709 352 782 apostolici
368 709 492 766 delectus
506 716 536 766 ut
550 712 718 768 anachoreta

118 799 250 872 Angelies
262 798 468 871 populosquam
483 808 559 856 vaste
571 816 620 873 per
633 810 729 874 egeret
742 817 806 857 srva

117 891 271 945 lustrueret
282 888 349 957 aits,
364 888 451 945 sobrii
465 891 513 962 qui
529 891 637 948 tradere
656 891 721 948 belli

120 980 306 1035 instrumenta
319 977 386 1034 uiris
401 978 521 1045 lerneus,
537 980 694 1051 precedere
706 990 829 1037 sanctum

117 1067 186 1133 Qum
199 1074 275 1123 tenet
289 1067 412 1123 Ecclesia
421 1068 515 1124 statuit
529 1067 644 1139 jejunia,
659 1068 764 1124 Pascha
779 1085 787 1121 :

119 1156 224 1213 Natalis
237 1156 332 1232 peragi
343 1154 441 1211 Christi
449 1155 578 1228 mysteria
593 1163 684 1213 nocte.

117 1248 211 1304 'lestis
226 1265 278 1305 nec
292 1257 393 1322 praeter
407 1249 459 1306 nisi
479 1249 598 1307 candeat
611 1251 680 1307 hors
692 1250 749 1307 diei

118 1341 180 1402 Qua
190 1337 281 1393 crucis
290 1338 429 1395 aethereus
439 1338 526 1394 subiit
540 1339 673 1395 miracula
683 1338 786 1414 fulgor,

119 1431 245 1502 tlymnus
256 1440 285 1487 et
303 1431 444 1506 angelicus
457 1440 552 1490 monet
565 1434 637 1490 inter
646 1448 724 1490 sacra
735 1433 858 1490 resultet.

119 1526 191 1582 llinc
201 1533 302 1599 martyr
314 1526 440 1585 renitens
453 1528 584 1602 claroque
598 1530 628 1585 in
642 1528 698 1585 fine
714 1528 887 1601 triumphans

117 1618 253 1674 (tonditur
265 1618 301 1674 ed
316 1619 405 1676 asueti
415 1631 527 1678 sauctus
539 1636 618 1677 sacre
633 1620 752 1696 pignora
767 1620 851 1676 Petri.

945 624 1237 695 ASuocessorolerum
1251 622 1373 694 disponit
1385 629 1413 679 et
1424 629 1503 679 ornat
1519 623 1641 698 hyginus
1656 643 1665 691 ;

982 717 1036 772 tleo
1053 727 1108 784 quo
1118 710 1262 782 perluncto
1282 726 1333 782 per
1346 716 1476 783 quattuor
1487 711 1590 767 inditur
1604 729 1692 771 annos

981 807 1064 872 Sede,
1078 803 1143 859 Pius
1158 804 1213 858 vita
1226 801 1329 858 celebri
1345 817 1502 878 cognomen
1519 803 1668 872 honorans,

980 893 1101 951 Pastoris
1108 892 1193 948 lrster
1206 891 1310 964 pietate
1323 899 1437 947 ornatus
1452 901 1582 964 uterquc.

981 983 1062 1040 latius
1080 980 1283 1053 subepiscopio
1304 979 1405 1036 librum
1420 980 1506 1035 edidit
1524 981 1648 1050 hermes,

981 1073 1068 1139 Quem
1084 1071 1180 1144 primm
1196 1070 1272 1126 Pauli
1285 1071 1396 1127 schedae
1411 1071 1542 1127 mandata
1552 1074 1685 1143 salutant,

979 1164 1101 1241 Angelici
1115 1162 1231 1238 sibimet,
1241 1162 1364 1218 monitus
1379 1163 1443 1218 data
1454 1163 1532 1233 jussa
1542 1166 1685 1221 revelans:

979 1253 1082 1308 Pascha
1094 1252 1140 1308 die
1154 1251 1263 1307 trahite
1278 1251 1394 1308 homino
1406 1252 1453 1324 qui
1470 1257 1719 1329 nomeuegcudum

979 1341 1127 1399 Schemate
1139 1341 1268 1414 pastoris,
1279 1342 1333 1398 hoo
1347 1341 1474 1398 coelioola
1488 1343 1673 1415 imperitante,

982 1435 1089 1508 Quique
1100 1435 1156 1511 legi
1169 1435 1257 1491 Graiis
1267 1434 1365 1491 solitus
1381 1450 1429 1506 per
1440 1435 1552 1507 publica
1562 1439 1674 1510 templs,

983 1527 1062 1584 Credi
1077 1527 1243 1600 llieronymo
1263 1527 1364 1602 dignus
1378 1534 1496 1583 testante
1511 1528 1632 1585 libellus.

872 1734 976 1792 CAPUT
995 1735 1052 1790 llll.

767 1841 807 1901 lle
828 1839 942 1901 Novato
962 1847 990 1899 et
1014 1838 1153 1899 Pudente.

122 1949 181 2006 lloo
191 1949 299 2015 nituere
315 1947 366 2004 viri
381 1946 485 2020 egregii
497 1945 549 2003 sub
569 1947 688 2018 praesule
699 1946 814 2018 plures!

122 2041 250 2112 Namque
257 2045 399 2110 superstes
412 2036 504 2093 adhuc
514 2035 631 2094 florebat
646 2037 750 2094 honore
763 2035 863 2091 beatus

124 2127 376 2200 tucisapostolicae
392 2126 503 2182 radiens
516 2125 665 2197 splendore
681 2124 812 2194 iteratus,

947 1943 1144 2019 Biliscipulus
1156 1942 1243 2009 Pauli,
1258 1942 1368 1998 titulum
1381 1942 1428 2017 qui
1442 1943 1650 2003 nominessncti

985 2031 1107 2088 Pastoris
1126 2031 1207 2087 clarae
1222 2030 1333 2087 isbricae
1352 2033 1516 2100 construxit,
1537 2034 1644 2092 honore
1661 2043 1688 2093 et

986 2123 1118 2198 Pogmete
1129 2123 1282 2191 apostolico
1295 2133 1435 2195 sumptum
1449 2125 1616 2198 baptismate
1635 2128 1740 2186 cultum

119 2221 260 2279 Timothei
280 2221 375 2285 irater,
391 2220 500 2277 liomlui
512 2234 601 2292 usque
627 2233 758 2291 suprema
783 2216 912 2273 minister
927 2232 935 2283 ;
987 2216 1108 2272 lnsontis
1122 2215 1265 2272 tunicaead
1281 2215 1365 2271 linem
1375 2218 1495 2272 servavit
1506 2219 1661 2276 honestum.

121 2315 173 2370 ltte
185 2315 296 2370 Pudens
309 2313 392 2370 etiam
408 2311 574 2386 cognomine
589 2318 618 2367 et
630 2325 693 2367 arce
704 2308 829 2382 pudoris,

867 2413 972 2473 CAPUT
990 2414 1061 2471 lllll.

676 2523 716 2583 lie
729 2524 842 2585 scortis
857 2518 990 2581 Procede
1009 2526 1037 2578 et
1054 2513 1245 2578 Potentlcno.

126 2635 215 2705 liujus
225 2633 357 2689 Pudentis
370 2631 514 2689 sanctitate
527 2630 663 2703 praeclues

124 2721 258 2777 Praredis
273 2737 304 2778 eo
319 2720 482 2777 Potentians
497 2719 574 2788 litiae,

124 2809 200 2873 Quas
214 2809 276 2864 luce
291 2807 371 2864 Verbi
386 2813 414 2864 et
427 2807 559 2863 castitatis
568 2808 691 2864 educans

124 2902 238 2957 Seruire
253 2902 362 2962 Christo
375 2901 656 2977 destinavitvirgiaes
672 2919 680 2968 ;

124 2989 191 3054 Quae
206 2996 270 3061 post
279 2989 402 3062 parentis
415 2988 584 3045 excubantes
596 2988 741 3047 transitum

124 3079 267 3147 Oratione,
281 3080 421 3151 laudibus,
433 3080 560 3151 iejuniis,

124 3173 215 3228 Vitam
228 3173 360 3248 benignis
373 3173 538 3230 excolebant
551 3170 669 3239 solibus,

126 3261 213 3317 Suum
234 3270 382 3335 erogantes
394 3277 478 3318 omne
491 3260 590 3318 Christi
606 3275 759 3332 pauperum

126 3351 158 3405 lu
169 3350 361 3406 sublevatione
370 3349 580 3422 patrimonium.

126 3441 242 3498 Pontem
262 3440 363 3498 lavacri
378 3440 513 3498 labricsts
527 3440 556 3496 in
567 3439 644 3515 regis

126 3534 148 3588 A
163 3538 241 3604 patre
258 3533 379 3591 Pastoris
392 3533 468 3590 besti
482 3534 595 3590 nomine

128 3624 261 3681 Struxere
274 3641 368 3682 earum
382 3641 438 3698 quo
457 3626 578 3682 niterent
592 3624 714 3682 vernulae
731 3642 740 3691 ;

129 3715 252 3781 Quorum
267 3717 313 3774 hio
326 3716 530 3790 piusrutilaute
541 3716 654 3774 Paschae
665 3714 771 3772 lumine

129 3807 230 3863 hostes
243 3806 340 3863 decem
357 3806 484 3874 sacrauit,
503 3812 531 3862 et
545 3822 593 3862 sex
607 3805 716 3881 gurgite

129 3896 284 3968 Splendore
296 3895 431 3952 libertatis
445 3909 544 3952 omues
555 3893 699 3966 praeditos.

967 2651 970 2658 ·
988 2625 1129 2698 Sequique
1144 2623 1242 2679 Christi
1255 2622 1368 2680 inbelle
1380 2624 1651 2698 siguapromptulos.

988 2721 1050 2776 lstis
1062 2733 1173 2776 sorores
1184 2718 1292 2790 inclytae
1302 2718 1461 2787 virtutibus,

988 2808 1053 2865 Post
1068 2807 1155 2878 patris
1169 2822 1224 2862 era
1233 2822 1384 2878 paupemm
1397 2823 1450 2879 per
1465 2807 1570 2863 viscera

987 2897 1086 2955 Christi
1102 2897 1205 2966 reluss,
1225 2903 1288 2969 post
1301 2913 1406 2973 agones
1421 2898 1558 2969 plurimos

987 2989 1093 3047 Coelum
1108 2995 1207 3062 petunt
1220 3004 1270 3061 pro
1284 2988 1408 3045 castitate
1418 2989 1566 3055 exercitos,

988 3081 1028 3136 Pii
1044 3080 1150 3137 loboris
1162 3079 1343 3136 munerandae
1357 3078 1490 3151 praemiis,

988 3171 1152 3228 Coemeterio
1166 3170 1275 3228 decores
1290 3169 1423 3226 Priscillae
1434 3169 1510 3227 edito

987 3263 1073 3320 Secus
1087 3262 1222 3320 Pudentis
1234 3261 1390 3334 ossapatris
1401 3261 1532 3329 conditae,

987 3354 1135 3428 Postquam
1150 3355 1259 3427 piorum
1276 3353 1362 3410 mults
1375 3353 1466 3409 hastis
1476 3369 1587 3411 comere

987 3447 1124 3504 studuere
1133 3446 1257 3503 membra
1270 3445 1390 3520 glorioso
1403 3445 1513 3501 iuuere.

987 3535 1050 3592 llaec
1064 3536 1245 3592 interalmum
1253 3541 1400 3607 martyrem
1415 3532 1610 3606 Symmetrium

990 3624 1054 3680 Cum
1070 3624 1113 3680 bis
1127 3624 1223 3680 decem
1240 3623 1350 3680 duobus
1364 3629 1393 3680 et
1405 3622 1548 3679 sodalibus

991 3715 1131 3772 Praexedis
1145 3716 1217 3788 aptis
1232 3722 1337 3772 texemt
1350 3715 1513 3782 mausoleis,

993 3803 1067 3869 Quos
1081 3804 1171 3860 Caesar
1182 3803 1319 3859 Antonius
1333 3802 1410 3859 ensis
1423 3802 1502 3874 impii

952 3871 1137 3953 Ceretanis
1150 3895 1250 3952 aarum
1261 3895 1337 3952 esee
1353 3894 1421 3951 aaa
1431 3894 1523 3952 eorus.

871 4022 976 4081 ctam
998 4024 1065 4082 xtt.

612 4127 653 4187 lle
667 4135 771 4188 saneto
787 4125 963 4187 Alexandro
980 4129 1114 4207 episcopo
1128 4136 1155 4188 et
1168 4135 1314 4204 martyre.

131 4245 265 4317 Princeps
279 4245 324 4300 hic
336 4250 414 4301 atrox
434 4249 497 4316 post
512 4242 651 4299 Neronem
665 4241 816 4299 Ecclesiam

129 4337 188 4393 lsm
201 4336 397 4409 persecutione
410 4341 507 4409 quarta
525 4334 639 4391 lervidae

129 4427 305 4483 crudelitatis
316 4425 394 4498 jussa
405 4440 539 4500 spargens
549 4423 652 4489 atterit,

130 4518 187 4575 Sub
202 4537 259 4592 qus
271 4520 378 4590 piorum
389 4519 494 4574 honore
507 4515 595 4572 sancti
616 4514 737 4571 nominis

130 4608 217 4666 Cruor
231 4607 362 4681 profusus
375 4606 456 4678 plura
469 4605 563 4662 muudi
578 4604 606 4660 in
621 4605 731 4662 climate

130 4699 322 4756 Hiracnlorum
336 4697 427 4774 gloria
444 4696 626 4753 clarissimum

131 4791 192 4847 llaec
208 4798 359 4862 martyrem
369 4789 416 4845 dat
429 4794 554 4843 sanctum
569 4786 752 4842 Alexandrum
769 4784 842 4856 polo.

130 4880 266 4935 Virtutum
282 4879 347 4934 huic
362 4892 472 4934 ramore
487 4877 573 4933 latum
585 4875 708 4949 cognito,

130 4969 254 5035 Quodam
274 4968 392 5024 cadaver
406 4967 528 5042 algidum
543 4966 596 5021 sub
611 4975 735 5037 tempore

131 5059 227 5114 Puncti
243 5058 288 5114 hic
301 5063 431 5129 parentes
444 5055 604 5122 admovere,
617 5052 763 5108 crederent

130 5150 170 5206 llli
183 5148 352 5221 rependunt,
367 5145 533 5219 prebituros
546 5159 577 5199 se
591 5140 673 5197 tidem

130 5238 238 5294 Christo
256 5237 393 5312 rigentem
408 5234 432 5291 si
446 5232 565 5289 resolvat
579 5230 677 5287 funere
693 5247 701 5294 ;

130 5328 198 5383 Viue
214 5327 312 5381 heatus
322 5332 385 5381 vota
401 5323 468 5400 Regi
482 5321 612 5386 destinat,

131 5415 300 5491 heingelsto
315 5414 441 5486 praecipit
452 5412 579 5469 cadaveri
596 5429 603 5466 ε

134 5530 146 5560 ι
160 5511 189 5564 ln
201 5508 301 5574 Patris,
314 5507 406 5575 aiens,
420 5505 553 5577 unicique
568 5503 629 5559 Filii

130 5598 284 5672 Sanctique
297 5611 380 5670 surge
393 5593 514 5669 Spiritus
526 5591 682 5650 vocamine.
700 5614 714 5637 a

991 4241 1039 4298 llic
1055 4243 1265 4299 excitatasvoce
1281 4242 1355 4298 celsa
1368 4243 1430 4297 haec
1445 4255 1592 4312 promere:

993 4354 1003 4380 ι
1025 4330 1136 4397 Audite,
1151 4330 1247 4402 empit,
1266 4344 1317 4387 uos
1332 4334 1471 4401 parentes,
1486 4337 1516 4383 et
1529 4326 1615 4381 simul

990 4420 1073 4475 Plebs
1084 4421 1237 4475 universa.-
1257 4419 1361 4475 ductus
1374 4434 1390 4474 a
1404 4416 1554 4475 teterrimis

990 4511 1103 4567 Duobus
1118 4526 1166 4566 ore
1179 4508 1298 4566 turbidis
1308 4509 1451 4584 AEgyptiis.

990 4599 1122 4671 Puteique
1136 4599 1238 4654 missus
1252 4615 1312 4655 sum
1328 4599 1388 4656 loco
1401 4597 1614 4661 obscurissimi;

990 4691 1125 4746 Veniente
1137 4690 1247 4762 ephebo
1266 4691 1315 4745 sed
1331 4698 1445 4761 repente
1460 4687 1619 4760 splendido,

992 4786 1079 4841 Locus
1090 4794 1211 4841 tremore
1226 4793 1300 4841 totus
1312 4785 1373 4856 ipsc
1389 4784 1527 4849 tunditur,

991 4874 1150 4946 Clamatque
1162 4873 1275 4943 juvenis
1290 4873 1337 4929 illc
1353 4872 1553 4946 fulgidissimus
1568 4889 1576 4926 ι

995 4991 1005 5014 “t
1018 4966 1136 5021 Puerum
1152 4965 1214 5020 sine
1229 4963 1284 5020 ulla
1302 4979 1366 5021 mox
1386 4979 1464 5019 mora
1478 4962 1621 5030 remittite,

991 5061 1119 5117 Famulus
1136 5060 1182 5115 bei
1197 5061 1271 5133 quod
1286 5061 1360 5116 huuc
1372 5059 1529 5115 Alexander
1542 5065 1632 5115 vocat.
1651 5078 1663 5108 ι

991 5152 1023 5207 th
1038 5166 1074 5206 en
1088 5150 1230 5221 reductus,
1247 5150 1370 5219 cernitis,
1391 5166 1452 5207 sum
1468 5149 1586 5221 corpori.

991 5242 1080 5308 Nunc,
1096 5240 1218 5306 domine,
1231 5239 1344 5311 lympha
1355 5239 1430 5311 tinge
1443 5236 1599 5294 Alexander
1607 5234 1653 5306 pie

991 5332 1044 5399 hle,
1059 5329 1200 5386 revidere
1214 5329 1306 5396 detur,
1322 5328 1387 5385 huie
1401 5328 1477 5400 quod
1492 5327 1545 5383 hac
1558 5324 1616 5380 die.

991 5420 1098 5476 Nomen
1113 5417 1266 5474 resuscitati
1277 5426 1337 5473 eret
1354 5417 1481 5482 Loesius,

952 5485 1057 5567 Deum
1073 5525 1128 5584 quo
1138 5508 1237 5565 sacrati
1248 5508 1323 5565 tonte
1339 5507 1446 5582 fulgent
1456 5505 1554 5562 coelico

991 5601 1108 5660 Centum
1121 5607 1150 5660 st
1163 5607 1299 5672 quaterne
1313 5597 1446 5671 neophyti
1460 5594 1617 5669 proportio.
