3848 6106
88 246 124 302 an
271 212 274 217 ’
428 240 591 296 ntsroana
610 234 774 295 nccnnsta
794 230 957 292 asnensis
976 234 1064 290 trani
1084 237 1245 301 otrannoa.
1259 270 1294 278 -
1314 239 1375 294 tna
1398 241 1416 293 r.
1724 247 1759 298 aa

88 378 205 433 traditur
219 373 376 430 adnronitus
390 373 559 427 revelatione
574 372 716 436 laudasse,
736 386 818 441 qnam
835 383 898 438 pro·
911 370 936 437 Α
950 368 1046 421 urbem
1064 367 1222 436 Remorum,
1242 371 1426 443 uniuersaque
1442 374 1555 446 regione
1579 375 1758 448 depopulata,

88 469 150 540 prio
165 482 275 539 qnoque
291 465 461 519 consecravit
486 464 632 535 sanguine.
663 462 798 517 Catbedra
812 461 900 531 siqni-

86 560 152 613 dcnt
169 555 337 627 pontilicalis
350 553 501 625 antiquitus
513 553 541 607 in
566 552 693 614 ecclesia,
706 567 768 622 quae
781 551 814 604 ad
826 553 901 621 dpo-

86 651 173 706 stolos
189 649 300 712 dieitur,
330 647 465 701 exstitisse
495 645 591 700 l'ertur.
610 645 656 699 llic
670 645 767 698 beatus
786 643 901 697 antistes

86 739 213 814 angelica
247 736 457 808 praemonitione
486 735 646 800 instructus,
680 733 797 787 laturam
818 732 900 804 longe

88 839 153 884 ante
165 827 307 900 praescisse
331 825 447 880 docetur
459 823 687 888 internecionem,
700 820 901 891 perniciosam-

88 933 143 990 que
159 915 351 989 prosperitatis
374 913 566 989 redarguendo
593 911 780 975 securitatem,
810 909 901 963 immi-

89 1019 202 1065 nentem
213 1008 299 1064 divini
309 1006 469 1080 predixisse
480 1004 602 1060 verberis
615 1003 760 1058 ultionem.
772 1002 902 1058 Portabat

88 1114 182 1160 autem
199 1102 341 1158 charitatis
360 1099 483 1154 humeris
497 1099 593 1152 anxins
610 1105 786 1167 peecatorum
802 1094 898 1150 crediti

90 1197 144 1252 sibi
159 1194 251 1270 gregis
265 1194 384 1264 pondus,
414 1190 483 1245 mori
515 1196 625 1262 paratus
641 1204 689 1259 pro
714 1186 853 1249 omnibns,
871 1193 900 1241 ut

93 1284 367 1360 iramindignationis
396 1283 443 1337 oei
472 1282 614 1352 apopnlo
642 1285 787 1334 averteret.
814 1276 899 1330 autin

92 1382 151 1451 ipsa
161 1387 235 1434 eerte
244 1377 376 1441 uindicta,
389 1375 530 1430 caelestem
541 1373 714 1427 clementiam
736 1369 900 1424 humilitatis

90 1469 190 1539 spiritu
198 1475 226 1523 et
239 1467 331 1521 animo
345 1463 463 1519 contrito
479 1463 610 1534 placeret,
627 1477 662 1515 ne
673 1475 762 1530 usqne
778 1457 812 1512 ad
836 1457 898 1511 ani·

90 1575 173 1622 mam,
195 1557 259 1611 licet
269 1553 440 1625 temporalis,
463 1563 492 1606 at
515 1567 569 1605 non
589 1549 727 1604 aeternalis
742 1546 900 1620 perveniret

89 1651 210 1724 gladius.
230 1647 283 1702 Sed
298 1646 344 1717 qni
363 1644 440 1699 serbi
455 1643 503 1698 Dei
517 1658 612 1698 semen
635 1642 663 1695 in
678 1639 768 1711 spinis
789 1636 900 1692 dinitia-

951 471 1033 509 ucces
1048 462 1153 509 tantum
1173 457 1241 510 inibi
1274 459 1457 515 habitantium
1474 463 1675 520 ferventissime
1692 484 1757 536 per-

950 555 1097 601 tractantes
1122 546 1348 603 Christianorum.
1379 552 1433 607 llos
1458 553 1541 608 veluti
1564 556 1679 612 deorum
1694 575 1762 614 suo·

951 655 1011 693 rum
1034 638 1171 705 inimicos
1196 647 1223 693 et
1249 642 1373 696 moribus
1391 660 1558 717 paganorum
1593 651 1757 717 contrarios,

952 729 1121 795 interimere,
1137 730 1302 802 penitusque
1324 733 1359 787 de
1384 742 1456 789 terra
1475 736 1566 794 delere
1586 741 1757 798 ambiebant.

952 819 1049 873 Beatus
1063 819 1156 890 itaque
1185 819 1310 875 Nicasius
1324 822 1442 877 animam
1457 840 1534 879 suam
1551 845 1600 897 pro
1615 830 1755 899 iratribus,

951 909 1052 965 Christi
1065 927 1185 982 sequens
1201 913 1369 983 exemplum,
1391 931 1493 985 ponere
1522 927 1641 989 paratus,
1662 924 1756 998 elegit,

951 1002 1109 1071 obnixeque
1133 1003 1287 1071 proposuit,
1316 1003 1370 1057 sibi
1398 1006 1574 1062 commissum
1604 1012 1760 1067 nullatenus

951 1091 1079 1144 omittere
1096 1106 1220 1164 gregem,
1233 1107 1346 1162 prorsus
1372 1093 1500 1161 instituit,
1516 1106 1563 1151 ant
1578 1113 1640 1152 cum
1654 1102 1694 1154 eis
1712 1119 1760 1171 pa-

950 1179 1017 1232 riter
1031 1179 1133 1244 ninere,
1142 1187 1189 1233 ant
1202 1180 1315 1249 pariter,
1324 1182 1399 1252 quod
1418 1199 1466 1238 eos
1491 1184 1687 1254 paterfamilias
1699 1205 1761 1260 per-

950 1270 1007 1338 peti
1021 1268 1113 1335 vellet,
1131 1267 1257 1334 sufferre,
1274 1287 1309 1325 ne
1337 1270 1480 1344 fugiendo,
1507 1274 1604 1330 Christi
1621 1277 1761 1335 rideretur

950 1360 1024 1431 (sine
1035 1377 1090 1431 quo
1103 1377 1157 1415 non
1178 1371 1293 1432 possunt
1318 1364 1445 1419 homines
1472 1366 1514 1421 uel
1536 1368 1629 1424 vivere
1641 1371 1684 1423 nel
1699 1369 1759 1426 lieri

949 1453 1106 1522 Christiani)
1134 1454 1263 1507 deserere
1300 1455 1492 1511 ministerium.
1525 1458 1601 1513 Unde
1631 1470 1658 1515 et
1682 1463 1760 1529 juxta

949 1543 1024 1599 beati
1054 1545 1199 1618 Augustini
1226 1546 1392 1601 sententiam
1421 1551 1510 1617 (epist.
1537 1554 1593 1615 soi,
1628 1554 1759 1620 majorem

950 1633 1091 1687 charitatis
1105 1633 1209 1703 reperit
1236 1632 1353 1688 fructum
1377 1653 1460 1707 qnam
1486 1638 1533 1708 qui
1563 1656 1619 1695 non
1648 1651 1761 1714 propter

90 1756 151 1794 rum
173 1737 325 1793 sullocatur
353 1733 500 1798 consitum,
531 1741 794 1802 prosperantesque,
813 1734 841 1779 et
871 1725 899 1778 in
950 1719 1057 1789 tratres,
1073 1723 1122 1777 sed
1133 1730 1247 1794 propter
1261 1725 1384 1794 seipsum
1399 1725 1518 1798 lugiens,
1539 1738 1622 1800 atque
1634 1747 1761 1802 ctnnpre-

90 1832 210 1886 sanitate
226 1828 321 1884 seculi
334 1827 495 1901 gloriantes,
511 1818 901 1889 monitasalutis,aurecordis
951 1816 1125 1871 hensusnon
1143 1817 1254 1890 rtegunit
1282 1817 1428 1882 Christum,
1449 1822 1630 1894 succepitque
1658 1834 1762 1897 ntarty-

90 1922 125 1975 ad
144 1918 351 1974 frutificandnm
378 1931 434 1970 non
449 1911 689 1968 admittunt:imo
706 1909 899 1981 periturisim-
952 1909 1186 1964 riumtletnebat
1209 1910 1283 1963 enim
1311 1912 1403 1982 potius
1431 1913 1759 1979 antistessanctissimua,

92 2013 185 2084 plicitc
200 2008 440 2082 occupationibus,
457 2023 509 2060 nec
523 2020 585 2059 vera
601 2003 672 2069 ritae,
691 2002 757 2073 quin
774 2000 900 2056 lethifera
950 2018 985 2056 ne
1000 2017 1029 2055 se
1040 2001 1196 2066 deserente,
1223 2002 1329 2072 lapides
1342 2003 1395 2057 vivi
1414 2005 1664 2081 exstinguerentur,
1679 2026 1761 2081 quam

92 2104 208 2176 pcccati,
242 2101 394 2173 mortisque
413 2097 552 2171 stipendia
583 2104 742 2167 sequentes,
770 2094 900 2164 quoniam
951 2107 987 2145 ne
1002 2092 1145 2162 lapideset
1159 2091 1233 2163 ligna
1249 2102 1421 2147 terrenorum
1450 2094 1761 2169 aediticorum,seprae-

92 2193 214 2264 periecte
228 2192 299 2247 mala
315 2207 370 2245 non
385 2189 511 2253 oderant,
534 2201 598 2240 vera
612 2182 711 2238 sectari
727 2182 801 2236 bona
818 2181 900 2255 digne
951 2191 1040 2249 sente,
1068 2184 1293 2252 incenderentur,
1322 2185 1409 2258 magis
1436 2186 1548 2254 timens,
1581 2190 1762 2248 nedestituta

92 2298 149 2336 non
162 2281 298 2336 valebant.
325 2279 399 2333 Pium
423 2277 538 2346 insuper
561 2272 723 2343 relissifflleffl
748 2269 900 2344 negligere,
952 2277 1050 2330 Christi
1067 2277 1191 2346 corporis
1222 2277 1476 2348 membraspiritali
1497 2281 1568 2335 victu
1588 2293 1761 2349 necarentur,

89 2370 243 2426 divinitatis
263 2375 401 2440 praecepttl
424 2374 604 2436 postponere,
621 2359 789 2415 vanitatibus
811 2360 901 2413 insel-
952 2384 1033 2439 quam
1050 2384 1085 2421 ne
1095 2368 1220 2422 membra
1236 2348 1371 2440 ’corporis
1396 2371 1439 2423 sui
1461 2372 1552 2426 hostili
1563 2389 1696 2445 oppressa
1712 2378 1764 2430 im.

89 2464 159 2530 nire,
180 2460 414 2533 concupiscentiae
439 2457 512 2513 vitiis
540 2457 696 2519 inhaerere,
728 2452 902 2508 schismatica
953 2468 1033 2531 pactu
1053 2467 1257 2530 torquerentur,
1270 2462 1382 2515 paratus
1393 2462 1428 2516 ad
1440 2470 1597 2534 utrumque,
1614 2476 1655 2532 ut,
1672 2468 1695 2521 sj
1707 2483 1761 2523 ⁰0„

89 2554 223 2609 scandala
251 2553 394 2614 suscitare,
421 2551 573 2621 Deumque,
602 2546 669 2617 prob
687 2543 787 2601 dolori
804 2545 831 2598 in
858 2543 902 2598 his
952 2557 1045 2619 posset
1060 2549 1104 2602 bic
1115 2548 1183 2603 calix
1206 2549 1333 2614 transire,
1349 2549 1561 2607 lierotnoluntas
1575 2555 1636 2621 ejus
1651 2557 1761 2624 (hortu.

90 2642 309 2699 emnibushaud
337 2636 664 2696 metuebantotiendere.
683 2632 901 2689 Eteccesubito
953 2637 1092 2702 xstitit),
1112 2638 1160 2707 qui
1186 2637 1251 2690 mali
1278 2637 1382 2709 aliquid
1413 2654 1468 2693 non
1496 2650 1586 2710 potest
1607 2645 1760 2699 vellc.Nec

90 2736 218 2803 ejusdem
231 2733 422 2806 prosperitatis
437 2729 622 2802 temporibus,
637 2727 797 2783 animositas
819 2725 902 2780 diris·
953 2727 1111 2799 requirebat
1125 2743 1187 2799 quae
1197 2744 1248 2782 sua
1260 2736 1333 2791 sunt,
1345 2730 1394 2783 sed
1406 2729 1516 2786 imitans
1535 2749 1598 2786 eum
1612 2734 1659 2804 qni
1673 2735 1741 2790 dixit
1755 2753 1761 2790 :

90 2825 226 2877 simarum
240 2821 364 2897 gentium
383 2827 529 2885 commota,
553 2818 600 2872 hei
616 2815 777 2871 offensionis
791 2815 857 2868 iram
874 2813 903 2867 in
953 2818 1010 2871 Non
1022 2817 1197 2889 quaeroqnod
1213 2818 1279 2871 mihi
1296 2818 1362 2872 utile
1377 2829 1428 2882 est,
1446 2821 1495 2874 sed
1521 2822 1595 2892 qnod
1616 2824 1719 2890 multis,
1733 2833 1764 2879 ut

92 2916 216 2970 diuersas
241 2915 415 2970 vindicatura
441 2910 609 2983 prouincias,
627 2907 782 2962 intentione
809 2914 904 2961 trucu-
953 2908 1200 2978 salvitiantilCor
1229 2927 1256 2976 x,
1272 2910 1327 2978 335.
1356 2911 1385 2965 Et
1408 2928 1442 2966 ne
1462 2913 1549 2986 magis
1563 2913 1696 2987 fugiendo
1711 2916 1765 2972 ob·

91 3004 179 3068 lenta,
195 3003 390 3058 Wandalorum
405 2999 742 3069 multitudoproperanter
756 2995 902 3057 accelerat,
954 3012 1027 3057 esset
1041 3002 1177 3072 exemplo,
1188 3019 1269 3073 qnam
1281 3003 1399 3058 virendo
1413 3004 1558 3074 prodesset
1570 3004 1674 3072 olfacio,
1690 3007 1765 3063 nulla

89 3092 235 3147 subversis
246 3091 393 3145 multarum
406 3087 610 3145 munitionibus
620 3086 730 3140 urbium
753 3060 940 3158 gladioquaC
954 3094 1059 3147 ratione
1075 3092 1217 3146 consensit
1232 3107 1294 3146 0330
1319 3091 1494 3165 fugiendum,
1512 3094 1606 3164 Neque
1625 3106 1765 3166 tempora.

90 3179 268 3249 interemi)tis
297 3179 437 3250 ulliusque
469 3193 552 3232 ”¹¹¹⁵
587 3173 813 3248 ltf080⁰i²⁰stb¹¹⁸
840 3188 903 3227 ⁰⁰¹⁰
954 3187 1221 3253 lemmurtemtqnae
1248 3185 1416 3256 quandoque
1445 3195 1561 3239 uentura
1587 3188 1764 3253 ast,etiamsi

89 3272 172 3338 fliiis,
189 3287 242 3327 noll
254 3272 335 3326 aliam
351 3272 493 3346 dignitatis
504 3271 631 3345 gioriatn‚
647 3282 701 3322 tlon
717 3264 904 3335 aliudaliquid
953 3279 1101 3343 caveatur),
1117 3276 1166 3330 sed
1179 3286 1310 3332 aetepnam
1325 3288 1395 3348 (quae
1407 3284 1496 3348 polest
1521 3279 1543 3331 si
1564 3294 1619 3333 non
1635 3290 1765 3334 caveatur

91 3365 121 3417 in
137 3364 490 3434 temporalibuslucristam
506 3357 902 3428 desideranterconcnpiscere
953 3369 1060 3437 ventre,
1073 3377 1102 3423 et
1125 3377 1215 3440 p0test
1237 3369 1259 3423 si
1276 3376 1405 3424 caveatur
1420 3370 1503 3423 etiam
1519 3385 1573 3424 non
1590 3372 1696 3431 veniret
1709 3372 1766 3427 for.

90 3448 903 3522 oefflssbatun‘luamhumanumtitutileacsustttssffisass·
952 3457 1153 3521 midans;non
1175 3457 1228 3511 sibi
1259 3457 1379 3527 placens,
1407 3473 1619 3528 necpersonam
1643 3476 1720 3515 suain
1738 3463 1765 3516 in

89 3544 220 3618 guinem,
242 3552 271 3598 et
292 3544 507 3598 Christianorum
536 3543 668 3596 duntaxat
686 3541 763 3594 sitire
779 3539 903 3593 interne·
953 3547 1036 3602 nands
1051 3546 1180 3616 periculis
1192 3545 1256 3620 fuga
1269 3546 1435 3621 digniorem,
1461 3555 1557 3617 utpote
1571 3549 1659 3625 gratia
1675 3551 1768 3605 excel.

90 3638 213 3692 cionem.
229 3635 285 3690 Sub
301 3636 456 3704 hujusvero
472 3633 644 3705 tempestatis
660 3629 902 3703 turbine,gloriosi
953 3637 1069 3700 lentem,
1086 3635 1226 3704 judicans,
1242 3650 1276 3689 ne
1301 3635 1484 3690 ministerium
1518 3636 1544 3690 in
1575 3637 1618 3691 his
1646 3639 1765 3694 maxinte

92 3725 254 3780 renitebant
276 3725 305 3778 in
334 3724 428 3777 Calliis
455 3723 529 3776 inter
544 3722 690 3792 episcopos
705 3721 767 3784 viri,
783 3719 902 3773 sanctis-
953 3723 1082 3795 periculis
1108 3724 1304 3789 necessarium,
1334 3740 1365 3778 ac
1392 3724 1527 3787 debitum,
1552 3725 1763 3781 subtraheretur
1806 3739 1816 3745 ·

92 3815 181 3870 Simus
205 3815 353 3869 Reffiffilm
386 3811 486 3883 ΙΠωὸυι
513 3810 648 3874 Nicasius,
675 3817 702 3863 et
726 3808 903 3862 beatissimus
954 3817 1090 3872 Ecclesiae.
1101 3816 1170 3881 Non,
1188 3825 1216 3869 ut
1232 3814 1420 3870 mercenarius
1430 3816 1527 3869 ridens
1542 3816 1763 3885 lnpumnenien-

93 3905 335 3959 aurelianensium
360 3901 484 3974 pontifex
511 3901 644 3966 hilianus,
660 3907 772 3953 sanctus
791 3912 902 3968 qnoque
955 3915 1019 3968 tem,
1034 3905 1157 3959 dimissis
1183 3904 1281 3958 ovibus
1308 3903 1387 3977 sugit,
1408 3904 1457 3957 sed
1485 3912 1515 3956 nt
1541 3914 1634 3973 pastos
1661 3906 1751 3961 bonus

94 3998 186 4067 lupus
201 3997 388 4057 trecassinus,
404 4002 432 4049 et
457 3993 556 4047 beatus
570 3992 710 4046 Servatius
734 3987 903 4061 Tungrensis
955 4010 1005 4065 pro
1015 4010 1100 4067 grege
1121 3993 1175 4047 sibi
1192 3992 1298 4048 credito
1312 3993 1433 4046 attimam
1453 3993 1645 4062 paratissimus
1661 3996 1764 4055 obtulit

98 4091 221 4154 antistes,
237 4089 340 4160 aliique
369 4086 494 4143 nonnulli
520 4085 667 4141 uirtutibus
694 4082 827 4154 insignes,
856 4081 902 4152 qui
953 4089 1042 4155 (toan,
1061 4087 1208 4155 gitta).
1228 4086 1345 4156 nequod
1361 4086 1460 4140 malins
1485 4086 1765 4160 agenduminventfe

95 4185 166 4238 hanc
181 4182 381 4255 indignationis
405 4181 462 4247 liei,
487 4180 545 4234 suis
574 4178 679 4233 meritis
706 4193 737 4231 ac
762 4175 902 4247 precibus,
954 4180 1173 4253 potnit.sedulas
1187 4179 1222 4232 ad
1237 4179 1382 4234 llominnm
1401 4194 1450 4249 pro
1466 4195 1496 4233 se
1511 4179 1625 4250 suisque
1648 4180 1766 4238 sundere

97 4275 163 4328 iram
173 4276 222 4329 diu
237 4273 349 4329 differre
362 4281 547 4339 certaverunt,
563 4280 593 4327 ut
607 4271 737 4327 omnibus
749 4268 903 4324 haeresibus
954 4290 1052 4345 preces
1065 4273 1158 4345 elegit.
1176 4272 1304 4346 Fatigatis
1323 4272 1408 4346 igitur
1421 4271 1532 4327 tandem
1563 4272 1768 4342 praeliatoribus

95 4374 122 4418 et
133 4363 315 4434 pravitatibus
328 4363 424 4434 populi
438 4361 587 4428 restinctis,
602 4361 636 4415 ad
661 4359 825 4416 catholicam
838 4358 904 4412 reli·
956 4363 1163 4434 impugnatione
1179 4361 1320 4425 continua,
1337 4361 1462 4415 excubiis
1477 4369 1504 4415 et
1531 4361 1632 4428 inedia,
1651 4363 1768 4419 furenti-

95 4458 205 4527 gionem
213 4467 240 4511 et
253 4473 349 4511 nerum
364 4457 412 4510 llei
438 4456 541 4512 cultum
553 4471 603 4526 per
618 4452 809 4526 paenitentiam
825 4466 905 4506 reno·
917 4432 945 4501 i)
955 4455 1063 4526 busque
1078 4456 1292 4525 circumquaque
1304 4454 1481 4519 hostibusne
1493 4453 1600 4508 iortiter
1612 4453 1686 4510 bello
1701 4471 1767 4512 con·

96 4561 200 4614 carent,
224 4566 257 4605 ac
281 4557 362 4605 tanta
386 4547 588 4620 persecutionis
605 4555 633 4601 et
654 4545 753 4601 divinae
780 4545 906 4600 animad-

98 4641 231 4696 uersionis
245 4640 367 4716 gladium
382 4640 417 4695 ab
433 4640 561 4695 Ecclesia
580 4638 734 4694 cervicibus
748 4644 904 4691 avocarent.

98 4729 160 4795 Sed,
172 4731 242 4801 proh
254 4728 332 4784 naias
348 4727 355 4781 l
381 4731 496 4799 Impius,
519 4737 548 4784 ut
574 4727 706 4799 scriptum
734 4736 786 4788 est,
802 4741 862 4780 cum
877 4727 906 4778 in

97 4822 264 4889 proselidem
287 4826 458 4892 peccatorum
485 4823 598 4889 venerit,
633 4821 777 4875 corttemut't
813 4820 904 4884 (Pron.

100 4925 169 4973 xnrtt,
198 4909 236 4976 3),
263 4908 430 4964 salutaribus
456 4924 552 4964 eorum
579 4908 724 4980 praeceptis
750 4907 906 4961 nullatenus

100 4997 335 5068 obtemperabant.
353 4999 387 5052 dt
401 4997 442 5052 vir
456 4998 633 5067 beatissimus
657 4995 781 5051 Nicasius
796 4995 905 5066 praesul,

102 5089 263 5144 instantibus
277 5089 387 5157 studiis,
407 5090 602 5160 continuisque
622 5088 755 5143 doctrinis
769 5103 801 5142 ac
817 5086 907 5157 preci-

104 5179 157 5247 bus,
171 5181 306 5252 populum
332 5181 380 5235 ltei
407 5182 441 5236 ad
458 5181 648 5251 ptenitcntiam
663 5196 712 5235 sen
734 5178 904 5250 patientiam,

104 5280 126 5323 et
136 5274 305 5344 triumphum
319 5273 443 5343 martyrii
462 5272 638 5344 provocabat.
655 5289 687 5328 ut
701 5287 771 5343 quos
796 5272 906 5325 incauta

101 5365 264 5437 prosperitas
278 5365 312 5418 ad
324 5363 488 5421 offensionis
508 5365 654 5436 impulerat
668 5364 787 5429 foveam,
803 5363 904 5418 adter-

99 5454 183 5508 sitatis
198 5454 298 5508 aaron
313 5455 468 5520 tolerantia,
490 5469 546 5509 non
558 5454 694 5522 iudicium
709 5451 904 5519 damnationis,

98 5549 143 5601 sed
158 5547 275 5622 gratiam
290 5547 471 5620 purgationis,
483 5563 649 5618 cansamque
664 5547 760 5601 salutis
770 5544 903 5602 efficeret.

98 5636 204 5693 interea
233 5643 463 5692 castrametantur
487 5637 597 5711 agmina
611 5635 807 5691 Wandalorum
831 5635 905 5690 circa

956 4547 1126 4603 cutientibus
1138 4546 1245 4611 urbem,
1262 4545 1347 4601 nimio
1364 4547 1475 4601 terroris
1494 4545 1576 4601 taedio
1593 4546 1689 4602 civitas
1703 4550 1769 4603 uni-

955 4655 1034 4694 tersa
1049 4637 1185 4710 perculsa,
1198 4639 1233 4692 ad
1254 4637 1457 4693 sanctissimum
1486 4637 1621 4692 Nicasinm
1648 4638 1675 4692 in
1705 4655 1768 4696 ora-

957 4733 1078 4788 tionibus
1092 4739 1257 4803 prostratum
1283 4733 1441 4796 decurrunt,
1458 4729 1578 4785 suturam
1596 4746 1766 4803 paganorum

955 4822 1097 4877 victoriam
1115 4820 1350 4891 pertimescentes,
1378 4829 1406 4875 et
1421 4819 1552 4874 auxilium
1570 4821 1767 4878 consolationis

956 4913 1126 4969 alteonelut
1154 4930 1169 4967 a
1196 4923 1272 4983 pistre
1300 4911 1360 4979 tilii,
1385 4912 1567 4983 requirentes.
1595 4915 1768 4988 interrogant

957 5006 1024 5076 quid
1037 5006 1133 5060 utilius
1147 5005 1256 5060 consilii
1284 5005 1440 5060 laciendum
1465 5005 1607 5072 decernat,
1624 5006 1768 5060 autservi·

958 5095 1008 5150 tuti
1018 5097 1142 5168 gentium
1155 5110 1216 5148 sese
1229 5093 1350 5160 tradere,
1375 5093 1466 5148 autad
1482 5102 1597 5148 mortem
1614 5111 1703 5165 usque
1716 5110 1766 5165 pro

957 5183 1044 5237 salute
1060 5182 1138 5236 urhis
1154 5182 1295 5236 dimicare.
1318 5183 1416 5237 Beatus
1445 5191 1537 5237 autem
1567 5182 1694 5237 Nicasius
1708 5199 1766 5238 coe-

958 5275 1021 5329 litus
1036 5273 1472 5344 divinapraesciensrevolatione,
1487 5274 1633 5329 Remorum
1646 5274 1765 5328 subver-

955 5365 1065 5420 tendam
1096 5363 1244 5427 civitatcm,
1278 5365 1425 5419 consolans
1451 5379 1510 5429 eos,
1556 5362 1765 5435 infatigabiliter

956 5452 1062 5508 ltomiui
1078 5451 1255 5522 supplicabat
1274 5453 1441 5520 clementiae,
1453 5460 1590 5523 quatenns
1604 5453 1663 5506 htec
1676 5449 1763 5503 tribu-

955 5542 1018 5596 latio
1035 5542 1129 5596 mortis
1151 5543 1336 5612 temporarias,
1363 5558 1416 5596 non
1440 5542 1474 5595 ad
1498 5541 1643 5611 indicium,
1660 5536 1709 5592 sed
1730 5535 1764 5588 ad

955 5630 1167 5702 indulgentiam,
1188 5630 1401 5701 persistentibus
1429 5630 1456 5685 in
1477 5645 1540 5685 vera
1568 5627 1632 5680 fidei
1656 5623 1767 5681 coales-
