3848 6106
71 250 124 306 ³21

398 195 562 300 lllSTORIAE
582 237 748 296 ECCLESlAE
767 233 932 292 nunnusls
952 232 1040 288 lluttl
1059 227 1222 293 curruca.
1238 255 1271 266 -
1288 223 1349 279 ltu.
1372 222 1413 275 lv.

1686 213 1739 272 322

70 385 168 453 egerat
178 378 256 434 olim.
272 373 350 442 Quod
375 373 533 429 coenobium
549 379 646 442 postca
665 386 715 440 per
729 367 879 440 precariam
895 360 1128 437 Apraeeptionis
1154 357 1241 428 ipsius
1265 353 1338 428 regis
1364 350 1493 415 obtinuit,
1510 354 1536 402 ct
1562 360 1611 418 pro
1638 344 1741 427 contir-

68 470 163 542 ipsius
172 465 327 538 alpheidis,
336 463 380 520 vcl
392 462 510 517 liliorum
524 461 584 530 ejus
595 459 703 515 Letardi
715 467 742 513 et
757 456 881 522 Ebrardi,
933 454 1034 507 mando
1049 466 1083 505 eo
1102 447 1165 503 lruio
1186 444 1321 511 ecelesiae,
1337 460 1352 497 a
1372 442 1501 496 Formoso
1529 453 1600 510 papa
1621 435 1738 507 privile·

70 559 106 613 ad
117 563 224 628 partem
239 564 268 610 et
291 553 495 626 possessionem
510 550 653 606 ilenrensis
667 547 779 603 devenit
793 546 882 602 ecele-

70 648 130 702 siae.
139 644 291 702 llichaberi
299 644 431 700 asseritur
440 643 509 698 deus
516 641 614 697 sanctii
627 640 741 695 dndreae
750 638 880 711 apostoli:

69 738 150 807 cujus
161 735 298 792 beneticia
312 736 402 803 multi,
419 735 467 806 qui
481 751 545 790 eum
558 733 675 790 osculari
688 739 883 803 promerentur

68 829 233 901 frequenter
264 829 446 900 experiuntur
475 824 587 881 iulirmi.
617 824 740 878 Vidimus
769 822 824 889 lric,
853 821 882 875 in

69 920 188 976 ecclesia
203 920 311 975 scilicet
326 920 407 988 liujus
422 918 553 985 conubii,
570 933 680 973 cereum
696 917 761 989 igne
777 911 881 970 emlesti

69 1018 109 1064 ter
132 1024 247 1081 quoque
263 1026 434 1076 accensum;
464 1024 547 1080 quem
562 1024 675 1062 cereum
695 1005 795 1061 collata
819 1018 883 1056 cera

68 1101 191 1157 fecerant
217 1101 330 1173 quidam
346 1102 421 1158 cives
441 1102 601 1166 llcmenses,
624 1100 671 1172 qui
693 1100 728 1153 ad
745 1097 883 1153 visitanda

68 1189 362 1262 nuperlposrolorum
378 1189 473 1244 limina
489 1189 605 1260 proiecti
619 1188 743 1243 lucrant.
760 1187 884 1241 Vidmrus

69 1282 95 1334 in
104 1283 161 1336 lroe
170 1296 284 1353 quoque
297 1281 465 1337 monasterio
479 1281 598 1351 puellam
612 1280 759 1350 quamdam
769 1278 883 1333 sudasse

67 1370 246 1444 sanguinem,
272 1385 334 1442 quae
353 1376 418 1425 lunc
433 1369 608 1425 hebdomada
624 1369 707 1439 plena
729 1368 816 1437 jacuit
832 1367 884 1420 im-

67 1471 154 1529 mota,
176 1462 257 1534 quasi
285 1472 405 1530 mortua,
426 1469 453 1517 et
469 1462 590 1518 visiones
619 1463 645 1516 ei
668 1470 733 1517 suut
762 1469 883 1516 ostense

68 1554 224 1610 nonnullas.

361 1624 466 1682 cartu
494 1626 593 1681 llLl'll.

119 1719 272 1810 Dedomrm
297 1720 462 1787 duntbcrdc,
481 1724 506 1775 et
520 1721 607 1790 lpsius
633 1735 718 1774 acore
736 1721 826 1775 Recto
894 1731 920 1800 B

99 1832 267 1888 Praemissus
306 1833 399 1905 itaque
437 1833 556 1888 domnus
588 1832 758 1887 Guntbertus
802 1830 884 1899 hujus

66 1928 220 1983 instructor
235 1927 368 1995 coenobii,
383 1928 479 1984 relicta
492 1929 620 2002 conjuge,
634 1927 773 1982 maritima
784 1932 885 1996 petens

68 2019 140 2086 loca,
160 2020 209 2074 ille
237 2020 320 2074 eliam
343 2020 543 2076 monasterium
560 2019 699 2091 quoddam
724 2017 884 2073 condidisse

68 2111 162 2167 lertur.
181 2112 233 2166 Ubi
253 2119 280 2167 et
299 2130 316 2166 a
333 2111 460 2167 barbaris
485 2112 637 2167 decollatus
656 2110 884 2181 luisse-traditur,

68 2199 176 2254 llelieta
193 2214 259 2255 vero
272 2199 361 2271 ipsius
376 2200 478 2254 domna
493 2201 572 2255 Beria
592 2199 749 2255 cenobium
763 2196 885 2268 puellare

68 2288 141 2357 apud
156 2288 345 2354 avennacum,
366 2287 481 2343 Domino
503 2287 555 2342 sibi
572 2288 663 2342 locum
680 2303 730 2358 per
758 2285 885 2359 angelum

67 2380 287 2445 demonstrante,
304 2381 466 2434 construxit.
485 2380 516 2434 lu
536 2381 601 2434 dum
619 2379 688 2435 inibi
710 2395 808 2450 aquam
829 2392 884 2432 non

66 2467 196 2532 baberet,
213 2466 369 2538 impetrarit
392 2484 407 2521 a
422 2467 631 2538 possessoribus
647 2467 781 2538 proximae
797 2465 884 2531 silvae,

67 2560 177 2634 argenti
207 2560 277 2615 libra
295 2560 370 2627 data,
394 2559 498 2616 loutem
515 2560 673 2632 quemdam,
699 2544 808 2615 duobus
829 2557 886 2612 t'ere

67 2651 195 2706 millibus
216 2668 232 2706 a
251 2667 301 2708 suo
315 2653 483 2708 monasterio
508 2653 668 2707 distantem.
692 2652 728 2705 Ex
743 2666 797 2723 quo
812 2649 886 2704 sonte

68 2757 133 2795 mox
157 2741 233 2796 rivus
255 2756 382 2811 egressus
397 2748 507 2797 secutus
520 2748 561 2796 est
588 2757 649 2795 eam
679 2741 712 2794 ad
729 2738 885 2794 eoenobium

71 2836 254 2885 remeantem.
267 2830 317 2895 Qui
338 2829 428 2884 adbuc
446 2829 559 2904 largiter
570 2829 698 2896 adluens,
709 2843 758 2898 pro
768 2843 800 2882 eo
812 2827 887 2899 quod

70 2925 244 2980 tantumdem
264 2925 346 2980 luerit
368 2932 488 2995 emptus,
504 2925 586 2979 Bibra
604 2924 748 2979 vocitatur.
767 2922 887 2995 Privignr

73 3015 195 3084 denique
205 3013 409 3084 ipsiusdomnae
420 3015 514 3075 Bertae,
528 3013 804 3085 insurgenteseontra
813 3027 885 3076 earn,

75 3105 278 3159 interemerunt
293 3104 376 3159 illam.
389 3104 439 3170 Qui
453 3104 545 3159 statim
557 3103 647 3158 traditi
661 3103 766 3157 Satauae
776 3102 804 3155 in
816 3101 888 3155 inte·
901 3106 926 3176 C

76 3197 268 3263 ritumcarnis,
280 3196 315 3250 ab
329 3197 449 3252 lrumauo
459 3212 544 3251 sensu
555 3196 582 3250 in
594 3195 735 3249 beluinam
749 3193 887 3248 feritatem

78 3292 184 3358 mutati,
194 3291 349 3346 decessisse
362 3291 421 3362 [ms.
437 3308 476 3356 r.,
488 3290 645 3360 deiecisset,
662 3289 795 3344 feruntur.
809 3288 887 3359 liepti

77 3400 140 3439 rero
153 3385 251 3439 domni
267 3384 420 3448 (luntberti,
438 3384 551 3438 nomine
567 3382 688 3449 llontiae,
699 3399 760 3454 quae
775 3382 888 3438 sceleris

79 3479 160 3547 hujus
168 3485 358 3534 consentanea
368 3477 686 3551 fuerat,noctuvigilanti
696 3477 801 3532 domna
809 3478 889 3530 Barla

80 3566 163 3621 fertur
173 3566 442 3638 apparuisse,eique
457 3566 632 3637 praecepisse,
648 3564 888 3636 uloorpnsdomni

79 3661 221 3717 Guntberti
230 3661 272 3715 od
286 3662 360 3717 hunc
374 3662 465 3716 locum
481 3659 597 3715 relerrre
608 3666 757 3733 satageret,
768 3676 801 3715 ac
812 3660 890 3728 juxta

81 3770 156 3809 saum
173 3754 257 3808 funus
271 3752 433 3818 collocarem
449 3753 545 3824 sieque
561 3753 600 3808 illi
618 3761 761 3823 peecatum
773 3751 891 3807 eonsciae

84 3849 157 3903 necis
172 3863 232 3902 suae
247 3847 380 3902 Dominus
395 3847 560 3921 indulgeret.
577 3846 641 3911 Quae
657 3846 767 3915 signum
783 3852 891 3914 petens,

85 3941 202 4010 quesibi
218 3941 361 3995 dimissum
375 3939 403 3994 id
424 3955 486 3994 csse
510 3941 604 4005 sciret,
620 3938 725 3993 audivit
739 3937 813 4008 quod
829 3952 892 3991 mox

88 4037 191 4103 utjussa
201 4034 379 4105 complesset,
389 4049 421 4089 ex
433 4035 493 4103 ejus
501 4049 548 4089 ore
557 4034 599 4088 vel
612 4033 724 4088 naribus
736 4036 894 4101 erumperet

88 4129 205 4203 sanguis.
223 4129 300 4193 Quod
322 4135 349 4183 et
373 4127 516 4199 impletum
530 4134 581 4195 est,
598 4129 663 4182 dum
683 4140 783 4198 eorpus
798 4123 892 4180 domni

89 4217 227 4272 luntberti
250 4218 327 4286 juxta
354 4217 454 4291 pignus
492 4217 579 4271 Bertre
608 4216 776 4272 reconditur.
811 4214 894 4281 lluJus

88 4306 190 4362 domnae
202 4307 408 4376 Bartaecorpus
422 4312 484 4376 post
499 4311 609 4360 centnm
625 4305 734 4360 circiter
745 4318 833 4357 annos
849 4303 893 4356 in-

87 4409 192 4454 rentum
208 4406 251 4454 est
260 4399 405 4470 integrum,
418 4406 445 4453 et
455 4399 542 4473 plagae
559 4397 647 4469 ipsius
661 4397 699 4452 ita
711 4403 775 4451 tunc
791 4394 894 4450 recenti

932 546 1007 620 glum
1024 543 1182 616 apostolieae
1195 538 1270 594 sedis
1282 535 1450 607 impetravit.

1219 669 1321 725 CAPUT
1343 667 1455 721 llLVlll.

1020 770 1058 822 De
1072 765 1176 821 duobus
1190 762 1305 816 eeclesiis
1325 758 1413 812 suncti
1430 755 1534 814 llilorii
1555 754 1649 807 donis

968 877 1036 931 Sunt
1056 875 1101 929 liic
1114 871 1206 927 Remis
1220 868 1343 925 eeclesia
1358 864 1459 920 ducein
1473 863 1577 917 bonore
1591 859 1677 915 saneti
1692 858 1739 913 lli-

932 966 1014 1021 larii:
1040 980 1093 1018 una
1115 961 1185 1016 infra
1209 959 1358 1020 civitatem,
1381 955 1409 1009 in
1433 969 1487 1024 qua
1504 967 1592 1022 nuper
1614 950 1739 1022 quaedam

933 1053 1026 1126 puella
1039 1056 1191 1116 contracta,
1211 1054 1238 1102 et
1251 1043 1400 1117 paralytica
1413 1041 1507 1096 divina
1529 1047 1571 1094 est
1584 1045 1674 1093 erecta
1686 1037 1741 1091 vir-

933 1153 1010 1210 tute,
1027 1145 1122 1207 altera,
1138 1156 1200 1213 quae
1213 1146 1254 1193 est
1265 1136 1405 1208 antiquior
1415 1133 1545 1199 eeclesia,
1560 1137 1623 1184 ante
1636 1136 1743 1200 portam

932 1239 1024 1293 llartis
1042 1238 1103 1303 sita,
1116 1251 1197 1306 quam
1223 1240 1335 1286 sanctus
1348 1227 1512 1302 Rigobertus
1524 1222 1646 1295 pontifex
1665 1230 1744 1276 ante-

933 1328 1093 1386 cessoribus
1122 1326 1223 1381 nostris
1243 1322 1352 1379 clericis
1382 1321 1415 1374 ad
1431 1318 1598 1389 sepulturam
1621 1315 1743 1384 ipsorum

933 1418 1020 1473 dedit.
1042 1418 1106 1482 Quae
1122 1414 1238 1478 dudum,
1254 1411 1360 1466 scilicet
1386 1414 1448 1462 ante
1464 1403 1675 1468 discessionem,
1700 1398 1742 1455 vel

933 1507 1125 1578 expulsionem
1150 1502 1244 1559 domni
1274 1497 1376 1554 trtaldi
1404 1495 1538 1567 episcopi,
1566 1491 1670 1548 crebris
1685 1490 1745 1544 illu·

933 1600 1072 1656 strabalur
1099 1596 1249 1652 miraculis.
1275 1593 1351 1649 Unde
1367 1598 1394 1646 et
1420 1599 1486 1644 tunc
1512 1587 1547 1642 ab
1567 1602 1612 1653 eo,
1636 1584 1745 1639 civibus

934 1707 1044 1764 quoque
1058 1689 1188 1764 suffragiu
1201 1685 1365 1751 ferentibus,
1378 1681 1460 1739 tectis
1472 1696 1504 1735 ae
1517 1678 1596 1735 novis
1606 1682 1649 1731 est
1661 1691 1745 1746 repa·

934 1790 993 1837 rata
1009 1778 1195 1852 laquearibus.
1214 1776 1278 1831 Nam
1303 1773 1415 1845 quidam
1435 1784 1535 1831 wcus,
1549 1766 1661 1821 nomine
1677 1765 1746 1818 Pau-

934 1875 987 1940 lus,
1012 1872 1170 1928 admonitus
1195 1871 1223 1924 in
1240 1868 1355 1932 somnis,
1381 1872 1410 1920 ut
1424 1863 1458 1919 ad
1475 1860 1602 1917 eamdem
1618 1867 1746 1932 pergeret

935 1963 1091 2028 ecelesiam,
1108 1961 1202 2015 lumen
1224 1958 1262 2012 ibi
1279 1962 1451 2028 recepturus,
1477 1950 1598 2016 advenit,
1616 1956 1643 2003 et
1666 1963 1747 2002 rccu-

935 2060 1031 2123 perato
1048 2050 1163 2115 lumine,
1180 2063 1232 2102 nee
1247 2062 1334 2113 mora,
1363 2044 1460 2098 videus
1479 2039 1609 2096 abcessit.
1630 2037 1745 2103 Quidam

935 2142 1106 2215 exepiscopi
1128 2140 1237 2195 famulis
1262 2154 1325 2194 eum
1350 2137 1384 2191 ad
1409 2136 1497 2207 ipsam
1514 2137 1641 2206 pergeret
1655 2129 1746 2184 eccle-

935 2234 1007 2287 siam
1033 2231 1198 2303 piscatorem
1215 2243 1276 2283 cum
1306 2225 1429 2297 piscibus
1444 2230 1507 2277 ante
1531 2219 1604 2275 loros
1622 2217 1747 2273 ecclesiae

935 2321 1048 2377 obvium
1064 2319 1177 2383 lrabuit;
1193 2334 1263 2389 quos
1286 2313 1498 2387 apprehendens
1516 2311 1591 2366 velut
1605 2314 1749 2380 empturus

936 2412 1058 2468 abstulit.
1086 2414 1117 2466 at
1138 2426 1244 2482 pauper
1266 2408 1312 2462 ille
1331 2406 1460 2478 piscator,
1477 2409 1506 2458 ut
1532 2402 1598 2456 inde
1618 2400 1670 2455 sibi
1685 2415 1746 2454 eum

937 2510 1032 2557 saneto
1048 2500 1150 2556 llilario
1170 2497 1341 2562 conreniret,
1362 2493 1540 2549 devotionum
1563 2487 1748 2545 clamoreslu-

936 2595 1018 2670 gubri
1033 2601 1125 2647 mente
1142 2592 1170 2645 in
1186 2606 1249 2645 eum
1267 2587 1391 2660 ingessit.
1418 2588 1449 2638 dt
1462 2584 1510 2638 ille
1524 2581 1682 2653 despiciens
1695 2580 1748 2633 iru-

934 2685 1089 2756 juscemodi
1100 2700 1192 2749 voees,
1206 2681 1361 2744 ecclesiam,
1374 2678 1453 2749 quasi
1466 2676 1578 2730 missam
1592 2674 1744 2735 auditurus,

938 2774 1057 2830 intravit.
1070 2772 1121 2828 Ubi
1137 2773 1202 2826 dum
1222 2777 1316 2835 staret,
1333 2767 1425 2823 subito
1440 2765 1552 2832 corruit,
1570 2763 1747 2839 graviterque

880 2920 885 2931 ,
937 2873 1049 2923 vexatus
1064 2865 1182 2934 ejicitur.
1208 2863 1245 2916 lle
1262 2878 1315 2933 qua
1334 2860 1479 2915 vexatione
1494 2873 1549 2912 non
1577 2870 1662 2926 parvo
1675 2861 1750 2909 tem-

937 2974 1003 3031 pore
1018 2957 1161 3013 laborarit.
1178 2956 1210 3010 ln
1225 2955 1306 3026 hujus
1320 2950 1444 3007 ecelesiae
1460 2948 1622 3005 caemeterio
1633 2945 1747 3017 quidam

937 3051 1094 3122 Saetigena,
1111 3048 1159 3102 [lei
1174 3047 1284 3113 Servus,
1299 3044 1365 3099 olim
1376 3042 1509 3114 sepultus.
1522 3040 1576 3095 Sed
1592 3039 1719 3108 cumjam
1734 3055 1749 3093 a

939 3144 1084 3200 nostriset
1110 3156 1221 3207 nomen,
1237 3147 1264 3193 et
1276 3137 1410 3193 memoria
1439 3135 1525 3206 ipsius
1541 3133 1691 3204 sepulturae
1708 3130 1751 3187 vi-

938 3236 1051 3290 deretur
1066 3233 1181 3299 abolita,
1200 3230 1305 3302 apertis
1333 3245 1394 3283 sese
1410 3227 1495 3298 ecupit
1521 3224 1696 3279 manifestare
1709 3222 1752 3278 vi-

939 3325 1027 3379 sibus.
1044 3323 1110 3377 Nam
1126 3321 1191 3375 dum
1203 3319 1315 3391 quidam
1331 3316 1431 3371 cisium
1447 3330 1503 3369 non
1517 3313 1551 3368 de
1563 3310 1750 3375 inferioribus,

939 3413 987 3468 sed
1005 3427 1110 3483 pauper
1125 3408 1220 3475 rebus,
1232 3408 1297 3462 olim
1314 3405 1416 3460 nostris
1428 3404 1528 3459 diebus
1539 3401 1654 3468 obisset,
1671 3398 1751 3455 amici

940 3501 1000 3570 ejus
1025 3502 1058 3555 ad
1093 3497 1279 3573 llildegarium
1307 3495 1389 3563 hujus
1415 3491 1538 3547 eeclesiae
1562 3488 1751 3561 presbyterum

940 3595 1115 3659 accedentes,
1133 3597 1231 3662 petunt
1245 3588 1279 3644 ab
1303 3603 1336 3642 oo
1351 3594 1382 3641 ut
1409 3585 1499 3641 locum
1520 3583 1574 3638 sibi
1603 3582 1753 3654 sepultura·

941 3685 1102 3756 impertiret,
1120 3683 1167 3738 ubi
1184 3682 1384 3752 sarcophagum
1399 3677 1563 3748 ¹reperirent
1577 3675 1604 3728 in
1620 3690 1676 3745 quo
1691 3689 1754 3728 eor·

942 3795 996 3848 pus
1024 3777 1111 3847 ipsius
1126 3773 1277 3829 recondere
1295 3776 1418 3841 possent,
1435 3768 1549 3840 quialdo
1570 3765 1652 3821 rebus
1667 3765 1754 3836 ipsius

943 3868 1017 3923 unde
1028 3872 1152 3922 emerent
1167 3880 1222 3919 non
1234 3862 1380 3917 haberent.
1399 3859 1523 3924 Quidum
1536 3857 1576 3912 eis
1586 3857 1671 3928 petita
1687 3871 1754 3912 con-

943 3960 1084 4024 cessisset,
1112 3956 1283 4027 sepulturam
1312 3951 1383 4007 servi
1410 3950 1457 4004 bei
1488 3957 1675 4020 aperuerunt;
1703 3947 1753 4002 sod

945 4052 1034 4123 ipsum
1050 4050 1110 4118 ejus
1132 4047 1331 4119 sarcophagum
1358 4042 1465 4113 aperire
1481 4041 1674 4111 nequiverunt.
1697 4039 1755 4104 Quo

944 4144 1049 4210 audito,
1070 4142 1216 4213 presbyter
1240 4136 1367 4201 accessit,
1387 4142 1415 4190 et
1438 4118 1641 4205 coopertorium
1661 4147 1755 4188 sarco·

944 4235 1028 4310 phagi
1054 4234 1146 4288 levare
1174 4237 1293 4295 tentans,
1317 4226 1517 4299 aliquantulum
1534 4222 1643 4295 aperuit
1661 4225 1756 4295 sepul-

945 4340 1031 4379 crum.
1054 4324 1090 4377 lte
1106 4337 1160 4394 quo
1174 4335 1237 4375 mox
1258 4317 1407 4393 fragrantia
1423 4324 1504 4370 lantae
1517 4312 1661 4369 suavitatis
1673 4329 1752 4368 ema-

945 4417 1028 4483 navit,
1059 4421 1088 4470 ut
1115 4428 1255 4484 nunquam
1277 4427 1306 4465 se
1327 4408 1560 4465 delectabiliorem
1589 4414 1705 4462 testatus
1720 4406 1755 4461 sit

87 4491 217 4589 affluxere
228 4491 376 4564 sanguiue.
389 4506 420 4545 ae
433 4491 456 4544 si
467 4492 564 4545 eadem
578 4490 645 4544 bora
655 4489 762 4544 virenti
773 4488 891 4543 luissent
903 4475 932 4545 D
945 4504 1068 4559 hausisse
1084 4503 1206 4557 mrem,
1219 4498 1471 4570 {ntrospiciensque
1485 4496 1559 4550 videt
1572 4510 1672 4567 eorpus
1686 4497 1754 4552 inre.

87 4583 895 4657 lssgeslae·lldhorumdenlqttesassclofflmh0ss0t0m011110·
943 4608 1022 4667 grum
1051 4587 1270 4646 sacerdotalibus
1298 4585 1394 4640 infulis
1413 4584 1582 4651 redimitum,
1612 4600 1754 4657 recompo-

85 4677 165 4732 fllssm
178 4677 441 4743 d0¹¹¹⁰¹lsslt³1¹d¹1mi
468 4677 554 4731 mulla
569 4675 743 4746 P⁰Sl¹¹¹0tl11ffl
760 4674 894 4730 Dominus
943 4695 1069 4750 nensque
1080 4676 1199 4748 sepulcri
1212 4676 1323 4747 pallam,
1335 4689 1392 4729 nou
1404 4689 1488 4728 ausus
1500 4679 1542 4727 est
1553 4674 1623 4728 bane
1633 4673 1753 4744 amplius

83 4763 265 4839 dignatusest
279 4765 388 4836 operari
397 4765 539 4823 miracula.
552 4780 613 4836 qma
624 4779 707 4819 causa
718 4763 893 4838 negligentiae
942 4769 1047 4824 violare
1062 4766 1248 4837 sepulturam;
1261 4763 1385 4835 permisit
1396 4771 1488 4816 tamen
1502 4769 1532 4816 ut
1547 4762 1620 4816 idem
1640 4778 1751 4833 corpus,

82 4855 423 4926 nonhabenturascripla.
436 4856 474 4910 lle
490 4854 760 4926 quibuslibetautem
777 4854 891 4909 tribula-

80 4947 208 5003 tionibus
224 4948 346 5018 ipsorum
360 4948 537 5023 congregatio
546 4947 654 5003 llomini
663 4947 892 5016 misericordiam,

81 5051 236 5106 percorum
247 5037 474 5093 intercessionem
485 5036 893 5107 expetiit,misericorditerim-

80 5143 196 5197 pensam
226 5126 280 5182 sibi
297 5128 514 5184 consolationem
530 5127 674 5198 percipere
694 5128 801 5181 meruit.
817 5127 893 5190 Quae-

81 5217 145 5270 dam
167 5224 302 5287 praeterea
328 5217 428 5272 mulier
452 5217 487 5272 ab
513 5216 596 5271 altare
620 5216 703 5284 liujus
731 5216 889 5271 monasterii

82 5305 199 5360 linteum
215 5321 305 5376 nuper
319 5305 406 5361 iurata
420 5321 513 5361 secum
530 5306 602 5360 lerre
615 5306 712 5370 voluit,
729 5305 778 5359 scd
795 5306 889 5377 egredi

82 5394 229 5449 eeclesiam
255 5394 428 5451 nullomodo
450 5396 549 5465 potuit,
566 5407 655 5451 donec
669 5412 749 5450 suum
764 5395 890 5451 consessu

85 5497 201 5556 reatum,
215 5488 354 5544 sublatum
370 5490 490 5546 restituit
502 5491 581 5546 altari
606 5492 707 5546 velum.
725 5490 781 5546 lloe
795 5507 892 5547 mona-

86 5579 209 5647 sterium,
237 5580 281 5634 vel
306 5579 446 5635 abbatiam
470 5581 589 5636 domnus
616 5579 698 5635 Fuleo
728 5582 826 5650 praesul
856 5581 890 5635 ab

87 5671 178 5730 odone
193 5688 258 5748 rege
272 5674 390 5731 concedi
408 5675 534 5731 ecelesiae
548 5675 678 5730 ilamensi
696 5691 747 5746 per
761 5675 890 5749 pagiuam

943 4857 1076 4929 depositis
1095 4855 1273 4928 quibusdam,
1298 4859 1535 4924 superponeretur
1558 4851 1669 4907 tabulis.
1691 4852 1753 4923 lpsa

944 4958 1024 5005 nocte
1040 4949 1115 5003 visus
1128 4954 1170 5002 est
1185 4947 1211 5000 ei
1221 4946 1374 5001 avunculus
1389 4961 1457 4999 suus
1476 4944 1620 5016 presbyter
1634 4945 1662 4998 in
1678 4960 1752 5001 som-

943 5038 996 5103 nis,
1013 5037 1060 5107 qui
1074 5036 1129 5104 jam
1142 5035 1246 5090 dudum
1262 5034 1428 5098 decesserat,
1443 5048 1571 5087 asserens
1583 5033 1657 5105 quod
1672 5034 1752 5089 valde

942 5125 1103 5181 offendisset
1118 5126 1203 5179 Deum
1216 5122 1543 5194 praeteritadie,rnaxime
1557 5122 1580 5176 si
1592 5122 1750 5194 sepulcrum

941 5220 1027 5272 sancti
1044 5217 1147 5273 violare
1162 5215 1395 5287 praesumpsisset.
1422 5215 1497 5269 ldem
1514 5231 1624 5287 quoque
1654 5215 1752 5271 beatus

941 5310 982 5365 vir
995 5310 1107 5380 quidam
1127 5311 1179 5363 sub
1195 5309 1262 5379 ipsis
1277 5308 1376 5362 diebus
1391 5315 1528 5378 apparuit,
1544 5317 1572 5362 et
1584 5308 1649 5379 quia
1669 5308 1750 5363 ralde

941 5409 1101 5473 gravaretur
1113 5418 1169 5473 prae
1183 5401 1307 5471 pondere
1317 5407 1344 5455 et
1360 5400 1523 5475 indignitate
1536 5400 1687 5471 superjecti
1697 5399 1751 5453 sibl

941 5491 1084 5546 cadaveris
1095 5491 1241 5557 intimavit,
1254 5499 1281 5545 et
1293 5497 1322 5545 ut
1335 5489 1469 5544 indicaret
1480 5489 1641 5561 presbytero
1651 5486 1750 5558 jussit:
1808 5519 1809 5522 =

942 5584 1006 5654 quia
1022 5583 1076 5637 nisi
1092 5585 1146 5638 cito
1161 5598 1261 5653 corpus
1281 5583 1307 5636 id
1331 5582 1402 5653 [ms.‚
1415 5583 1481 5653 jam]
1499 5580 1613 5636 lctidum
1629 5596 1644 5633 a
1658 5579 1752 5648 scpul-

943 5685 1056 5731 turasua
1065 5675 1222 5747 repelleret,
1232 5674 1324 5730 diuina
1337 5676 1501 5745 quantocius
1511 5674 1615 5728 ultione
1623 5670 1761 5744 plectam·
