3840 6106
69 272 180 336 29,

405 268 569 325 atstoatAE
590 267 757 324 ECCLBSlAE
777 266 941 323 contusas
960 263 1049 320 llBRl
1068 258 1277 327 coltoca-
1296 251 1358 308 tta.
1379 248 1399 302 Ι.

1697 224 1733 283 30

70 399 143 455 verit
156 406 290 470 tempora.
306 397 389 467 Cujus
399 398 482 454 etiam
511 398 658 465 fornicem,
674 395 878 468 prodeuntibus
888 411 916 481 Α
930 403 1026 470 perata
1041 393 1143 454 iacere,
1159 396 1186 444 et
1201 382 1313 457 oppidis
1324 377 1460 447 recipere,
1477 375 1506 424 et
1521 365 1662 420 frumento
1678 371 1732 411 eae-

71 493 224 555 derterum,
239 489 312 562 lupae
325 491 411 546 Remo
422 491 598 565 Romuloque
609 491 701 563 parvis
709 489 796 545 obera
805 505 879 560 prae·

71 585 276 650 hentislabula,
293 585 433 640 cernimus
457 586 631 649 innotatomr
656 584 765 639 medios
789 589 880 638 autem

69 673 219 729 duodecim
233 674 382 738 mensium,
405 673 486 742 Juxta
498 673 701 729 Romaneorum
718 669 894 743 dispositio-v

71 781 146 832 nem,
163 763 295 835 panditur
309 763 487 820 ordinatione
503 748 691 837 desculptus}
705 768 813 840 tertiae
835 766 882 831 qm
899 826 902 831 ¹

71 865 99 910 et
114 854 229 910 sinister
242 869 395 926 cygnorum
407 854 450 909 vel
464 842 593 917 ansert'mr
605 838 881 930 tigoiatosauspi'cio.

71 947 167 1002 Nautre
180 945 319 1017 siquidem
335 962 454 1020 cygnum
470 946 571 1002 bonam
590 944 751 1021 prognosim
762 943 899 1024 proderez

73 1036 420 1104 lerunt,utaitAEmilios:
499 1048 588 1117 2231
620 1020 735 1105 [³⁴11
762 1057 772 1099 ·,
807 1015 833 1067 ‘⁸

150 1125 169 1174 C
188 1139 252 1188 gnos
265 1125 292 1174 in
307 1126 426 1190 auspiciis
435 1112 683 1193 semp’prtaetisvtmos
694 1123 753 1172 ales.
769 1126 774 1133 ‘

175 1201 223 1235 unc
232 1195 322 1250 optant
336 1196 427 1247 nautas,
438 1188 532 1252 quisse
542 1201 592 1236 non
605 1186 693 1249 mergit
704 1185 729 1234 in
741 1183 830 1234 undas.

77 1271 193 1325 anseres
206 1285 318 1343 quoque
332 1278 482 1327 nocturnas
496 1270 627 1326 excubias
645 1268 798 1333 celebrant,
814 1283 884 1338 qoas

77 1369 172 1416 cantus
184 1361 347 1417 assiduitate
362 1369 508 1418 testantur.
523 1361 648 1435 Denique
670 1361 790 1416 Romana
801 1359 884 1414 etiarn

79 1453 207 1525 capitolia
222 1453 299 1509 Gallo
311 1469 435 1509 servasse
450 1455 597 1509 traduntur
606 1452 641 1508 ab
650 1454 740 1509 hoste.

111 1545 167 1599 Nec
180 1544 280 1598 mirum
294 1555 398 1612 tamen,
414 1546 492 1600 orbis
509 1552 609 1600 nostrae
636 1542 826 1599 conditionem
841 1541 884 1597 rel

78 1638 213 1710 originem
230 1652 284 1693 non
296 1638 325 1692 in
338 1638 485 1709 propatulo
500 1637 570 1703 dari,
587 1653 647 1692 eum
666 1636 701 1690 dc
716 1634 803 1705 ipsios
814 1650 885 1706 gen·

80 1730 155 1791 tium,
183 1731 226 1785 rel
253 1729 330 1785 orbis
342 1730 463 1785 dominae
478 1730 570 1785 Romae
588 1728 758 1791 conditione,
777 1725 885 1781 isidoro

78 1822 192 1883 tested.
220 1823 422 1890 varipirtttm,
450 1839 511 1893 cap.
528 1822 566 1889 l),
598 1820 704 1876 oriatur
722 1820 886 1891 plerumque

80 1910 228 1979 dissensio,
239 1919 268 1966 ut
277 1912 338 1981 ejus
352 1910 500 1984 diligenter
510 1909 621 1983 agnosci
634 1909 784 1980 nonpossit
795 1908 885 1980 origo.

81 1999 144 2052 liam
160 1999 306 2054 Sallustius
321 2003 365 2068 (lo
381 2001 501 2069 Cutilia.)
518 2019 526 2053 :
542 2022 550 2046 ι
568 1998 679 2064 Urbem,
708 1998 809 2070 inquit,
827 1997 887 2053 ao-

83 2109 163 2159 mam,
179 2093 262 2148 sicuti
277 2109 330 2168 ego
345 2093 451 2164 accepi,
469 2091 618 2148 condidere
632 2099 715 2162 atque
726 2090 887 2146 habitavere

82 2184 159 2240 initio
175 2173 297 2254 Troiani,
322 2185 380 2256 qni,
392 2185 476 2240 AEnea
489 2184 570 2252 doce,
582 2183 696 2239 sedibus
711 2183 825 2239 incertis
837 2199 886 2237 ra·

81 2276 223 2349 gabantor.
243 2277 321 2331 »dlii
341 2277 437 2333 dicunt
450 2276 485 2332 ab
500 2275 625 2331 Evandro
640 2275 796 2330 seeundum
812 2274 886 2344 qood

83 2368 210 2444 Virgilius
227 2370 344 2436 (diacid.
357 2375 413 2439 vrri)
435 2388 442 2424 τ

156 2462 226 2510 Tunc
238 2475 280 2510 rex
292 2461 424 2511 Evandrus
439 2462 558 2511 Romanor
568 2460 682 2509 conditor
697 2459 768 2508 arris.

115 2540 267 2613 Eutropius
276 2557 387 2614 quoqoe
400 2542 428 2597 in
439 2542 512 2597 liBro
523 2541 705 2597 Historiarum
716 2540 757 2594 sie
766 2539 889 2611 loquitor

82 2630 176 2684 dicens
192 2647 198 2683 :
217 2651 229 2681 ι
247 2630 389 2695 Romulos,
405 2647 469 2685 com
486 2630 559 2686 inter
574 2629 890 2701 pastoreslatrocinare-

81 2727 133 2784 tur,
146 2726 209 2773 octo
222 2718 318 2774 decern
332 2719 413 2774 annis
427 2727 517 2785 natos,
532 2717 630 2774 urbem
641 2720 768 2793 exiguam
784 2717 812 2772 in
825 2717 890 2771 Par·

80 2810 163 2866 latino
174 2817 272 2866 monte
283 2811 436 2873 constituit,
449 2811 588 2867 conditam
600 2811 739 2866 civitatem
753 2826 787 2865 ex
799 2809 889 2865 nomi-

81 2915 113 2953 ne
123 2912 174 2953 suo
190 2898 304 2954 Romam
315 2900 433 2957 vocarit.
458 2899 526 2956 Post
553 2900 627 2955 hunc
652 2898 745 2954 'lullus
758 2898 889 2955 llostilius

82 3008 151 3058 earn,
167 2991 278 3061 adjecto
292 2991 378 3048 Coelio
394 3003 501 3058 monte,
520 2991 671 3064 ampliauit.
689 2992 812 3063 indeque
833 3007 889 3046 eae·

933 489 1056 558 terisque
1071 481 1153 537 rebos
1174 478 1281 548 juvare.
1308 470 1440 538 Reliquos
1466 472 1566 516 omnes
1587 452 1686 551 Belgas
1704 446 1734 501 in

931 577 1017 633 armis
1031 586 1104 637 esse,
1116 569 1333 632 Germanosque,
1351 554 1399 627 qui
1411 552 1486 622 ripas
1506 543 1593 600 ereni
1608 539 1736 595 incolunt

931 679 1071 727 sessorem
1086 660 1131 720 tris
1149 651 1336 726 conjunxisse.
1368 651 1533 708 tantumque
1553 647 1615 688 esse
1638 641 1735 729 eorum

931 729 1209 821 omniomsslurorem,
1224 752 1256 800 ut
1268 757 1305 796 ne
1328 738 1482 791 Suessones
1497 723 1622 797 quidem,
1637 721 1737 772 tratres

932 847 1212 923 consanguineosque
1226 850 1303 899 suos,
1318 829 1366 901 qui
1379 822 1478 881 eodem
1490 820 1563 887 iore,
1575 814 1680 871 eisdem
1695 811 1736 865 le·

925 940 1014 1016 grinte
1029 936 1312 1001 aestuamusque
1323 919 1514 988 magistratum
1534 928 1595 967 curn
1621 909 1674 964 illis
1687 907 1737 961 ha-

910 1030 1028 1100 ’ἵδειιιῂ
1036 1031 1181 1086 deterrere
1199 1017 1352 1094 potuerint,
1379 1010 1448 1085 quin
1462 1021 1524 1059 cum
1538 1003 1581 1058 tris
1596 997 1737 1056 consenti·

934 1129 1006 1181 rent.
1023 1141 1038 1172 a
1056 1121 1122 1175 ltem
1137 1111 1227 1184 libid.)
1241 1127 1248 1164 ι
1260 1129 1275 1160 <r
1286 1107 1387 1174 Caesar,
1403 1104 1550 1177 postquam
1565 1105 1663 1150 omnes
1675 1086 1737 1143 Bel-

933 1231 1029 1289 garum
1042 1211 1136 1282 copias
1150 1207 1179 1261 in
1195 1218 1280 1259 onom
1296 1201 1385 1256 locum
1415 1201 1526 1251 coactas
1549 1188 1583 1243 ad
1598 1200 1628 1240 se
1644 1180 1739 1236 uenire

934 1310 1012 1373 vidit,
1024 1319 1117 1376 neque
1130 1302 1187 1373 jam
1203 1298 1286 1363 longe
1302 1293 1412 1356 abesse,
1425 1288 1458 1343 ab
1473 1287 1524 1350 lris,
1535 1276 1738 1353 commiserat,

936 1396 1161 1473 exploratoribus
1176 1400 1205 1446 et
1220 1388 1255 1443 ab
1267 1386 1359 1441 Remis
1377 1378 1518 1452 cognorit,
1546 1374 1652 1429 flumen
1668 1369 1740 1421 axo-

936 1509 998 1548 nam
1035 1487 1159 1558 lrlisael,
1195 1479 1269 1553 qood
1298 1485 1340 1533 est
1361 1475 1389 1529 in
1422 1467 1553 1527 extremis
1592 1465 1740 1518 Remorum

935 1584 1048 1647 sinibus,
1082 1577 1233 1633 exereitum
1257 1569 1401 1626 traducere
1429 1557 1673 1623 maturaritatqoe
1702 1548 1740 1603 ihi

936 1684 1025 1732 castra
1049 1670 1151 1742 posuit.
1180 1667 1244 1731 Quae
1269 1678 1313 1717 res
1341 1657 1450 1713 etlatus
1476 1667 1561 1706 onom
1587 1653 1740 1701 castrorum

937 1765 1004 1837 ripis
1015 1759 1138 1816 ilominis
1152 1754 1289 1810 munitum
1304 1758 1331 1805 et
1342 1756 1479 1820 postcom
1495 1754 1556 1812 qnae
1579 1741 1670 1796 erant,
1683 1738 1742 1784 tota

938 1861 971 1914 ab
985 1855 1113 1912 bostiBus
1126 1847 1271 1909 reddebat,
1295 1851 1323 1897 et
1338 1846 1508 1896 commeatus
1528 1831 1562 1887 ab
1577 1827 1677 1888 Remis,
1695 1839 1740 1877 re·

938 1947 1076 2019 liquisqoe
1088 1937 1256 2000 civitatibus,
1272 1931 1375 1988 otsine
1391 1924 1514 1999 periculo
1530 1920 1563 1974 ad
1588 1932 1651 1970 eom
1673 1928 1739 2011 por-⁸

939 2039 1125 2108 taripossent,
1143 2026 1290 2086 elliciebat.
1310 2026 1337 2078 ln
1358 2003 1741 2106 eollominepooserat31bx

938 2126 1097 2202 praesidium
1112 2120 1237 2194 ponti,et
1246 2119 1273 2172 in
1285 2113 1372 2168 altero
1383 2116 1462 2180 parte
1473 2100 1597 2158 lluminis
1610 2097 1743 2193 Titurium

937 2189 1744 2285 Sabinumlegatumeomsexcohortibosreliqoit.Castraru

938 2312 1115 2367 altitudinem
1127 2297 1382 2377 pedomduodecim
1391 2283 1746 2359 fossamqoepedomocto-

938 2401 1026 2456 decim
1044 2396 1153 2452 munire
1161 2393 1252 2461 Jobet.
1264 2388 1303 2442 ab
1317 2386 1385 2456 ipsis
1395 2373 1635 2445 castrisoppidom
1646 2370 1746 2423 Remo·

939 2489 1133 2556 rom,nomine
1149 2485 1258 2547 BiBrax,
1279 2476 1354 2550 quod
1381 2474 1481 2528 aberat
1498 2466 1585 2522 millia
1614 2473 1744 2533 passuum

939 2577 1091 2637 octodecim
1106 2577 1190 2646 (Orip
1206 2616 1212 2638 ,
1226 2570 1298 2635 octo)
1321 2583 1354 2621 ex
1381 2563 1492 2623 itinere,
1516 2567 1618 2628 magno
1639 2550 1745 2620 impetu

940 2670 1030 2743 Balgae
1038 2677 1201 2739 oppugnare
1216 2663 1372 2729 coeperont.
1388 2652 1469 2724 AEgre
1480 2663 1514 2703 eo
1534 2644 1746 2736 diasostentata

939 2768 983 2815 est
997 2756 1137 2813 Gallorum
1153 2758 1236 2822 atque
1259 2746 1405 2819 Belgarum
1420 2733 1594 2811 oppugnatio
1609 2731 1679 2784 lraec.
1696 2725 1747 2781 Ubi

939 2847 1118 2916 circumjecta
1142 2837 1321 2897 multitudine
1350 2831 1494 2889 hominum
1518 2823 1584 2880 toris
1597 2816 1746 2880 moenibus,

938 2938 1066 3010 undique
1081 2937 1110 2991 in
1120 2946 1232 2989 murum
1244 2927 1352 3000 lapides
1361 2921 1415 2994 jaci
1426 2917 1497 2989 coepi
1507 2920 1586 2979 sont,
1595 2921 1749 3004 murosque

940 3025 1139 3085 defensoribus
1160 3021 1284 3077 nodatus
1310 3022 1363 3078 est,
1388 3006 1531 3067 testudine
1557 3004 1631 3058 lacta
1661 3002 1749 3068 portis

84 3081 133 3135 teri
149 3079 380 3136 diversisdixersi
397 3081 569 3154 temporibus
584 3080 739 3152 principes,
754 3080 814 3152 ejus
829 3079 890 3135 edi·
941 3116 1105 3181 succedunt,
1123 3125 1289 3180 murumque
1313 3104 1467 3165 subruunt,
1481 3095 1556 3169 quod
1574 3103 1646 3158 qma,
1661 3084 1748 3155 adito)

84 3185 156 3232 tores
185 3173 458 3246 relamplilieatores
484 3174 613 3230 extitere.
646 3194 658 3224 o
687 3171 768 3228 Urbis
797 3140 928 3228 autemC

86 3277 185 3325 nostras
197 3283 300 3324 nomen
313 3268 529 3326 durocortorum
544 3267 688 3339 quondam
702 3265 819 3330 dietum,
829 3264 892 3320 Gae·

85 3359 153 3414 saris
163 3357 299 3413 astruitur
308 3357 438 3426 Historia,
449 3358 542 3429 inqua
554 3355 626 3411 libro
636 3364 713 3411 sexto
723 3355 764 3410 sic
773 3353 891 3428 legitor:

89 3471 98 3497 ι
115 3448 239 3504 Vastatis
254 3446 425 3522 regionibus,
442 3446 592 3503 exereitum
613 3444 703 3500 Caesar
718 3443 895 3499 Durocorto-

88 3556 144 3593 rum
160 3538 309 3592 Remorum
324 3535 442 3600 redueit,
466 3535 643 3606 concilioque
672 3533 700 3587 in
723 3549 787 3588 eom
804 3533 894 3587 locum

88 3627 179 3682 Galliae
192 3625 309 3687 indicto,
326 3625 361 3680 de
376 3625 571 3695 conjuratione
586 3623 728 3680 Senonum
750 3630 778 3679 et
794 3622 897 3677 Carnu·

89 3725 142 3771 torn
157 3715 341 3788 quaestionem
363 3715 467 3771 habere
485 3713 619 3768 instituit.
647 3735 658 3763 ι
677 3713 800 3768 AEthicus
814 3712 897 3767 etiam

91 3811 117 3864 in
132 3808 349 3880 cosmographia
368 3809 408 3866 sic
424 3815 560 3865 memorat
577 3827 584 3862 :
603 3830 615 3860 a
643 3809 833 3865 Allediolano
848 3824 898 3880 per

91 3901 169 3970 alpes
184 3899 291 3955 Cottius
304 3899 438 3954 Viennam
455 3900 487 3954 ll.
519 3900 547 3954 P.
566 3898 694 3954 cccclx.
717 3901 783 3955 lnde
808 3901 898 3954 lioro-

91 3995 240 4053 cortorum,
256 3986 329 4042 lli).
347 3987 596 4060 cccxxxtltquae
607 3987 775 4060 sruntleogae
791 3987 898 4043 ccxxi.

94 4078 182 4132 ltema
193 4080 379 4136 Durocortoro
388 4081 555 4137 Bivodororn
567 4097 667 4151 usque,
678 4079 824 4138 tlatxtl.
833 4080 899 4134 ltem

92 4166 145 4223 alio
163 4169 300 4223 itineres
319 4169 506 4226 Durocortoro
520 4171 677 4226 Bividorum
694 4186 792 4242 osque,
811 4170 844 4224 ll.
868 4168 899 4225 P.

94 4256 248 4312 lxxxviii.
263 4259 352 4313 iterna
363 4260 547 4315 durocortoro
555 4260 689 4316 Treveros
697 4276 785 4332 osque
795 4261 900 4329 Bagaco

95 4343 275 4401 Nervioorum
285 4347 524 4424 Durocortoleogae
531 4349 900 4422 llClllltemaBagacoNer-

942 3219 1000 3265 tom
1014 3207 1093 3264 facile
1103 3204 1198 3261 fiebat.
1210 3203 1335 3271 Namque
1344 3203 1420 3252 tanta
1439 3185 1588 3246 multitudo
1603 3179 1750 3254 lapidesac

943 3302 998 3357 talu
1010 3297 1206 3372 conjiciebant,
1222 3304 1253 3350 ot
1281 3294 1310 3349 in
1333 3303 1413 3345 moro
1433 3277 1608 3341 consistendi
1625 3280 1750 3347 potestas

945 3388 1105 3446 essetnolli.
1117 3383 1275 3442 Comirnem
1286 3362 1751 3459 oppugnandinoxiosisset,lecius

946 3479 1058 3545 Remos,
1070 3491 1178 3532 somma
1193 3471 1341 3528 nobilitate
1354 3474 1383 3523 et
1411 3463 1500 3540 gratia
1524 3462 1595 3514 inter
1608 3468 1685 3516 suos,
1703 3466 1750 3521 qur

946 3578 1003 3625 torn
1013 3566 1115 3641 oppido
1130 3564 1286 3637 praeloerat,
1303 3576 1376 3615 unos
1400 3572 1434 3611 ex
1453 3554 1507 3616 lris,
1533 3548 1580 3620 qui
1605 3542 1687 3618 legati
1717 3537 1752 3642 de

947 3659 1013 3735 price
1027 3662 1062 3717 od
1077 3663 1212 3716 Caesarem
1226 3661 1373 3718 venerant,
1390 3648 1520 3704 nuntium
1532 3641 1567 3696 nd
1578 3655 1640 3695 eum
1658 3635 1752 3733 mittit,

948 3753 1001 3806 nisi
1013 3751 1171 3807 subsidium
1185 3747 1238 3803 sibi
1250 3746 1385 3802 mittatur,
1402 3754 1463 3793 seso
1482 3731 1587 3788 diutius
1613 3735 1753 3781 susannae

948 3858 1006 3896 non
1017 3858 1107 3913 posse.
1127 3840 1163 3893 Eo
1173 3838 1208 3891 de
1223 3833 1313 3890 media
1324 3838 1406 3885 nocte
1417 3828 1516 3884 Caesar,
1528 3818 1625 3874 iisdem
1636 3811 1753 3868 docibos

949 3948 1025 3995 usos,
1035 3931 1082 4001 qoi
1093 3927 1181 3982 nuntii
1192 3925 1227 3979 ab
1242 3923 1312 3978 lccio
1324 3923 1466 3978 venerant,
1492 3905 1624 3963 Numidas
1650 3909 1677 3955 ct
1691 3899 1754 3998 Cre·

950 4032 993 4078 tas
1002 4021 1158 4095 sagittarios
1169 4027 1197 4074 et
1210 4015 1365 4072 funditores
1388 4008 1514 4063 Baleares
1527 3996 1654 4054 subsidio
1670 4006 1753 4063 oppr-

950 4114 1031 4168 danis
1046 4113 1138 4167 mittit.
1154 4110 1276 4174 Quorum
1301 4102 1425 4157 advento
1440 4102 1468 4150 ot
1498 4089 1589 4147 ltemis
1614 4099 1680 4140 cum
1704 4092 1755 4178 spu

951 4201 1123 4259 detensionis
1133 4198 1256 4254 studium
1273 4184 1469 4266 propugnandi
1485 4177 1610 4242 accessit,
1626 4183 1655 4228 rt
1670 4173 1756 4271 hostr-

951 4293 1111 4351 buseadcm
1122 4292 1156 4346 de
1178 4301 1338 4358 causaspas
1361 4275 1488 4354 potiundi
1506 4268 1601 4344 oppidi
1618 4266 1754 4321 discessit.

952 4387 1046 4457 toque
1062 4383 1204 4455 paulisper
1220 4374 1294 4449 apud
1323 4369 1456 4443 oppidum
1483 4358 1594 4424 morati,
1620 4367 1757 4429 agrosque

94 4433 215 4490 ricorom
226 4436 440 4492 Durocortorum
450 4438 601 4494 Remorum
616 4455 715 4510 osque,
727 4439 760 4492 tl.
773 4437 801 4493 P.
813 4438 894 4492 till.»
911 4463 941 4533 D
953 4476 1103 4530 Remorum
1134 4464 1307 4540 depopulati,
1322 4457 1453 4516 omnibu,
1470 4451 1549 4517 picis,
1564 4443 1756 4512 aedilleiisqoc,

415 4566 525 4624 CAPUT
545 4569 579 4626 ll.

182 4659 220 4710 lle
231 4660 356 4713 airricitio
370 4662 551 4716 Romanorum
566 4666 648 4731 atque
662 4663 810 4716 Remorum.

130 4747 244 4803 Constat
259 4749 354 4820 itaque
368 4751 519 4808 Remorum
534 4751 667 4824 populum
685 4752 787 4824 popolo
800 4751 902 4806 Roma-

99 4853 195 4892 norum
213 4840 391 4896 tenacissima
406 4842 505 4913 priscis
526 4841 592 4898 olim
610 4841 786 4911 temporiBus
800 4841 901 4896 amici-

99 4929 134 4983 tia
146 4931 287 4998 junctum,
303 4932 533 5002 praelibataelolii
545 4934 660 4991 Caesaris
680 4934 806 4989 ilistoriae
821 4933 903 4988 libris

100 5022 126 5081 (l.
142 5039 159 5075 rr
177 5025 252 5089 init.)
277 5023 331 5080 lroc
346 5024 436 5095 ipsum
457 5025 684 5097 astipulantibus,
703 5026 748 5080 obi
777 5026 899 5099 legitur:

103 5114 176 5174 ιΕο.
200 5114 309 5170 scilieet
323 5116 358 5170 ad
387 5115 459 5173 sanes
482 5118 640 5187 Belgarum,
658 5118 718 5188 ipso
741 5116 847 5172 Caesare
868 5116 904 5171 de

103 5198 265 5273 improviso,
296 5204 473 5277 celeriusque
492 5207 620 5262 omnium
648 5205 793 5278 opinione,
806 5220 904 5278 perre-

103 5294 216 5360 niente,
244 5296 363 5362 Remos,
395 5297 515 5368 proximi
541 5297 635 5353 Gallim
659 5316 692 5353 ex
724 5299 813 5366 Belgis
840 5303 905 5351 sunt

101 5385 133 5438 ad
150 5400 216 5439 eom
239 5385 346 5457 legatos
372 5386 472 5442 iccium
494 5395 521 5443 et
544 5387 768 5463 andebrogium,
798 5387 905 5458 primos

953 4581 1008 4636 quo
1022 4563 1098 4618 adire
1111 4563 1249 4632 poterant,
1266 4548 1396 4613 incensis,
1410 4543 1443 4599 ad
1460 4549 1551 4598 castra
1566 4532 1680 4592 Casaris
1694 4546 1758 4587 om-

952 4659 1036 4714 nibus
1051 4654 1139 4727 copiis
1159 4647 1374 4712 contenderunt,
1391 4653 1448 4698 cta
1474 4638 1598 4694 millibus
1624 4645 1757 4706 passuum

949 4750 1044 4813 ¹minus
1058 4745 1167 4801 duabus
1181 4752 1271 4799 castra
1287 4747 1450 4813 posuerunt.
1468 4756 1481 4786 n
1517 4733 1551 4789 Bt
1566 4742 1628 4805 post
1648 4742 1757 4802 pauca:

955 4864 966 4893 ι
985 4843 1081 4896 llostes
1092 4839 1219 4911 protinus
1230 4854 1262 4891 ex
1270 4851 1304 4891 eo
1319 4834 1380 4890 loco
1388 4831 1423 4888 ad
1431 4832 1534 4887 llnmen
1544 4830 1677 4886 Axonam
1688 4839 1758 4880 con·

954 4935 1113 4999 tenderunt,
1130 4930 1205 5004 qood
1218 4931 1369 4985 essactiam
1385 4937 1449 4999 post
1473 4936 1568 4983 nostra
1593 4931 1684 4980 castra
1710 4918 1760 4974 de-

954 5033 1138 5083 monstratum
1154 5030 1206 5078 est.
1218 5021 1258 5076 lbi
1272 5019 1351 5074 vadis
1365 5019 1607 5089 repertis,partem
1617 5013 1760 5086 copiarum

954 5134 1064 5174 suarum
1080 5112 1260 5170 transducere
1274 5112 1367 5168 eonati
1380 5117 1456 5189 sqnt,
1471 5124 1505 5164 eo
1518 5106 1644 5170 oonsilio,
1666 5114 1707 5167 ut,
1737 5101 1761 5156 si

956 5219 1080 5282 possent,
1094 5207 1251 5272 castellum,
1280 5204 1324 5260 eoi
1353 5210 1470 5276 praeerot
1495 5199 1615 5265 Quintus
1640 5194 1763 5251 Titurius

956 5288 1761 5375 legatos,expugnarentpontemqueiuterciderent(Orip,

957 5393 1031 5448 inter
1045 5389 1223 5448 scinderent).
1235 5387 1264 5442 Si
1279 5387 1370 5441 minos
1380 5383 1536 5456 potuissent
1553 5394 1634 5453 agros
1659 5377 1760 5430 Remo-

100 5473 221 5528 eivitatis
231 5491 300 5541 sure,
317 5475 436 5544 misisse,
447 5487 476 5533 et
486 5493 516 5532 se
526 5494 633 5550 suaque
652 5477 907 5533 omrriaolierentes
958 5501 1018 5541 rum
1033 5483 1241 5556 popularentur,
1254 5479 1301 5551 qoi
1313 5492 1413 5551 magno
1424 5474 1506 5530 nobis
1520 5472 1580 5528 usui
1599 5469 1634 5525 ad
1655 5465 1760 5521 bellum

101 5566 130 5620 in
160 5566 243 5623 fidem
269 5577 355 5640 atque
381 5569 534 5626 amicitiam
551 5570 646 5642 populi
664 5570 907 5626 aomantonnrno
957 5573 1442 5640 gerendumerant,commeatusque
1452 5572 1565 5618 nostros
1575 5552 1761 5614 sustinebant.

100 5659 272 5731 conjurasse,
286 5673 453 5735 paratosque
469 5679 530 5720 esse
545 5673 574 5720 ct
584 5664 697 5721 ohsides
712 5665 791 5731 dare,
807 5671 837 5719 et
852 5663 906 5718 im·
958 5662 1057 5729 Caesar,
1068 5661 1169 5718 certior
1181 5659 1297 5715 luetusa
1319 5654 1436 5719 litorio,
1465 5663 1576 5707 omnem
1602 5643 1763 5716 equitatem
