3840 6106
98 216 171 288 Ι581
364 232 375 271 f
384 227 427 285 be
445 226 628 286 salubreis
649 226 780 286 CHRISTI
801 228 989 286 ANTIOClllAE
1008 226 1122 287 ansuis
1142 228 1233 287 tleal
1252 229 1329 289 buo.
1350 263 1384 275 -
1404 232 1469 291 tls.
1490 235 1526 291 ll.
1734 239 1788 298 582

119 340 409 430 1merve‘rhapreean
430 355 494 414 coeli
502 363 610 414 secreta
622 357 728 430 petivit.
944 356 1190 431 Allazareumque
1201 357 1264 429 pilis
1277 359 1393 416 bomine
1407 361 1511 418 undare
1524 363 1647 433 sacratis,

121 449 257 506 intentam
270 447 478 504 caulisanimam
489 448 522 503 ad
536 447 661 504 coelestia
671 449 785 505 mittens
984 452 1017 509 Ut
1030 452 1152 506 dextram
1167 450 1201 505 ad
1212 453 1362 507 metuenda
1376 453 1448 520 tulit,
1462 456 1521 511 haee
1535 456 1612 512 arida
1626 459 1720 525 cessit,

119 541 242 598 Cernere
256 541 434 597 scandentem
449 556 499 613 per
511 551 637 614 tempora
650 540 732 617 longa
746 541 880 613 cupitum,
983 541 1041 598 flec
1053 539 1125 595 salet
1139 539 1186 595 hic
1199 541 1272 595 votis
1285 541 1390 598 servire
1405 542 1496 615 gelata
1510 544 1638 612 ferentis;

121 633 153 689 Et
168 635 240 691 locat
254 632 388 698 etherea,
400 631 483 688 satiat
496 648 579 705 quam
593 631 682 706 gratia
696 633 789 707 Regis,
986 626 1097 683 flerem
1112 627 1229 683 antistes
1242 634 1344 699 stupet,
1359 638 1442 701 atque
1457 647 1568 688 manum
1582 633 1635 689 sibi
1648 642 1740 692 uotam

121 724 155 780 lit
167 723 240 780 locat
253 722 373 779 aetherea
387 722 497 794 superis
512 738 575 779 cum
590 721 709 779 coetibus
723 722 786 778 aula
798 723 898 795 (filil).
986 719 1097 774 lfiratnr
1111 735 1166 776 non
1181 736 1242 776 esse
1256 736 1345 789 suam,
1354 721 1556 797 bominumque
1570 741 1678 801 rogare,

121 813 259 870 lllustrata
279 811 341 868 dies
355 812 472 884 posthae
487 812 553 867 dnm
569 810 649 868 tertia
663 810 751 885 fulget
987 809 1064 877 Quod
1079 810 1131 866 sibi
1146 809 1199 880 jam
1211 809 1299 865 visum
1315 816 1430 867 restaret
1445 810 1543 869 inutile
1558 815 1727 883 membrum;

121 903 212 968 fluam
228 900 327 958 Christi
340 894 444 957 celebri
460 900 559 957 colitur
570 899 705 957 surrectio
716 900 801 957 uultu.
988 900 1076 972 thue
1091 907 1173 957 vovet
1182 900 1279 970 jurans
1292 915 1324 956 se
1338 899 1404 956 talia
1419 901 1522 958 deiude
1536 919 1645 973 cavere,

124 993 310 1064 Exspectaute
325 988 372 1046 diu
385 988 514 1045 benedici
529 988 611 1061 plebe
626 998 748 1064 gregata,
988 993 1158 1064 Adiutusque
1173 1008 1286 1064 precum
1301 992 1398 1065 populi
1418 992 1560 1052 fulcimine
1574 997 1672 1068 multo,

123 1084 214 1140 Patris
227 1082 362 1140 sollicitus
376 1097 443 1139 cura
455 1082 618 1140 conscendit
630 1082 659 1138 in
672 1098 774 1149 arcem,
990 1080 1096 1156 Organa
1112 1095 1258 1136 nervorum
1273 1080 1373 1153 recipit
1388 1091 1513 1139 revocata
1524 1100 1648 1155 suorum,

122 1175 292 1241 Antoninus,
307 1181 335 1229 et
349 1172 474 1229 innixum
490 1172 561 1229 votis
576 1179 663 1241 ratus,
680 1179 750 1228 astat
992 1170 1157 1242 Perditaque
1172 1167 1295 1226 officium
1310 1169 1483 1227 recalescens
1502 1173 1592 1246 palma
1607 1185 1726 1249 recepta.

124 1266 264 1331 attentus,
276 1261 446 1335 tandemque
454 1277 567 1331 vocene,
577 1262 663 1319 mulla
675 1271 704 1317 et
712 1276 796 1334 prece
812 1276 942 1334 poscens,
993 1267 1127 1323 Loetantes
1142 1267 1226 1342 igitur
1239 1273 1311 1322 tactu
1326 1265 1478 1322 reverenda
1492 1267 1630 1323 vehebant

124 1359 196 1414 llum
207 1358 265 1428 jam
278 1355 554 1428 nullarependuntur
567 1369 700 1427 responsa
719 1353 836 1426 petenti,
993 1357 1114 1413 blembra
1128 1373 1206 1415 suam
1219 1356 1340 1412 validum
1355 1356 1451 1429 populi
1464 1363 1587 1412 tutamen
1602 1357 1637 1412 ad
1652 1357 1746 1414 urbem

124 1452 200 1507 Aure
213 1465 266 1506 nee
276 1448 553 1523 assumitspiramiua
568 1454 634 1505 nota
644 1447 782 1516 minister,
995 1449 1121 1521 Dumque
1137 1449 1182 1519 pio
1197 1447 1404 1520 proficiscentes
1414 1464 1477 1506 eum
1488 1447 1585 1505 funere
1595 1450 1688 1506 vicum

125 1539 195 1595 Sese
210 1555 331 1595 cernuus
342 1539 482 1595 inclinans
494 1537 536 1595 ori
555 1536 675 1610 applicat
694 1553 801 1603 aurem,
995 1538 1137 1593 lutroeuut
1148 1537 1307 1609 quemdam,
1323 1535 1454 1593 famulum
1471 1553 1527 1609 quo
1539 1537 1701 1608 clarificare,

126 1631 253 1687 Flumine
266 1646 317 1703 pro
329 1630 393 1686 vitre
408 1629 478 1686 nihil
495 1629 541 1685 bie
555 1628 609 1684 nisi
624 1637 747 1685 aromata
757 1628 851 1695 sentit,
993 1633 1107 1708 Legerat
1119 1631 1308 1705 Omnipotens,
1320 1632 1411 1691 subito
1426 1648 1461 1688 en
1476 1633 1618 1689 immobile
1629 1635 1731 1710 pignus

128 1726 247 1782 Nectare
262 1725 415 1801 fragrantes
429 1734 457 1782 et
470 1741 536 1780 nare
552 1723 671 1795 capessit
680 1725 781 1780 odores
955 1681 980 1750 B
993 1724 1135 1792 Efficitur;
1151 1731 1258 1796 ponunt
1271 1725 1360 1799 geruli
1375 1724 1552 1781 intolerabile
1567 1727 1687 1797 pondus,

129 1815 239 1872 funere
252 1817 392 1888 spirantes
405 1815 521 1886 ejusque
532 1812 644 1868 flamine
660 1812 757 1870 Christi
993 1814 1048 1870 Nee
1062 1814 1177 1870 sufferre
1189 1814 1282 1871 valent
1296 1815 1351 1870 vim
1366 1831 1427 1887 quae
1442 1816 1626 1872 descenderet
1639 1819 1735 1873 aetbra.

129 1906 197 1964 late
211 1922 378 1983 respergens
392 1906 462 1964 odor
480 1904 599 1977 inclytus
611 1905 715 1961 exstitit
729 1905 832 1961 erare.
994 1909 1044 1966 llic
1055 1909 1097 1965 uir
1108 1916 1168 1965 erat
1178 1909 1283 1966 dudum
1296 1909 1354 1966 fere
1367 1910 1550 1985 quadraginta
1566 1928 1616 1983 per
1628 1929 1717 1970 annos

129 1998 288 2071 Discipulus
300 2012 419 2055 cernens
431 1995 574 2052 bominem
589 1995 664 2067 quod
678 1994 793 2068 liquerit
806 1995 889 2050 imum
994 2001 1155 2056 Sermonem
1166 2016 1221 2057 non
1232 2016 1298 2056 aure
1312 2001 1436 2068 trahens,
1451 2016 1506 2057 non
1521 2017 1568 2058 ore
1581 2002 1754 2073 ministrans,

126 2092 217 2148 listis
231 2090 314 2164 longa
327 2087 413 2145 trabit
427 2087 555 2160 lacrymis
574 2085 694 2159 suspiria
706 2085 801 2152 corde,
995 2090 1112 2145 Numine
1125 2089 1172 2162 qui
1184 2090 1282 2145 duetus
1296 2105 1397 2161 supero
1410 2089 1541 2147 ruitaute
1555 2091 1697 2161 feretrum,

127 2187 213 2243 lfulta
226 2199 348 2258 querens
359 2182 522 2259 gemituque
536 2181 655 2238 animam
671 2182 815 2238 confectus
831 2178 942 2236 anhelo.
994 2182 1083 2237 Sensu
1093 2182 1186 2238 cordis
1198 2197 1279 2253 opem
1295 2197 1424 2252 poscens,
1439 2198 1521 2254 quam
1534 2199 1603 2241 voce
1618 2185 1767 2256 nequibat;

128 2279 199 2335 llum
215 2279 317 2334 lactum
331 2275 487 2352 ingeminat
498 2282 593 2347 raptus
605 2273 746 2330 mulcente
760 2289 873 2345 sopore,
997 2272 1064 2327 Ecce
1080 2277 1193 2342 repente
1212 2271 1266 2326 sibi
1283 2270 1370 2325 divini
1384 2271 1468 2326 sentit
1483 2271 1579 2327 adesse

129 2363 245 2434 Sopitus
255 2363 347 2420 subito
359 2364 422 2435 jura
436 2379 520 2420 mauu
533 2364 602 2436 (sic),
618 2363 718 2419 virtute
731 2378 863 2436 superna,
996 2360 1128 2415 fulminis
1141 2360 1274 2415 auxilium
1285 2359 1423 2430 stupidus,
1436 2359 1598 2431 sensimque
1608 2367 1723 2416 catervae

131 2456 172 2511 lfa
188 2456 278 2511 Petris
291 2471 355 2512 orsa
369 2455 443 2528 capit
455 2455 568 2512 monitis
580 2454 635 2510 sibi
651 2454 716 2511 talia
736 2454 846 2511 dantis:
997 2452 1056 2508 flou
1067 2452 1166 2508 solitus
1179 2452 1288 2507 bannire
1298 2466 1392 2519 sonos,
1409 2459 1436 2506 et
1448 2451 1532 2507 verba
1542 2467 1700 2523 capessens,

133 2574 146 2596 ·
168 2546 207 2602 lle
221 2553 339 2612 metuas,
350 2553 453 2622 gratam
469 2546 645 2620 nequeenim
656 2546 766 2603 dimitto
777 2546 945 2613 columnam,
999 2543 1221 2614 concipiensque
1235 2543 1328 2599 animo
1344 2543 1466 2600 insuetas
1478 2542 1550 2614 parit
1563 2559 1611 2601 ore
1624 2543 1759 2618 loquelas,

135 2637 262 2692 Culmiua
274 2652 328 2692 nec
340 2635 444 2693 montis
458 2636 583 2708 linquam
598 2620 653 2708 qna
667 2635 773 2691 lumina
785 2634 846 2690 vitae
999 2630 1215 2703 Exclamausque
1231 2631 1278 2686 diu
1294 2630 1375 2687 tacito
1389 2631 1430 2688 sie
1444 2646 1491 2687 ore
1506 2631 1647 2703 profatur:

135 2730 250 2786 eamus
261 2728 385 2797 obvium
400 2728 551 2795 descende,
566 2727 797 2800 satisfaciensque
1000 2739 1014 2772 u
1031 2719 1114 2775 Serve
1133 2719 1193 2787 Dei,
1209 2720 1282 2775 bene
1294 2720 1407 2776 venisti.
1424 2728 1487 2776 tuus
1502 2720 1630 2777 introitus
1644 2737 1689 2778 me

135 2820 213 2877 Plebi
228 2819 400 2893 exspectanti
413 2821 448 2876 de
462 2836 518 2887 me,
529 2819 570 2876 sie
584 2818 676 2891 perfer
690 2819 719 2874 in
729 2817 825 2874 urbem
999 2812 1126 2880 Saivavit,
1142 2814 1190 2870 tibi
1207 2831 1270 2870 nam
1284 2813 1502 2872 vitafamulabor
1517 2816 1546 2871 in
1561 2816 1649 2884 omni,

134 2913 246 2979 Nuntia,
264 2912 334 2969 clam
343 2913 433 2969 moesti
443 2911 489 2968 fiat
499 2927 534 2967 ne
544 2911 624 2968 turba
633 2913 788 2979 tumultns;
999 2907 1117 2979 Spiritus
1131 2908 1215 2964 hosce
1224 2923 1302 2965 meos
1312 2915 1444 2987 vegetans
1454 2910 1520 2965 dum
1534 2909 1635 2965 rexerit
1648 2916 1737 2978 artum
1761 2935 1773 2959 ι

136 3005 261 3078 Namque
271 3020 324 3078 ego
340 3004 416 3076 quod
426 3003 544 3060 Domino
554 3003 659 3077 placuit
669 3003 727 3073 jam
740 3001 796 3060 line
807 3002 914 3076 quievi,
976 3043 984 3062 ,
1002 3001 1067 3056 Cum
1082 3006 1146 3056 voto
1165 3016 1282 3074 surgens
1297 3000 1416 3057 loculum
1432 3001 1515 3057 simul
1530 3009 1614 3076 atque
1629 3003 1777 3075 prehendit

136 3098 157 3153 0
172 3097 284 3168 plenam
298 3096 397 3152 virtute
411 3095 530 3150 animam
545 3090 866 3166 nequefunerevictaml
979 3087 986 3106 ¹
1000 3089 1149 3144 Alleviatur
1163 3104 1243 3156 onus,
1259 3089 1352 3145 subito
1369 3090 1505 3161 portabile
1521 3090 1633 3159 factum,

136 3182 271 3240 Affectum
285 3184 398 3256 planctu
409 3182 541 3238 famulum
552 3180 711 3254 fessumque
726 3182 845 3239 levando
1003 3177 1309 3249 Laudantesquelleum
1323 3185 1432 3254 gestant
1446 3179 1506 3234 siue
1516 3180 1641 3251 pondere
1657 3182 1776 3254 pondus.

138 3276 238 3330 llisitat
251 3274 454 3329 inconsolatum
470 3287 505 3327 ne
519 3272 626 3343 linquat
641 3272 794 3338 alumnum,
1003 3267 1058 3323 lieo
1070 3265 1184 3322 dubium
1198 3267 1272 3339 quod
1284 3266 1319 3322 ad
1335 3267 1362 3322 id
1378 3268 1511 3324 Dominus
1521 3269 1671 3325 servaverit
1684 3270 1778 3338 istum,

139 3365 172 3420 Et
185 3378 307 3437 quonam
321 3362 382 3434 ipse
393 3362 476 3418 docet
489 3368 544 3416 ratu
558 3375 609 3416 sue
621 3359 813 3417 funerccuret.
1003 3361 1072 3416 bum
1088 3359 1188 3416 multos
1203 3358 1265 3415 aliis
1275 3368 1304 3415 et
1314 3359 1371 3430 jam
1387 3361 1549 3436 regionibus
1561 3371 1638 3418 actos

140 3455 325 3526 Erperrectus
339 3452 423 3508 homo
437 3450 576 3506 christun
592 3447 865 3521 pavefactnsadorat,
1004 3449 1056 3506 l’er
1066 3451 1153 3508 sancti
1170 3450 1309 3509 Simeonis
1320 3466 1402 3523 opem
1416 3460 1560 3509 curaverat
1570 3469 1671 3529 aegros,

141 3547 316 3621 pigneraque
326 3550 489 3600 attentasse
500 3556 616 3614 corpore
630 3556 745 3614 carpere
758 3556 847 3607 sacro,
1004 3541 1126 3601 llortum
1138 3550 1169 3599 ut
1181 3544 1245 3600 ritae
1263 3543 1366 3599 viventi
1381 3544 1447 3600 dum
1461 3544 1540 3600 daret
1554 3561 1621 3602 usus

140 3640 210 3696 Eece
223 3644 338 3710 repente
354 3636 431 3693 videt
442 3635 565 3711 gelidum
576 3634 725 3691 tremuisse
737 3633 866 3701 cadaver,
1007 3633 1067 3704 lpse
1080 3629 1245 3703 probaretur
1260 3630 1379 3687 feliciter
1392 3631 1421 3686 iu
1435 3632 1551 3705 regione

139 3729 176 3785 Ac
190 3743 254 3783 sese
267 3727 379 3800 penitus
391 3726 444 3782 hoc
454 3724 637 3781 absterrerier
655 3738 742 3789 ausu;
1006 3721 1103 3777 Vivere
1122 3720 1248 3777 vivorum
1263 3720 1381 3791 vitaeque
1396 3721 1502 3776 haerere
1515 3721 1616 3777 datori.

138 3820 200 3885 Quo
214 3819 301 3874 misso
315 3817 401 3875 celeri
412 3816 558 3873 descendit
570 3816 606 3871 ab
619 3831 683 3872 arce
696 3829 840 3891 regressu;
1008 3813 1122 3884 lamque
1138 3811 1365 3884 propinquabant
1380 3811 1452 3880 urbi,
1468 3812 1549 3884 plebs
1563 3814 1703 3871 moenibus
1717 3831 1782 3873 eece
1846 3872 1853 3885 ,

142 3913 272 3973 Pontifici
288 3912 398 3969 fratrem
414 3922 470 3968 tum
484 3911 580 3988 dirigit
593 3910 766 3968 Antiocheno
1007 3902 1202 3976 Progrediens,
1219 3904 1395 3975 psalmosque
1417 3902 1503 3959 boans
1517 3904 1683 3978 hymnisque
1704 3922 1818 3980 canora,

144 4005 232 4071 Quem
248 4001 348 4075 probat
365 4001 519 4077 egregium,
534 4000 582 4072 qui
597 4000 708 4057 coelitus
718 3998 875 4068 irradiatus,
1010 3992 1195 4065 Lampadibus
1208 3991 1365 4064 lichnisque
1380 3991 1496 4060 micans,
1515 3993 1653 4066 ramisque
1666 3994 1767 4052 decora

146 4093 264 4150 Cernere
279 4097 338 4146 erat
350 4090 449 4147 solitus
462 4088 577 4145 secretis
590 4089 676 4144 multa
691 4089 850 4160 loquentem
1009 4085 1178 4152 Palmarum,
1194 4083 1280 4140 saeris
1294 4089 1424 4156 properat
1442 4082 1502 4140 lieri
1517 4084 1598 4141 obvia
1611 4084 1753 4157 membris,

146 4188 212 4245 Cum
227 4187 361 4243 Simeone
374 4184 460 4253 horis,
473 4183 613 4257 praeclara
626 4183 710 4240 vestis
722 4182 823 4239 amictu
1011 4176 1098 4249 Atque
1114 4175 1309 4249 triumphantis
1319 4176 1451 4232 mundum
1463 4187 1604 4253 gestamen
1621 4182 1767 4237 honestum

146 4280 349 4352 splendentem
365 4276 447 4333 niveo
461 4275 574 4332 rutilum
589 4290 640 4331 eeu
654 4273 745 4351 fulgor
755 4275 886 4330 amicum.
1011 4264 1073 4321 Urbi
1083 4264 1184 4321 inferre
1199 4280 1267 4332 suae,
1285 4265 1382 4338 P0P¹¹¹l
1395 4265 1538 4322 munimen
1550 4274 1577 4323 ei
1587 4267 1669 4337 arcis,

146 4372 272 4428 &astina
285 4370 331 4426 lux
346 4384 427 4426 roseo
443 4368 577 4425 lustrabat
591 4366 697 4423 lumine
710 4373 808 4433 terras,
1009 4353 1105 4424 MilOri
1125 4354 1250 4411 90θῖθῦῑέ
1264 4354 1402 4426 eli⁰l¹1li¹⁰
1416 4356 1462 4427 pia
1475 4372 1591 4413 munem
1606 4357 1714 4415 danie&

146 4461 369 4532 praesulibusque
383 4457 437 4514 sibi
448 4457 554 4527 iunctis
566 4457 654 4513 tribus
669 4456 858 4513 Antiocheuus
969 4427 995 4495 Ι)
1011 4446 1108 4502 Pandit
1122 4446 1224 4502 abhinc
1238 4446 1498 4519 bomiuusquonam
1512 4448 1564 4504 sibi
1575 4449 1658 4506 chara
1668 4450 1782 4509 recondi

144 4558 328 4629 Approperat,
347 4551 434 4608 tensis
448 4551 522 4607 circe
534 4549 685 4623 deponitur
696 4548 752 4605 alta
1009 4537 1076 4597 Ossa
1090 4537 1158 4594 velit
1170 4538 1272 4610 potius,
1283 4537 1447 4611 jussamque
1461 4541 1601 4596 vehuntur
1616 4542 1644 4598 in
1657 4544 1766 4610 aulam;

146 4647 248 4703 quqaej,
261 4660 329 4701 ,uso
344 4642 565 4715 pmgiogqugaroe
581 4640 703 4706 monile;
1010 4626 1098 4699 thue
1112 4626 1201 4698 palam
1216 4625 1299 4683 faciat
1309 4626 1416 4684 cunctis
1429 4626 1457 4682 id
1472 4629 1587 4686 numine
1603 4631 1666 4688 divo

146 4741 192 4795 Ast
204 4736 255 4793 ubi
269 4734 406 4810 contiguae
415 4748 515 4805 corpus
529 4732 684 4787 devertitur
699 4745 762 4795 arae,
1010 4718 1124 4774 Prorsus
1139 4717 1183 4792 agi
1198 4719 1272 4774 clara
1287 4719 1398 4792 superis
1417 4719 1538 4777 demittit
1552 4721 1587 4777 ab
1601 4723 1682 4779 astris

149 4831 252 4888 Cuncta
267 4829 296 4884 in
311 4827 427 4885 circuitu
447 4824 551 4897 nebula
565 4825 708 4896 replentur
720 4837 818 4894 opaca,
1011 4809 1159 4865 NObllllfloe
1174 4809 1273 4880 Vllum,
1288 4811 1367 4886 virga
1380 4811 1428 4883 (lui
1443 4810 1642 4887 fulgidum&

149 4925 222 4982 Um
238 4929 400 4994 mmmm
413 4919 547 4977 pompm,
560 4921 727 4972 monstraret
739 4915 837 4970 adesse
1011 4898 1180 4972 splendidus
1194 4905 1320 4971 aspectu,
1336 4901 1467 4956 candenti
1481 4908 1569 4958 tectus
1582 4904 1684 4960 amictu

148 5016 235 5081 Quem
246 5021 349 5068 tectum
361 5008 465 5065 nebula
479 5008 577 5079 petite
591 5005 710 5081 caligine
722 5005 840 5074 Moyses,
1011 4992 1131 5048 Sedulus
1144 4993 1274 5050 insistens
1289 4994 1379 5065 operi,
1394 4994 1459 5050 dum
1480 4996 1598 5052 claustra
1612 4997 1732 5069 sepulcri

149 5104 182 5158 lit
195 5099 416 5157 Salomoniacam
432 5096 534 5152 nebula
548 5095 597 5168 qui
621 5095 783 5167 impleverat
797 5092 887 5148 aulam
1014 5080 1187 5137 Conrmuuita
1201 5081 1303 5147 uideat,
1318 5082 1430 5148 mansit,
1446 5099 1509 5139 mox
1524 5085 1589 5140 inde
1604 5086 1749 5153 recedens,

149 5188 301 5247 Pontifices
312 5203 403 5242 arcam
419 5185 561 5241 cherubim
577 5185 642 5239 dum
659 5182 773 5238 sedibus
783 5187 880 5252 aptant
1014 5170 1138 5241 Amplius
1148 5171 1194 5227 ¹¹1⁰
1205 5170 1280 5227 Vi⁵l¹⁸
1295 5186 1347 5227 ¹¹⁰⁰
1360 5178 1431 5243 9⁰⁸1,
1448 5188 1499 5228 ¹¹0⁰
1514 5173 1604 5243 lamii
1615 5178 1679 5228 ⁸⁰¹0

150 5280 242 5351 thue
260 5275 425 5348 probaretur
439 5275 531 5347 potius
544 5270 691 5346 praeseutia
706 5270 808 5327 summi
1013 5264 1090 5321 Unde
1105 5266 1185 5323 datur
1196 5273 1295 5324 notum
1309 5265 1370 5322 caeli
1384 5267 1494 5323 venisse
1509 5268 1650 5323 colonum.

150 5369 233 5425 Certa
247 5366 308 5433 Dei,
320 5365 407 5421 coeles
420 5364 496 5420 cultu
509 5362 633 5418 radiante
648 5359 789 5428 renidens,
1013 5353 1086 5414 fatis
1097 5358 1201 5413 abhinc
1215 5358 1320 5414 tumulo
1334 5365 1389 5414 tam
1405 5357 1475 5414 mira
1491 5367 1597 5430 patrata
1607 5357 1742 5428 feruutur,

151 5461 220 5518 Cum
234 5458 309 5515 visus
320 5463 427 5530 septem
441 5454 600 5512 senioribus
617 5452 710 5509 abdita
724 5452 806 5508 ferre.
1013 5450 1071 5515 Quo
1088 5465 1144 5506 non
1163 5449 1242 5523 plura
1261 5450 1339 5522 prius
1350 5450 1447 5507 vivens
1462 5451 1559 5507 fecisse
1575 5456 1696 5522 putetur,

151 5550 229 5623 Papa
242 5563 328 5606 sacrae
341 5557 416 5604 neus
428 5545 546 5619 cupiens
553 5544 704 5616 decerpere
718 5540 823 5609 barban,
1014 5539 1121 5596 Arduus
1135 5538 1250 5596 excelsae
1265 5538 1329 5595 dum
1346 5539 1468 5610 perstitit
1480 5553 1543 5595 arce
1557 5539 1705 5607 columnae,

191 5707 266 5782 (teu)
280 5707 326 5764 Sic
339 5705 428 5764 codex
437 5711 560 5776 uterque,
