<?xml version="1.0" encoding="UTF-8"?>
<!DOCTYPE html PUBLIC "-//W3C//DTD XHTML 1.0 Transitional//EN"
    "http://www.w3.org/TR/xhtml1/DTD/xhtml1-transitional.dtd">
<html xmlns="http://www.w3.org/1999/xhtml" xml:lang="en" lang="en">
 <head>
  <title>
</title>
<meta http-equiv="Content-Type" content="text/html;charset=utf-8" />
  <meta name='ocr-system' content='tesseract 3.04.00' />
  <meta name='ocr-capabilities' content='ocr_page ocr_carea ocr_par ocr_line ocrx_word'/>
</head>
<body>
  <div class='ocr_page' id='page_1' title='image "./patrologiaecurs08migngoog/patrologiaecurs08migngoog_0517.png"; bbox 0 0 3840 6106; ppageno 0'>
   <div class='ocr_carea' id='block_1_1' title="bbox 206 311 1868 374">
    <p class='ocr_par' dir='ltr' id='par_1_1' title="bbox 206 311 1868 374">
     <span class='ocr_line' id='line_1_1' title="bbox 206 311 1868 374; baseline -0.005 1"><span class='ocrx_word' id='word_1_1' title='bbox 206 318 273 374; x_wconf 76' lang='lat' dir='ltr'><strong>toas</strong></span> <span class='ocrx_word' id='word_1_2' title='bbox 745 318 772 374; x_wconf 85' lang='lat' dir='ltr'><strong>S.</strong></span> <span class='ocrx_word' id='word_1_3' title='bbox 793 317 946 373; x_wconf 75' lang='lat' dir='ltr'><strong>dotentur</strong></span> <span class='ocrx_word' id='word_1_4' title='bbox 968 314 1155 372; x_wconf 70' lang='lat' dir='ltr'><strong>thiUthNl</strong></span> <span class='ocrx_word' id='word_1_5' title='bbox 1175 312 1332 369; x_wconf 76' lang='lat' dir='ltr'><strong>EPlSCOPl.</strong></span> <span class='ocrx_word' id='word_1_6' title='bbox 1805 311 1868 366; x_wconf 73' lang='lat' dir='ltr'><strong>tots</strong></span> 
     </span>
    </p>
   </div>
   <div class='ocr_carea' id='block_1_2' title="bbox 111 441 1873 5698">
    <p class='ocr_par' dir='ltr' id='par_1_2' title="bbox 111 441 1873 4245">
     <span class='ocr_line' id='line_1_2' title="bbox 201 441 1868 518; baseline -0.003 -17"><span class='ocrx_word' id='word_1_7' title='bbox 201 460 338 501; x_wconf 92' lang='lat' dir='ltr'><strong>canonum</strong></span> <span class='ocrx_word' id='word_1_8' title='bbox 364 444 543 500; x_wconf 90' lang='lat' dir='ltr'><strong>ministerium</strong></span> <span class='ocrx_word' id='word_1_9' title='bbox 572 462 652 501; x_wconf 90' lang='lat' dir='ltr'><strong>snum</strong></span> <span class='ocrx_word' id='word_1_10' title='bbox 676 446 711 501; x_wconf 93' lang='lat' dir='ltr'><strong>ad</strong></span> <span class='ocrx_word' id='word_1_11' title='bbox 726 445 906 518; x_wconf 88' lang='lat' dir='ltr'><strong>implendum,</strong></span> <span class='ocrx_word' id='word_1_12' title='bbox 924 445 1091 515; x_wconf 62' lang='lat' dir='ltr'><strong>causaAeo</strong></span> <span class='ocrx_word' id='word_1_13' title='bbox 1116 442 1217 498; x_wconf 91' lang='lat' dir='ltr'><strong>clerico</strong></span> <span class='ocrx_word' id='word_1_14' title='bbox 1243 441 1287 497; x_wconf 94' lang='lat' dir='ltr'><strong>cui</strong></span> <span class='ocrx_word' id='word_1_15' title='bbox 1320 441 1367 496; x_wconf 92' lang='lat' dir='ltr'><strong>illa</strong></span> <span class='ocrx_word' id='word_1_16' title='bbox 1388 441 1550 497; x_wconf 88' lang='lat' dir='ltr'><strong>obedientia</strong></span> <span class='ocrx_word' id='word_1_17' title='bbox 1591 447 1656 496; x_wconf 89' lang='lat' dir='ltr'><strong>erat</strong></span> <span class='ocrx_word' id='word_1_18' title='bbox 1678 441 1868 496; x_wconf 88' lang='lat' dir='ltr'><strong>commendata</strong></span> 
     </span>
     <span class='ocr_line' id='line_1_3' title="bbox 202 529 1867 608; baseline -0.002 -20"><span class='ocrx_word' id='word_1_19' title='bbox 202 532 317 607; x_wconf 89' lang='lat' dir='ltr'><strong>rcgcndi</strong></span> <span class='ocrx_word' id='word_1_20' title='bbox 332 541 360 589; x_wconf 90' lang='lat' dir='ltr'><strong>et</strong></span> <span class='ocrx_word' id='word_1_21' title='bbox 376 534 543 604; x_wconf 82' lang='lat' dir='ltr'><strong>praedicandi</strong></span> <span class='ocrx_word' id='word_1_22' title='bbox 560 543 643 608; x_wconf 89' lang='lat' dir='ltr'><strong>atque</strong></span> <span class='ocrx_word' id='word_1_23' title='bbox 667 535 850 592; x_wconf 84' lang='lat' dir='ltr'><strong>confirmandi</strong></span> <span class='ocrx_word' id='word_1_24' title='bbox 864 536 1007 592; x_wconf 77' lang='lat' dir='ltr'><strong>dioecesim</strong></span> <span class='ocrx_word' id='word_1_25' title='bbox 1058 532 1252 607; x_wconf 77' lang='lat' dir='ltr'><strong>erogabantur.</strong></span> <span class='ocrx_word' id='word_1_26' title='bbox 1282 529 1428 585; x_wconf 76' lang='lat' dir='ltr'>Debilibus</span> <span class='ocrx_word' id='word_1_27' title='bbox 1455 538 1547 585; x_wconf 92' lang='lat' dir='ltr'><strong>autem</strong></span> <span class='ocrx_word' id='word_1_28' title='bbox 1572 546 1634 585; x_wconf 92' lang='lat' dir='ltr'><strong>cum</strong></span> <span class='ocrx_word' id='word_1_29' title='bbox 1666 544 1701 585; x_wconf 90' lang='lat' dir='ltr'><strong>eo</strong></span> <span class='ocrx_word' id='word_1_30' title='bbox 1720 530 1867 585; x_wconf 86' lang='lat' dir='ltr'><strong>advenien-</strong></span> 
     </span>
     <span class='ocr_line' id='line_1_4' title="bbox 202 622 1868 697; baseline 0.001 -21"><span class='ocrx_word' id='word_1_31' title='bbox 202 622 441 678; x_wconf 88' lang='lat' dir='ltr'><strong>sibicommissam</strong></span> <span class='ocrx_word' id='word_1_32' title='bbox 463 624 573 679; x_wconf 90' lang='lat' dir='ltr'><strong>visitare</strong></span> <span class='ocrx_word' id='word_1_33' title='bbox 596 624 774 692; x_wconf 88' lang='lat' dir='ltr'><strong>decrevisset,</strong></span> <span class='ocrx_word' id='word_1_34' title='bbox 803 624 1008 692; x_wconf 85' lang='lat' dir='ltr'><strong>eodemmodo,</strong></span> <span class='ocrx_word' id='word_1_35' title='bbox 1059 625 1399 697; x_wconf 84' lang='lat' dir='ltr'><strong>tibusinsuaprresentia</strong></span> <span class='ocrx_word' id='word_1_36' title='bbox 1424 625 1579 690; x_wconf 88' lang='lat' dir='ltr'><strong>collocatis,</strong></span> <span class='ocrx_word' id='word_1_37' title='bbox 1608 624 1801 679; x_wconf 80' lang='lat' dir='ltr'><strong>abundantem</strong></span> <span class='ocrx_word' id='word_1_38' title='bbox 1829 639 1868 678; x_wconf 87' lang='lat' dir='ltr'><strong>re·</strong></span> 
     </span>
     <span class='ocr_line' id='line_1_5' title="bbox 201 712 1864 788; baseline 0.002 -22"><span class='ocrx_word' id='word_1_39' title='bbox 201 712 271 767; x_wconf 91' lang='lat' dir='ltr'><strong>sicut</strong></span> <span class='ocrx_word' id='word_1_40' title='bbox 283 712 412 782; x_wconf 90' lang='lat' dir='ltr'><strong>superius</strong></span> <span class='ocrx_word' id='word_1_41' title='bbox 424 712 553 775; x_wconf 83' lang='lat' dir='ltr'><strong>diximus,</strong></span> <span class='ocrx_word' id='word_1_42' title='bbox 566 713 594 766; x_wconf 92' lang='lat' dir='ltr'><strong>in</strong></span> <span class='ocrx_word' id='word_1_43' title='bbox 609 713 679 769; x_wconf 92' lang='lat' dir='ltr'><strong>solio</strong></span> <span class='ocrx_word' id='word_1_44' title='bbox 693 713 816 784; x_wconf 89' lang='lat' dir='ltr'><strong>carpenti</strong></span> <span class='ocrx_word' id='word_1_45' title='bbox 832 713 1008 784; x_wconf 89' lang='lat' dir='ltr'><strong>superposito</strong></span> <span class='ocrx_word' id='word_1_46' title='bbox 1060 718 1205 773; x_wconf 89' lang='lat' dir='ltr'><strong>fectionem</strong></span> <span class='ocrx_word' id='word_1_47' title='bbox 1236 717 1338 788; x_wconf 88' lang='lat' dir='ltr'><strong>apponi</strong></span> <span class='ocrx_word' id='word_1_48' title='bbox 1369 717 1504 788; x_wconf 79' lang='lat' dir='ltr'><strong>praecipit.</strong></span> <span class='ocrx_word' id='word_1_49' title='bbox 1531 718 1559 771; x_wconf 91' lang='lat' dir='ltr'><strong>ln</strong></span> <span class='ocrx_word' id='word_1_50' title='bbox 1586 715 1758 788; x_wconf 88' lang='lat' dir='ltr'><strong>quibusdam</strong></span> <span class='ocrx_word' id='word_1_51' title='bbox 1782 722 1864 770; x_wconf 85' lang='lat' dir='ltr'><strong>auten</strong></span> 
     </span>
     <span class='ocr_line' id='line_1_6' title="bbox 202 804 1865 882; baseline -0.004 -18"><span class='ocrx_word' id='word_1_52' title='bbox 202 809 328 872; x_wconf 84' lang='lat' dir='ltr'><strong>sedehat,</strong></span> <span class='ocrx_word' id='word_1_53' title='bbox 341 811 516 882; x_wconf 83' lang='lat' dir='ltr'><strong>psalmosque</strong></span> <span class='ocrx_word' id='word_1_54' title='bbox 531 810 612 866; x_wconf 93' lang='lat' dir='ltr'><strong>solito</strong></span> <span class='ocrx_word' id='word_1_55' title='bbox 628 825 703 864; x_wconf 90' lang='lat' dir='ltr'><strong>more</strong></span> <span class='ocrx_word' id='word_1_56' title='bbox 725 808 901 874; x_wconf 75' lang='lat' dir='ltr'><strong>decantabat,</strong></span> <span class='ocrx_word' id='word_1_57' title='bbox 918 823 1010 862; x_wconf 90' lang='lat' dir='ltr'><strong>eunu-</strong></span> <span class='ocrx_word' id='word_1_58' title='bbox 1060 808 1159 862; x_wconf 87' lang='lat' dir='ltr'><strong>diebus</strong></span> <span class='ocrx_word' id='word_1_59' title='bbox 1183 807 1302 877; x_wconf 89' lang='lat' dir='ltr'><strong>capitula</strong></span> <span class='ocrx_word' id='word_1_60' title='bbox 1325 822 1387 862; x_wconf 94' lang='lat' dir='ltr'><strong>cum</strong></span> <span class='ocrx_word' id='word_1_61' title='bbox 1421 805 1530 861; x_wconf 81' lang='lat' dir='ltr'><strong>clericis</strong></span> <span class='ocrx_word' id='word_1_62' title='bbox 1551 805 1658 860; x_wconf 90' lang='lat' dir='ltr'><strong>habere</strong></span> <span class='ocrx_word' id='word_1_63' title='bbox 1679 804 1820 875; x_wconf 85' lang='lat' dir='ltr'><strong>disposuit</strong></span> <span class='ocrx_word' id='word_1_64' title='bbox 1843 804 1865 858; x_wconf 93' lang='lat' dir='ltr'><strong>in</strong></span> 
     </span>
     <span class='ocr_line' id='line_1_7' title="bbox 202 893 1867 975; baseline -0.004 -21"><span class='ocrx_word' id='word_1_65' title='bbox 202 901 283 955; x_wconf 90' lang='lat' dir='ltr'><strong>chum</strong></span> <span class='ocrx_word' id='word_1_66' title='bbox 304 900 379 954; x_wconf 92' lang='lat' dir='ltr'><strong>illum</strong></span> <span class='ocrx_word' id='word_1_67' title='bbox 408 901 518 956; x_wconf 87' lang='lat' dir='ltr'><strong>imitans</strong></span> <span class='ocrx_word' id='word_1_68' title='bbox 532 902 590 972; x_wconf 87' lang='lat' dir='ltr'><strong>qui,</strong></span> <span class='ocrx_word' id='word_1_69' title='bbox 603 901 701 975; x_wconf 89' lang='lat' dir='ltr'><strong>legens</strong></span> <span class='ocrx_word' id='word_1_70' title='bbox 728 899 824 955; x_wconf 87' lang='lat' dir='ltr'><strong>isaiam</strong></span> <span class='ocrx_word' id='word_1_71' title='bbox 846 900 1009 971; x_wconf 91' lang='lat' dir='ltr'><strong>prophetam</strong></span> <span class='ocrx_word' id='word_1_72' title='bbox 1061 898 1103 951; x_wconf 93' lang='lat' dir='ltr'><strong>his</strong></span> <span class='ocrx_word' id='word_1_73' title='bbox 1122 896 1190 951; x_wconf 90' lang='lat' dir='ltr'><strong>locis</strong></span> <span class='ocrx_word' id='word_1_74' title='bbox 1215 895 1263 950; x_wconf 92' lang='lat' dir='ltr'><strong>ubi</strong></span> <span class='ocrx_word' id='word_1_75' title='bbox 1296 895 1355 949; x_wconf 76' lang='lat' dir='ltr'><strong>brec</strong></span> <span class='ocrx_word' id='word_1_76' title='bbox 1381 895 1524 965; x_wconf 88' lang='lat' dir='ltr'><strong>aptissime</strong></span> <span class='ocrx_word' id='word_1_77' title='bbox 1546 893 1606 949; x_wconf 85' lang='lat' dir='ltr'><strong>fieri</strong></span> <span class='ocrx_word' id='word_1_78' title='bbox 1637 893 1867 963; x_wconf 74' lang='lat' dir='ltr'><strong>archipresbyteri</strong></span> 
     </span>
     <span class='ocr_line' id='line_1_8' title="bbox 203 985 1871 1067; baseline -0.007 -17"><span class='ocrx_word' id='word_1_79' title='bbox 203 1013 287 1067; x_wconf 89' lang='lat' dir='ltr'><strong>super</strong></span> <span class='ocrx_word' id='word_1_80' title='bbox 299 1012 409 1052; x_wconf 92' lang='lat' dir='ltr'><strong>currum</strong></span> <span class='ocrx_word' id='word_1_81' title='bbox 424 1013 503 1051; x_wconf 91' lang='lat' dir='ltr'><strong>suum</strong></span> <span class='ocrx_word' id='word_1_82' title='bbox 520 997 631 1062; x_wconf 85' lang='lat' dir='ltr'><strong>sedens,</strong></span> <span class='ocrx_word' id='word_1_83' title='bbox 649 1013 698 1067; x_wconf 90' lang='lat' dir='ltr'><strong>per</strong></span> <span class='ocrx_word' id='word_1_84' title='bbox 710 997 780 1050; x_wconf 90' lang='lat' dir='ltr'><strong>viam</strong></span> <span class='ocrx_word' id='word_1_85' title='bbox 808 993 949 1067; x_wconf 89' lang='lat' dir='ltr'><strong>pergebat,</strong></span> <span class='ocrx_word' id='word_1_86' title='bbox 966 992 1010 1049; x_wconf 89' lang='lat' dir='ltr'><strong>cui</strong></span> <span class='ocrx_word' id='word_1_87' title='bbox 1053 992 1237 1062; x_wconf 83' lang='lat' dir='ltr'><strong>putaverunt,</strong></span> <span class='ocrx_word' id='word_1_88' title='bbox 1251 997 1278 1045; x_wconf 90' lang='lat' dir='ltr'><strong>et</strong></span> <span class='ocrx_word' id='word_1_89' title='bbox 1300 988 1349 1044; x_wconf 90' lang='lat' dir='ltr'><strong>ubi</strong></span> <span class='ocrx_word' id='word_1_90' title='bbox 1380 1004 1442 1042; x_wconf 93' lang='lat' dir='ltr'><strong>eum</strong></span> <span class='ocrx_word' id='word_1_91' title='bbox 1463 987 1497 1042; x_wconf 90' lang='lat' dir='ltr'><strong>ab</strong></span> <span class='ocrx_word' id='word_1_92' title='bbox 1524 987 1587 1041; x_wconf 92' lang='lat' dir='ltr'><strong>aliis</strong></span> <span class='ocrx_word' id='word_1_93' title='bbox 1613 985 1768 1041; x_wconf 92' lang='lat' dir='ltr'><strong>mundanis</strong></span> <span class='ocrx_word' id='word_1_94' title='bbox 1787 985 1871 1040; x_wconf 87' lang='lat' dir='ltr'><strong>conci-</strong></span> 
     </span>
     <span class='ocr_line' id='line_1_9' title="bbox 203 1072 1871 1156; baseline -0.008 -17"><span class='ocrx_word' id='word_1_95' title='bbox 203 1084 382 1154; x_wconf 80' lang='lat' dir='ltr'><strong>prvecipientc</strong></span> <span class='ocrx_word' id='word_1_96' title='bbox 397 1086 497 1155; x_wconf 85' lang='lat' dir='ltr'><strong>Spiritu</strong></span> <span class='ocrx_word' id='word_1_97' title='bbox 516 1086 765 1156; x_wconf 78' lang='lat' dir='ltr'><strong>sanctol’hilippus</strong></span> <span class='ocrx_word' id='word_1_98' title='bbox 793 1084 938 1153; x_wconf 89' lang='lat' dir='ltr'><strong>adjunctus</strong></span> <span class='ocrx_word' id='word_1_99' title='bbox 958 1088 1010 1148; x_wconf 87' lang='lat' dir='ltr'><strong>est,</strong></span> <span class='ocrx_word' id='word_1_100' title='bbox 1062 1079 1106 1134; x_wconf 90' lang='lat' dir='ltr'><strong>liis</strong></span> <span class='ocrx_word' id='word_1_101' title='bbox 1132 1078 1328 1134; x_wconf 86' lang='lat' dir='ltr'><strong>absolutiorem</strong></span> <span class='ocrx_word' id='word_1_102' title='bbox 1353 1092 1414 1132; x_wconf 91' lang='lat' dir='ltr'><strong>esse</strong></span> <span class='ocrx_word' id='word_1_103' title='bbox 1456 1075 1670 1131; x_wconf 87' lang='lat' dir='ltr'><strong>arbitrabantur.</strong></span> <span class='ocrx_word' id='word_1_104' title='bbox 1698 1072 1871 1146; x_wconf 80' lang='lat' dir='ltr'><strong>congregatis</strong></span> 
     </span>
     <span class='ocr_line' id='line_1_10' title="bbox 135 1162 1872 1245; baseline -0.008 -16"><span class='ocrx_word' id='word_1_105' title='bbox 135 1188 139 1193; x_wconf 93' lang='grc'><em>·</em></span> <span class='ocrx_word' id='word_1_106' title='bbox 204 1175 355 1244; x_wconf 88' lang='lat' dir='ltr'><strong>qui,abeo</strong></span> <span class='ocrx_word' id='word_1_107' title='bbox 384 1174 549 1244; x_wconf 79' lang='lat' dir='ltr'><strong>praedicatus</strong></span> <span class='ocrx_word' id='word_1_108' title='bbox 565 1181 591 1229; x_wconf 91' lang='lat' dir='ltr'><strong>et</strong></span> <span class='ocrx_word' id='word_1_109' title='bbox 611 1175 773 1245; x_wconf 88' lang='lat' dir='ltr'><strong>baptizatus,</strong></span> <span class='ocrx_word' id='word_1_110' title='bbox 803 1173 886 1229; x_wconf 88' lang='lat' dir='ltr'><strong>fidem</strong></span> <span class='ocrx_word' id='word_1_111' title='bbox 910 1178 1011 1226; x_wconf 79' lang='lat' dir='ltr'><strong>sanc-tae</strong></span> <span class='ocrx_word' id='word_1_112' title='bbox 1062 1177 1126 1223; x_wconf 89' lang='lat' dir='ltr'><strong>ante</strong></span> <span class='ocrx_word' id='word_1_113' title='bbox 1159 1183 1188 1224; x_wconf 91' lang='lat' dir='ltr'><strong>se</strong></span> <span class='ocrx_word' id='word_1_114' title='bbox 1210 1167 1330 1233; x_wconf 85' lang='lat' dir='ltr'><strong>clericis,</strong></span> <span class='ocrx_word' id='word_1_115' title='bbox 1363 1162 1823 1237; x_wconf 74' lang='lat' dir='ltr'><strong>archipresbyteros,dtdcnauos</strong></span> <span class='ocrx_word' id='word_1_116' title='bbox 1848 1169 1872 1215; x_wconf 92' lang='lat' dir='ltr'><strong>et</strong></span> 
     </span>
     <span class='ocr_line' id='line_1_11' title="bbox 202 1251 1870 1335; baseline -0.007 -20"><span class='ocrx_word' id='word_1_117' title='bbox 202 1261 342 1319; x_wconf 85' lang='lat' dir='ltr'><strong>Trinitatis</strong></span> <span class='ocrx_word' id='word_1_118' title='bbox 356 1263 473 1335; x_wconf 81' lang='lat' dir='ltr'><strong>accepit,</strong></span> <span class='ocrx_word' id='word_1_119' title='bbox 499 1264 639 1319; x_wconf 85' lang='lat' dir='ltr'><strong>aestimans</strong></span> <span class='ocrx_word' id='word_1_120' title='bbox 664 1271 811 1334; x_wconf 89' lang='lat' dir='ltr'><strong>procerto,</strong></span> <span class='ocrx_word' id='word_1_121' title='bbox 833 1271 966 1334; x_wconf 89' lang='lat' dir='ltr'><strong>quantum</strong></span> <span class='ocrx_word' id='word_1_122' title='bbox 980 1275 1011 1315; x_wconf 83' lang='lat' dir='ltr'><strong>ee</strong></span> <span class='ocrx_word' id='word_1_123' title='bbox 1062 1258 1184 1328; x_wconf 88' lang='lat' dir='ltr'><strong>optimos</strong></span> <span class='ocrx_word' id='word_1_124' title='bbox 1198 1272 1268 1329; x_wconf 90' lang='lat' dir='ltr'><strong>quos</strong></span> <span class='ocrx_word' id='word_1_125' title='bbox 1297 1259 1369 1312; x_wconf 89' lang='lat' dir='ltr'><strong>inter</strong></span> <span class='ocrx_word' id='word_1_126' title='bbox 1397 1271 1446 1311; x_wconf 92' lang='lat' dir='ltr'><strong>eos</strong></span> <span class='ocrx_word' id='word_1_127' title='bbox 1472 1255 1597 1310; x_wconf 89' lang='lat' dir='ltr'><strong>invenire</strong></span> <span class='ocrx_word' id='word_1_128' title='bbox 1613 1252 1719 1325; x_wconf 87' lang='lat' dir='ltr'><strong>potuit,</strong></span> <span class='ocrx_word' id='word_1_129' title='bbox 1742 1258 1820 1308; x_wconf 83' lang='lat' dir='ltr'><strong>caute</strong></span> <span class='ocrx_word' id='word_1_130' title='bbox 1834 1251 1870 1304; x_wconf 90' lang='lat' dir='ltr'><strong>in·</strong></span> 
     </span>
     <span class='ocr_line' id='line_1_12' title="bbox 203 1342 1871 1425; baseline -0.008 -16"><span class='ocrx_word' id='word_1_131' title='bbox 203 1354 348 1425; x_wconf 93' lang='lat' dir='ltr'><strong>colloquiis</strong></span> <span class='ocrx_word' id='word_1_132' title='bbox 364 1355 491 1409; x_wconf 89' lang='lat' dir='ltr'><strong>humanis</strong></span> <span class='ocrx_word' id='word_1_133' title='bbox 505 1355 697 1418; x_wconf 86' lang='lat' dir='ltr'><strong>subtraxisset,</strong></span> <span class='ocrx_word' id='word_1_134' title='bbox 724 1361 871 1411; x_wconf 89' lang='lat' dir='ltr'><strong>uttanturn</strong></span> <span class='ocrx_word' id='word_1_135' title='bbox 891 1369 922 1408; x_wconf 93' lang='lat' dir='ltr'><strong>se</strong></span> <span class='ocrx_word' id='word_1_136' title='bbox 939 1351 1011 1407; x_wconf 90' lang='lat' dir='ltr'><strong>divi·</strong></span> <span class='ocrx_word' id='word_1_137' title='bbox 1063 1348 1212 1419; x_wconf 76' lang='lat' dir='ltr'><strong>terrogavit</strong></span> <span class='ocrx_word' id='word_1_138' title='bbox 1236 1347 1356 1420; x_wconf 90' lang='lat' dir='ltr'><strong>qualiter</strong></span> <span class='ocrx_word' id='word_1_139' title='bbox 1386 1346 1580 1419; x_wconf 88' lang='lat' dir='ltr'><strong>quotidianum</strong></span> <span class='ocrx_word' id='word_1_140' title='bbox 1604 1345 1655 1400; x_wconf 84' lang='lat' dir='ltr'><strong>Dei</strong></span> <span class='ocrx_word' id='word_1_141' title='bbox 1679 1343 1823 1399; x_wconf 89' lang='lat' dir='ltr'><strong>servitium</strong></span> <span class='ocrx_word' id='word_1_142' title='bbox 1840 1342 1871 1396; x_wconf 88' lang='lat' dir='ltr'><strong>ah</strong></span> 
     </span>
     <span class='ocr_line' id='line_1_13' title="bbox 203 1435 1871 1515; baseline -0.005 -19"><span class='ocrx_word' id='word_1_143' title='bbox 203 1443 246 1497; x_wconf 87' lang='lat' dir='ltr'><strong>nis</strong></span> <span class='ocrx_word' id='word_1_144' title='bbox 261 1443 487 1515; x_wconf 84' lang='lat' dir='ltr'><strong>propinquiorem</strong></span> <span class='ocrx_word' id='word_1_145' title='bbox 504 1443 594 1499; x_wconf 90' lang='lat' dir='ltr'><strong>facere</strong></span> <span class='ocrx_word' id='word_1_146' title='bbox 618 1444 761 1514; x_wconf 90' lang='lat' dir='ltr'><strong>potuisset.</strong></span> <span class='ocrx_word' id='word_1_147' title='bbox 777 1444 817 1498; x_wconf 81' lang='lat' dir='ltr'><strong>td</strong></span> <span class='ocrx_word' id='word_1_148' title='bbox 845 1442 1010 1498; x_wconf 86' lang='lat' dir='ltr'><strong>locaautem</strong></span> <span class='ocrx_word' id='word_1_149' title='bbox 1062 1440 1102 1496; x_wconf 92' lang='lat' dir='ltr'><strong>eis</strong></span> <span class='ocrx_word' id='word_1_150' title='bbox 1118 1440 1288 1511; x_wconf 86' lang='lat' dir='ltr'><strong>impleretur,</strong></span> <span class='ocrx_word' id='word_1_151' title='bbox 1306 1447 1334 1495; x_wconf 92' lang='lat' dir='ltr'><strong>et</strong></span> <span class='ocrx_word' id='word_1_152' title='bbox 1365 1438 1483 1511; x_wconf 90' lang='lat' dir='ltr'><strong>qualiter</strong></span> <span class='ocrx_word' id='word_1_153' title='bbox 1510 1437 1707 1508; x_wconf 87' lang='lat' dir='ltr'><strong>illispopulus</strong></span> <span class='ocrx_word' id='word_1_154' title='bbox 1737 1435 1871 1503; x_wconf 85' lang='lat' dir='ltr'><strong>subjectus</strong></span> 
     </span>
     <span class='ocr_line' id='line_1_14' title="bbox 204 1522 1871 1603; baseline -0.001 -20"><span class='ocrx_word' id='word_1_155' title='bbox 204 1530 250 1584; x_wconf 90' lang='lat' dir='ltr'><strong>illa</strong></span> <span class='ocrx_word' id='word_1_156' title='bbox 271 1547 332 1586; x_wconf 90' lang='lat' dir='ltr'><strong>cum</strong></span> <span class='ocrx_word' id='word_1_157' title='bbox 359 1532 531 1603; x_wconf 89' lang='lat' dir='ltr'><strong>pervenisset</strong></span> <span class='ocrx_word' id='word_1_158' title='bbox 559 1532 607 1587; x_wconf 93' lang='lat' dir='ltr'><strong>ubi</strong></span> <span class='ocrx_word' id='word_1_159' title='bbox 628 1532 745 1588; x_wconf 89' lang='lat' dir='ltr'><strong>consilia</strong></span> <span class='ocrx_word' id='word_1_160' title='bbox 773 1549 822 1588; x_wconf 93' lang='lat' dir='ltr'><strong>sua</strong></span> <span class='ocrx_word' id='word_1_161' title='bbox 850 1532 1012 1588; x_wconf 90' lang='lat' dir='ltr'><strong>denuntiata</strong></span> <span class='ocrx_word' id='word_1_162' title='bbox 1061 1545 1095 1584; x_wconf 82' lang='lat' dir='ltr'><strong>cx</strong></span> <span class='ocrx_word' id='word_1_163' title='bbox 1108 1528 1149 1584; x_wconf 92' lang='lat' dir='ltr'><strong>eis</strong></span> <span class='ocrx_word' id='word_1_164' title='bbox 1164 1535 1308 1601; x_wconf 86' lang='lat' dir='ltr'><strong>regeretur</strong></span> <span class='ocrx_word' id='word_1_165' title='bbox 1323 1528 1351 1582; x_wconf 95' lang='lat' dir='ltr'><strong>iu</strong></span> <span class='ocrx_word' id='word_1_166' title='bbox 1364 1526 1456 1583; x_wconf 90' lang='lat' dir='ltr'><strong>studio</strong></span> <span class='ocrx_word' id='word_1_167' title='bbox 1479 1523 1650 1596; x_wconf 73' lang='lat' dir='ltr'><strong>praedicandi</strong></span> <span class='ocrx_word' id='word_1_168' title='bbox 1674 1522 1871 1594; x_wconf 84' lang='lat' dir='ltr'><strong>docendique:</strong></span> 
     </span>
     <span class='ocr_line' id='line_1_15' title="bbox 204 1615 1869 1697; baseline -0.002 -21"><span class='ocrx_word' id='word_1_169' title='bbox 204 1621 322 1690; x_wconf 84' lang='lat' dir='ltr'><strong>fuerant,</strong></span> <span class='ocrx_word' id='word_1_170' title='bbox 351 1639 412 1678; x_wconf 93' lang='lat' dir='ltr'><strong>cum</strong></span> <span class='ocrx_word' id='word_1_171' title='bbox 438 1624 581 1697; x_wconf 91' lang='lat' dir='ltr'><strong>evangelio</strong></span> <span class='ocrx_word' id='word_1_172' title='bbox 601 1632 628 1679; x_wconf 92' lang='lat' dir='ltr'><strong>et</strong></span> <span class='ocrx_word' id='word_1_173' title='bbox 648 1641 718 1697; x_wconf 90' lang='lat' dir='ltr'><strong>aqua</strong></span> <span class='ocrx_word' id='word_1_174' title='bbox 744 1624 891 1680; x_wconf 87' lang='lat' dir='ltr'><strong>benedicta</strong></span> <span class='ocrx_word' id='word_1_175' title='bbox 919 1632 1009 1679; x_wconf 91' lang='lat' dir='ltr'><strong>ctso·</strong></span> <span class='ocrx_word' id='word_1_176' title='bbox 1061 1631 1219 1695; x_wconf 90' lang='lat' dir='ltr'><strong>quantaque</strong></span> <span class='ocrx_word' id='word_1_177' title='bbox 1250 1622 1360 1677; x_wconf 89' lang='lat' dir='ltr'><strong>cautela</strong></span> <span class='ocrx_word' id='word_1_178' title='bbox 1386 1621 1506 1675; x_wconf 90' lang='lat' dir='ltr'><strong>infantes</strong></span> <span class='ocrx_word' id='word_1_179' title='bbox 1523 1619 1747 1690; x_wconf 84' lang='lat' dir='ltr'><strong>baptizarentur,</strong></span> <span class='ocrx_word' id='word_1_180' title='bbox 1778 1615 1869 1672; x_wconf 88' lang='lat' dir='ltr'><strong>infirmi</strong></span> 
     </span>
     <span class='ocr_line' id='line_1_16' title="bbox 203 1711 1870 1790; baseline 0.002 -26"><span class='ocrx_word' id='word_1_181' title='bbox 203 1711 481 1782; x_wconf 89' lang='lat' dir='ltr'><strong>nantibuscampanis</strong></span> <span class='ocrx_word' id='word_1_182' title='bbox 496 1723 523 1767; x_wconf 90' lang='lat' dir='ltr'><strong>et</strong></span> <span class='ocrx_word' id='word_1_183' title='bbox 539 1720 613 1768; x_wconf 91' lang='lat' dir='ltr'><strong>tanta</strong></span> <span class='ocrx_word' id='word_1_184' title='bbox 638 1712 847 1769; x_wconf 89' lang='lat' dir='ltr'><strong>honorificentia</strong></span> <span class='ocrx_word' id='word_1_185' title='bbox 863 1722 1009 1784; x_wconf 87' lang='lat' dir='ltr'><strong>susceptus</strong></span> <span class='ocrx_word' id='word_1_186' title='bbox 1060 1719 1273 1773; x_wconf 83' lang='lat' dir='ltr'><strong>visitarenturet</strong></span> <span class='ocrx_word' id='word_1_187' title='bbox 1297 1722 1478 1790; x_wconf 83' lang='lat' dir='ltr'><strong>ungerentur,</strong></span> <span class='ocrx_word' id='word_1_188' title='bbox 1504 1712 1706 1769; x_wconf 87' lang='lat' dir='ltr'><strong>defunctorum</strong></span> <span class='ocrx_word' id='word_1_189' title='bbox 1723 1712 1805 1767; x_wconf 90' lang='lat' dir='ltr'><strong>etiam</strong></span> <span class='ocrx_word' id='word_1_190' title='bbox 1816 1726 1870 1767; x_wconf 90' lang='lat' dir='ltr'><strong>cor·</strong></span> 
     </span>
     <span class='ocr_line' id='line_1_17' title="bbox 203 1803 1871 1918; baseline 0.001 -63"><span class='ocrx_word' id='word_1_191' title='bbox 203 1810 404 1873; x_wconf 89' lang='lat' dir='ltr'><strong>est,qnantum</strong></span> <span class='ocrx_word' id='word_1_192' title='bbox 434 1803 488 1858; x_wconf 93' lang='lat' dir='ltr'><strong>illis</strong></span> <span class='ocrx_word' id='word_1_193' title='bbox 515 1804 562 1875; x_wconf 89' lang='lat' dir='ltr'><strong>qui</strong></span> <span class='ocrx_word' id='word_1_194' title='bbox 590 1804 628 1858; x_wconf 92' lang='lat' dir='ltr'><strong>ibi</strong></span> <span class='ocrx_word' id='word_1_195' title='bbox 649 1805 808 1880; x_wconf 89' lang='lat' dir='ltr'><strong>cougregati</strong></span> <span class='ocrx_word' id='word_1_196' title='bbox 838 1811 903 1859; x_wconf 92' lang='lat' dir='ltr'><strong>sunt</strong></span> <span class='ocrx_word' id='word_1_197' title='bbox 922 1805 1244 1918; x_wconf 75' lang='lat' dir='ltr'><strong>virtusBporaquanta</strong></span> <span class='ocrx_word' id='word_1_198' title='bbox 1275 1807 1468 1877; x_wconf 88' lang='lat' dir='ltr'><strong>compassione</strong></span> <span class='ocrx_word' id='word_1_199' title='bbox 1497 1804 1649 1876; x_wconf 88' lang='lat' dir='ltr'><strong>sepulturis</strong></span> <span class='ocrx_word' id='word_1_200' title='bbox 1676 1803 1871 1867; x_wconf 89' lang='lat' dir='ltr'><strong>traderentnr;</strong></span> 
     </span>
     <span class='ocr_line' id='line_1_18' title="bbox 202 1891 1872 1971; baseline -0.001 -25"><span class='ocrx_word' id='word_1_201' title='bbox 202 1893 376 1963; x_wconf 87' lang='lat' dir='ltr'><strong>suppetebat.</strong></span> <span class='ocrx_word' id='word_1_202' title='bbox 407 1895 501 1950; x_wconf 89' lang='lat' dir='ltr'><strong>Statim</strong></span> <span class='ocrx_word' id='word_1_203' title='bbox 519 1911 584 1951; x_wconf 88' lang='lat' dir='ltr'><strong>vero</strong></span> <span class='ocrx_word' id='word_1_204' title='bbox 614 1896 697 1950; x_wconf 86' lang='lat' dir='ltr'><strong>missa</strong></span> <span class='ocrx_word' id='word_1_205' title='bbox 724 1896 863 1952; x_wconf 84' lang='lat' dir='ltr'><strong>celebrata</strong></span> <span class='ocrx_word' id='word_1_206' title='bbox 890 1913 919 1951; x_wconf 88' lang='grc' dir='ltr'><strong>ιιι</strong></span> <span class='ocrx_word' id='word_1_207' title='bbox 947 1912 1012 1953; x_wconf 93' lang='lat' dir='ltr'><strong>con·</strong></span> <span class='ocrx_word' id='word_1_208' title='bbox 1062 1899 1182 1971; x_wconf 93' lang='lat' dir='ltr'><strong>qualiter</strong></span> <span class='ocrx_word' id='word_1_209' title='bbox 1198 1898 1233 1953; x_wconf 93' lang='lat' dir='ltr'><strong>de</strong></span> <span class='ocrx_word' id='word_1_210' title='bbox 1252 1896 1369 1953; x_wconf 84' lang='lat' dir='ltr'><strong>decimis</strong></span> <span class='ocrx_word' id='word_1_211' title='bbox 1394 1903 1422 1950; x_wconf 93' lang='lat' dir='ltr'><strong>et</strong></span> <span class='ocrx_word' id='word_1_212' title='bbox 1443 1893 1633 1950; x_wconf 85' lang='lat' dir='ltr'><strong>oblationibus</strong></span> <span class='ocrx_word' id='word_1_213' title='bbox 1665 1891 1793 1947; x_wconf 90' lang='lat' dir='ltr'><strong>fidelium</strong></span> <span class='ocrx_word' id='word_1_214' title='bbox 1813 1906 1872 1960; x_wconf 85' lang='lat' dir='ltr'><strong>pau-</strong></span> 
     </span>
     <span class='ocr_line' id='line_1_19' title="bbox 111 1973 1869 2061; baseline -0.002 -21"><span class='ocrx_word' id='word_1_215' title='bbox 111 1973 117 1983; x_wconf 83' lang='grc'><strong>’</strong></span> <span class='ocrx_word' id='word_1_216' title='bbox 204 1985 267 2040; x_wconf 93' lang='lat' dir='ltr'><strong>cilio</strong></span> <span class='ocrx_word' id='word_1_217' title='bbox 281 1986 439 2053; x_wconf 90' lang='lat' dir='ltr'><strong>considens,</strong></span> <span class='ocrx_word' id='word_1_218' title='bbox 461 1988 593 2058; x_wconf 92' lang='lat' dir='ltr'><strong>populum</strong></span> <span class='ocrx_word' id='word_1_219' title='bbox 609 1995 672 2043; x_wconf 89' lang='lat' dir='ltr'><strong>ante</strong></span> <span class='ocrx_word' id='word_1_220' title='bbox 694 2004 725 2043; x_wconf 89' lang='lat' dir='ltr'><strong>se</strong></span> <span class='ocrx_word' id='word_1_221' title='bbox 741 1989 832 2044; x_wconf 92' lang='lat' dir='ltr'><strong>vocari</strong></span> <span class='ocrx_word' id='word_1_222' title='bbox 853 1989 927 2055; x_wconf 90' lang='lat' dir='ltr'><strong>fecit,</strong></span> <span class='ocrx_word' id='word_1_223' title='bbox 944 2004 1011 2058; x_wconf 89' lang='lat' dir='ltr'><strong>pru·</strong></span> <span class='ocrx_word' id='word_1_224' title='bbox 1062 1999 1187 2061; x_wconf 87' lang='lat' dir='ltr'><strong>pereset</strong></span> <span class='ocrx_word' id='word_1_225' title='bbox 1212 1989 1322 2045; x_wconf 89' lang='lat' dir='ltr'><strong>debiles</strong></span> <span class='ocrx_word' id='word_1_226' title='bbox 1350 1992 1552 2051; x_wconf 87' lang='lat' dir='ltr'><strong>recrearentur,</strong></span> <span class='ocrx_word' id='word_1_227' title='bbox 1576 1984 1672 2039; x_wconf 91' lang='lat' dir='ltr'><strong>viduis</strong></span> <span class='ocrx_word' id='word_1_228' title='bbox 1701 1992 1728 2039; x_wconf 92' lang='lat' dir='ltr'><strong>et</strong></span> <span class='ocrx_word' id='word_1_229' title='bbox 1744 1984 1869 2054; x_wconf 89' lang='lat' dir='ltr'><strong>orphanis</strong></span> 
     </span>
     <span class='ocr_line' id='line_1_20' title="bbox 200 2073 1871 2152; baseline 0.001 -25"><span class='ocrx_word' id='word_1_230' title='bbox 200 2073 396 2146; x_wconf 86' lang='lat' dir='ltr'><strong>dentioresque</strong></span> <span class='ocrx_word' id='word_1_231' title='bbox 419 2083 446 2130; x_wconf 92' lang='lat' dir='ltr'><strong>el</strong></span> <span class='ocrx_word' id='word_1_232' title='bbox 461 2077 618 2131; x_wconf 85' lang='lat' dir='ltr'><strong>veraciores</strong></span> <span class='ocrx_word' id='word_1_233' title='bbox 645 2086 817 2133; x_wconf 87' lang='lat' dir='ltr'><strong>sacramento</strong></span> <span class='ocrx_word' id='word_1_234' title='bbox 837 2078 1009 2152; x_wconf 85' lang='lat' dir='ltr'><strong>interrogare</strong></span> <span class='ocrx_word' id='word_1_235' title='bbox 1061 2082 1088 2136; x_wconf 90' lang='lat' dir='ltr'><strong>in</strong></span> <span class='ocrx_word' id='word_1_236' title='bbox 1104 2082 1239 2137; x_wconf 89' lang='lat' dir='ltr'><strong>universis</strong></span> <span class='ocrx_word' id='word_1_237' title='bbox 1255 2077 1472 2135; x_wconf 88' lang='lat' dir='ltr'><strong>necessitatibus</strong></span> <span class='ocrx_word' id='word_1_238' title='bbox 1494 2077 1678 2132; x_wconf 86' lang='lat' dir='ltr'><strong>subvenirent</strong></span> <span class='ocrx_word' id='word_1_239' title='bbox 1695 2093 1703 2141; x_wconf 88' lang='lat'>;</span> <span class='ocrx_word' id='word_1_240' title='bbox 1720 2085 1871 2147; x_wconf 86' lang='lat' dir='ltr'><strong>quantoque</strong></span> 
     </span>
     <span class='ocr_line' id='line_1_21' title="bbox 201 2162 1870 2243; baseline 0.005 -26"><span class='ocrx_word' id='word_1_241' title='bbox 201 2162 343 2234; x_wconf 83' lang='lat' dir='ltr'><strong>praecepit,</strong></span> <span class='ocrx_word' id='word_1_242' title='bbox 359 2181 420 2235; x_wconf 83' lang='lat' dir='ltr'><strong>quae</strong></span> <span class='ocrx_word' id='word_1_243' title='bbox 449 2165 476 2220; x_wconf 90' lang='lat' dir='ltr'><strong>iu</strong></span> <span class='ocrx_word' id='word_1_244' title='bbox 496 2165 542 2220; x_wconf 95' lang='lat' dir='ltr'><strong>illa</strong></span> <span class='ocrx_word' id='word_1_245' title='bbox 572 2166 701 2236; x_wconf 88' lang='lat' dir='ltr'><strong>parochia</strong></span> <span class='ocrx_word' id='word_1_246' title='bbox 716 2167 911 2222; x_wconf 89' lang='lat' dir='ltr'><strong>emendatione</strong></span> <span class='ocrx_word' id='word_1_247' title='bbox 925 2167 1009 2240; x_wconf 88' lang='lat' dir='ltr'><strong>digna</strong></span> <span class='ocrx_word' id='word_1_248' title='bbox 1059 2174 1152 2229; x_wconf 90' lang='lat' dir='ltr'><strong>studio</strong></span> <span class='ocrx_word' id='word_1_249' title='bbox 1163 2174 1191 2228; x_wconf 93' lang='lat' dir='ltr'><strong>in</strong></span> <span class='ocrx_word' id='word_1_250' title='bbox 1203 2171 1359 2243; x_wconf 90' lang='lat' dir='ltr'><strong>hospitibus</strong></span> <span class='ocrx_word' id='word_1_251' title='bbox 1375 2179 1402 2225; x_wconf 90' lang='lat' dir='ltr'><strong>ct</strong></span> <span class='ocrx_word' id='word_1_252' title='bbox 1415 2167 1647 2224; x_wconf 83' lang='lat' dir='ltr'><strong>advenisChristo</strong></span> <span class='ocrx_word' id='word_1_253' title='bbox 1666 2167 1870 2225; x_wconf 83' lang='lat' dir='ltr'><strong>ministrarent:</strong></span> 
     </span>
     <span class='ocr_line' id='line_1_22' title="bbox 200 2253 1870 2329; baseline -0.002 -21"><span class='ocrx_word' id='word_1_254' title='bbox 200 2253 325 2320; x_wconf 87' lang='lat' dir='ltr'><strong>fuissent,</strong></span> <span class='ocrx_word' id='word_1_255' title='bbox 345 2263 373 2312; x_wconf 90' lang='lat' dir='ltr'><strong>ct</strong></span> <span class='ocrx_word' id='word_1_256' title='bbox 399 2264 495 2312; x_wconf 90' lang='lat' dir='ltr'><strong>contra</strong></span> <span class='ocrx_word' id='word_1_257' title='bbox 522 2258 584 2325; x_wconf 88' lang='lat' dir='ltr'><strong>jura</strong></span> <span class='ocrx_word' id='word_1_258' title='bbox 610 2257 822 2313; x_wconf 84' lang='lat' dir='ltr'><strong>Christianitatis</strong></span> <span class='ocrx_word' id='word_1_259' title='bbox 850 2264 1008 2329; x_wconf 77' lang='lat' dir='ltr'><strong>perpetrata</strong></span> <span class='ocrx_word' id='word_1_260' title='bbox 1058 2262 1081 2316; x_wconf 91' lang='lat' dir='ltr'><strong>si</strong></span> <span class='ocrx_word' id='word_1_261' title='bbox 1099 2261 1326 2316; x_wconf 86' lang='lat' dir='ltr'><strong>subintroductas</strong></span> <span class='ocrx_word' id='word_1_262' title='bbox 1354 2258 1484 2313; x_wconf 85' lang='lat' dir='ltr'><strong>mulieres</strong></span> <span class='ocrx_word' id='word_1_263' title='bbox 1507 2271 1602 2312; x_wconf 86' lang='lat' dir='ltr'><strong>secum</strong></span> <span class='ocrx_word' id='word_1_264' title='bbox 1637 2254 1813 2321; x_wconf 83' lang='lat' dir='ltr'><strong>habuissent,</strong></span> <span class='ocrx_word' id='word_1_265' title='bbox 1845 2259 1870 2308; x_wconf 88' lang='lat' dir='ltr'><strong>et</strong></span> 
     </span>
     <span class='ocr_line' id='line_1_23' title="bbox 198 2346 1872 2422; baseline -0.007 -12"><span class='ocrx_word' id='word_1_266' title='bbox 198 2352 319 2416; x_wconf 66' lang='grc'><strong>1111101111,</strong></span> <span class='ocrx_word' id='word_1_267' title='bbox 335 2351 364 2400; x_wconf 91' lang='lat' dir='ltr'><strong>ut</strong></span> <span class='ocrx_word' id='word_1_268' title='bbox 389 2346 414 2401; x_wconf 94' lang='lat' dir='ltr'><strong>ei</strong></span> <span class='ocrx_word' id='word_1_269' title='bbox 434 2347 524 2401; x_wconf 90' lang='lat' dir='ltr'><strong>veraci</strong></span> <span class='ocrx_word' id='word_1_270' title='bbox 546 2348 633 2401; x_wconf 90' lang='lat' dir='ltr'><strong>relatu</strong></span> <span class='ocrx_word' id='word_1_271' title='bbox 660 2355 725 2402; x_wconf 91' lang='lat' dir='ltr'><strong>nola</strong></span> <span class='ocrx_word' id='word_1_272' title='bbox 755 2348 855 2403; x_wconf 90' lang='lat' dir='ltr'><strong>fierent</strong></span> <span class='ocrx_word' id='word_1_273' title='bbox 875 2347 956 2403; x_wconf 91' lang='lat' dir='ltr'><strong>facta.</strong></span> <span class='ocrx_word' id='word_1_274' title='bbox 974 2347 1007 2402; x_wconf 92' lang='lat' dir='ltr'><strong>Ut</strong></span> <span class='ocrx_word' id='word_1_275' title='bbox 1058 2354 1124 2410; x_wconf 89' lang='lat' dir='ltr'><strong>inde</strong></span> <span class='ocrx_word' id='word_1_276' title='bbox 1152 2353 1256 2409; x_wconf 91' lang='lat' dir='ltr'><strong>crimen</strong></span> <span class='ocrx_word' id='word_1_277' title='bbox 1283 2349 1447 2422; x_wconf 89' lang='lat' dir='ltr'><strong>suspicionis</strong></span> <span class='ocrx_word' id='word_1_278' title='bbox 1468 2348 1625 2403; x_wconf 83' lang='lat' dir='ltr'><strong>inciderent</strong></span> <span class='ocrx_word' id='word_1_279' title='bbox 1645 2365 1653 2412; x_wconf 85' lang='lat'>;</span> <span class='ocrx_word' id='word_1_280' title='bbox 1675 2347 1778 2402; x_wconf 90' lang='lat' dir='ltr'><strong>sicum</strong></span> <span class='ocrx_word' id='word_1_281' title='bbox 1805 2346 1872 2402; x_wconf 91' lang='lat' dir='ltr'><strong>cani·</strong></span> 
     </span>
     <span class='ocr_line' id='line_1_24' title="bbox 199 2429 1870 2514; baseline -0.002 -23"><span class='ocrx_word' id='word_1_282' title='bbox 199 2443 289 2491; x_wconf 92' lang='lat' dir='ltr'><strong>autem</strong></span> <span class='ocrx_word' id='word_1_283' title='bbox 310 2437 345 2491; x_wconf 92' lang='lat' dir='ltr'><strong>ab</strong></span> <span class='ocrx_word' id='word_1_284' title='bbox 364 2438 405 2492; x_wconf 91' lang='lat' dir='ltr'><strong>eis</strong></span> <span class='ocrx_word' id='word_1_285' title='bbox 418 2439 509 2510; x_wconf 91' lang='lat' dir='ltr'><strong>aliqua</strong></span> <span class='ocrx_word' id='word_1_286' title='bbox 521 2455 644 2494; x_wconf 89' lang='lat' dir='ltr'><strong>normam</strong></span> <span class='ocrx_word' id='word_1_287' title='bbox 669 2440 847 2495; x_wconf 89' lang='lat' dir='ltr'><strong>rectitudinis</strong></span> <span class='ocrx_word' id='word_1_288' title='bbox 858 2456 1007 2514; x_wconf 85' lang='lat' dir='ltr'><strong>supergre-</strong></span> <span class='ocrx_word' id='word_1_289' title='bbox 1059 2443 1110 2497; x_wconf 91' lang='lat' dir='ltr'><strong>bus</strong></span> <span class='ocrx_word' id='word_1_290' title='bbox 1136 2441 1179 2496; x_wconf 90' lang='lat' dir='ltr'><strong>vel</strong></span> <span class='ocrx_word' id='word_1_291' title='bbox 1205 2439 1383 2510; x_wconf 84' lang='lat' dir='ltr'><strong>accipitribus</strong></span> <span class='ocrx_word' id='word_1_292' title='bbox 1425 2437 1587 2493; x_wconf 89' lang='lat' dir='ltr'><strong>venationes</strong></span> <span class='ocrx_word' id='word_1_293' title='bbox 1629 2442 1823 2508; x_wconf 88' lang='lat' dir='ltr'><strong>sequerentur.</strong></span> <span class='ocrx_word' id='word_1_294' title='bbox 1847 2429 1870 2488; x_wconf 87' lang='lat' dir='ltr'><strong>si</strong></span> 
     </span>
     <span class='ocr_line' id='line_1_25' title="bbox 201 2517 1871 2600; baseline -0.002 -20"><span class='ocrx_word' id='word_1_295' title='bbox 201 2526 305 2581; x_wconf 90' lang='lat' dir='ltr'><strong>dientia</strong></span> <span class='ocrx_word' id='word_1_296' title='bbox 323 2528 434 2600; x_wconf 89' lang='lat' dir='ltr'><strong>cognita</strong></span> <span class='ocrx_word' id='word_1_297' title='bbox 463 2529 579 2594; x_wconf 91' lang='lat' dir='ltr'><strong>audivit,</strong></span> <span class='ocrx_word' id='word_1_298' title='bbox 595 2529 655 2584; x_wconf 91' lang='lat' dir='ltr'><strong>sine</strong></span> <span class='ocrx_word' id='word_1_299' title='bbox 684 2529 863 2599; x_wconf 89' lang='lat' dir='ltr'><strong>perceptione</strong></span> <span class='ocrx_word' id='word_1_300' title='bbox 878 2544 1009 2600; x_wconf 89' lang='lat' dir='ltr'><strong>persona·</strong></span> <span class='ocrx_word' id='word_1_301' title='bbox 1060 2531 1189 2586; x_wconf 86' lang='lat' dir='ltr'><strong>tabernas</strong></span> <span class='ocrx_word' id='word_1_302' title='bbox 1207 2544 1291 2584; x_wconf 84' lang='lat' dir='ltr'><strong>cansa</strong></span> <span class='ocrx_word' id='word_1_303' title='bbox 1320 2527 1421 2583; x_wconf 91' lang='lat' dir='ltr'><strong>edendi</strong></span> <span class='ocrx_word' id='word_1_304' title='bbox 1450 2526 1494 2581; x_wconf 93' lang='lat' dir='ltr'><strong>vel</strong></span> <span class='ocrx_word' id='word_1_305' title='bbox 1509 2525 1628 2581; x_wconf 87' lang='lat' dir='ltr'><strong>bibendi</strong></span> <span class='ocrx_word' id='word_1_306' title='bbox 1639 2517 1871 2598; x_wconf 73' lang='lat' dir='ltr'><strong>ingrederentur³</strong></span> 
     </span>
     <span class='ocr_line' id='line_1_26' title="bbox 204 2616 1873 2692; baseline -0.002 -18"><span class='ocrx_word' id='word_1_307' title='bbox 204 2637 263 2675; x_wconf 92' lang='lat' dir='ltr'><strong>rum</strong></span> <span class='ocrx_word' id='word_1_308' title='bbox 278 2620 578 2687; x_wconf 80' lang='lat' dir='ltr'><strong>sccundumjudtcium</strong></span> <span class='ocrx_word' id='word_1_309' title='bbox 607 2621 781 2688; x_wconf 88' lang='lat' dir='ltr'><strong>clericorum,</strong></span> <span class='ocrx_word' id='word_1_310' title='bbox 810 2622 844 2676; x_wconf 93' lang='lat' dir='ltr'><strong>ad</strong></span> <span class='ocrx_word' id='word_1_311' title='bbox 873 2621 1008 2677; x_wconf 89' lang='lat' dir='ltr'><strong>tramitem</strong></span> <span class='ocrx_word' id='word_1_312' title='bbox 1060 2623 1084 2677; x_wconf 91' lang='lat' dir='ltr'><strong>si</strong></span> <span class='ocrx_word' id='word_1_313' title='bbox 1097 2632 1192 2692; x_wconf 91' lang='lat' dir='ltr'><strong>turpes</strong></span> <span class='ocrx_word' id='word_1_314' title='bbox 1216 2621 1296 2691; x_wconf 87' lang='lat' dir='ltr'><strong>jocos</strong></span> <span class='ocrx_word' id='word_1_315' title='bbox 1324 2621 1352 2674; x_wconf 92' lang='lat' dir='ltr'><strong>in</strong></span> <span class='ocrx_word' id='word_1_316' title='bbox 1380 2634 1430 2674; x_wconf 86' lang='lat' dir='ltr'><strong>usu</strong></span> <span class='ocrx_word' id='word_1_317' title='bbox 1454 2618 1616 2682; x_wconf 86' lang='lat' dir='ltr'><strong>baberent;</strong></span> <span class='ocrx_word' id='word_1_318' title='bbox 1642 2616 1667 2671; x_wconf 90' lang='lat' dir='ltr'><strong>si</strong></span> <span class='ocrx_word' id='word_1_319' title='bbox 1683 2616 1833 2671; x_wconf 87' lang='lat' dir='ltr'><strong>ebrietates</strong></span> <span class='ocrx_word' id='word_1_320' title='bbox 1849 2624 1873 2670; x_wconf 80' lang='lat' dir='ltr'><strong>rt</strong></span> 
     </span>
     <span class='ocr_line' id='line_1_27' title="bbox 202 2708 1870 2784; baseline -0.002 -19"><span class='ocrx_word' id='word_1_321' title='bbox 202 2710 388 2775; x_wconf 90' lang='lat' dir='ltr'><strong>rectitudinis,</strong></span> <span class='ocrx_word' id='word_1_322' title='bbox 417 2716 562 2782; x_wconf 89' lang='lat' dir='ltr'><strong>quantum,</strong></span> <span class='ocrx_word' id='word_1_323' title='bbox 590 2712 773 2782; x_wconf 89' lang='lat' dir='ltr'><strong>omnipotenti</strong></span> <span class='ocrx_word' id='word_1_324' title='bbox 806 2713 861 2768; x_wconf 88' lang='lat' dir='ltr'><strong>lleo</strong></span> <span class='ocrx_word' id='word_1_325' title='bbox 885 2713 1009 2784; x_wconf 85' lang='lat' dir='ltr'><strong>juvante,</strong></span> <span class='ocrx_word' id='word_1_326' title='bbox 1061 2713 1280 2771; x_wconf 86' lang='lat' dir='ltr'><strong>comessationes</strong></span> <span class='ocrx_word' id='word_1_327' title='bbox 1307 2727 1390 2782; x_wconf 90' lang='lat' dir='ltr'><strong>supra</strong></span> <span class='ocrx_word' id='word_1_328' title='bbox 1420 2709 1533 2765; x_wconf 91' lang='lat' dir='ltr'><strong>modum</strong></span> <span class='ocrx_word' id='word_1_329' title='bbox 1557 2716 1711 2770; x_wconf 79' lang='lat' dir='ltr'><strong>amarent:</strong></span> <span class='ocrx_word' id='word_1_330' title='bbox 1736 2709 1759 2762; x_wconf 88' lang='lat' dir='ltr'><strong>si</strong></span> <span class='ocrx_word' id='word_1_331' title='bbox 1775 2708 1870 2763; x_wconf 84' lang='lat' dir='ltr'><strong>rixisct</strong></span> 
     </span>
     <span class='ocr_line' id='line_1_28' title="bbox 203 2797 1871 2872; baseline -0.001 -18"><span class='ocrx_word' id='word_1_332' title='bbox 203 2798 300 2868; x_wconf 89' lang='lat' dir='ltr'><strong>potuit,</strong></span> <span class='ocrx_word' id='word_1_333' title='bbox 317 2799 456 2853; x_wconf 87' lang='lat' dir='ltr'><strong>retrahere</strong></span> <span class='ocrx_word' id='word_1_334' title='bbox 482 2797 631 2868; x_wconf 78' lang='lat' dir='ltr'><strong>festinavit,</strong></span> <span class='ocrx_word' id='word_1_335' title='bbox 646 2807 674 2856; x_wconf 92' lang='lat' dir='ltr'><strong>et</strong></span> <span class='ocrx_word' id='word_1_336' title='bbox 702 2801 772 2856; x_wconf 88' lang='lat' dir='ltr'><strong>male</strong></span> <span class='ocrx_word' id='word_1_337' title='bbox 801 2801 935 2872; x_wconf 88' lang='lat' dir='ltr'><strong>pullulata</strong></span> <span class='ocrx_word' id='word_1_338' title='bbox 949 2818 1012 2857; x_wconf 91' lang='lat' dir='ltr'><strong>sur·</strong></span> <span class='ocrx_word' id='word_1_339' title='bbox 1063 2804 1288 2862; x_wconf 87' lang='lat' dir='ltr'><strong>contentionibus</strong></span> <span class='ocrx_word' id='word_1_340' title='bbox 1296 2809 1324 2858; x_wconf 94' lang='lat' dir='ltr'><strong>ct</strong></span> <span class='ocrx_word' id='word_1_341' title='bbox 1334 2801 1560 2858; x_wconf 87' lang='lat' dir='ltr'><strong>aemulationibus</strong></span> <span class='ocrx_word' id='word_1_342' title='bbox 1574 2799 1751 2856; x_wconf 90' lang='lat' dir='ltr'><strong>deservirent</strong></span> <span class='ocrx_word' id='word_1_343' title='bbox 1769 2819 1778 2865; x_wconf 81' lang='lat'>3</span> <span class='ocrx_word' id='word_1_344' title='bbox 1792 2800 1814 2854; x_wconf 90' lang='lat' dir='ltr'><strong>si</strong></span> <span class='ocrx_word' id='word_1_345' title='bbox 1825 2815 1871 2853; x_wconf 90' lang='lat' dir='ltr'><strong>nu-</strong></span> 
     </span>
     <span class='ocr_line' id='line_1_29' title="bbox 203 2887 1872 2968; baseline 0 -26"><span class='ocrx_word' id='word_1_346' title='bbox 203 2887 404 2944; x_wconf 89' lang='lat' dir='ltr'><strong>culavitiomm</strong></span> <span class='ocrx_word' id='word_1_347' title='bbox 426 2887 551 2944; x_wconf 77' lang='lat' dir='ltr'><strong>falcastro</strong></span> <span class='ocrx_word' id='word_1_348' title='bbox 575 2888 653 2944; x_wconf 90' lang='lat' dir='ltr'><strong>verbi</strong></span> <span class='ocrx_word' id='word_1_349' title='bbox 683 2891 730 2945; x_wconf 87' lang='lat' dir='ltr'><strong>llei</strong></span> <span class='ocrx_word' id='word_1_350' title='bbox 756 2892 957 2948; x_wconf 89' lang='lat' dir='ltr'><strong>studiosissime</strong></span> <span class='ocrx_word' id='word_1_351' title='bbox 971 2909 1015 2948; x_wconf 90' lang='lat' dir='ltr'><strong>re·</strong></span> <span class='ocrx_word' id='word_1_352' title='bbox 1065 2893 1319 2968; x_wconf 84' lang='lat' dir='ltr'><strong>ptiissaecularibus</strong></span> <span class='ocrx_word' id='word_1_353' title='bbox 1346 2892 1530 2953; x_wconf 76' lang='lat' dir='ltr'><strong>interessent:</strong></span> <span class='ocrx_word' id='word_1_354' title='bbox 1551 2889 1594 2944; x_wconf 87' lang='lat' dir='ltr'><strong>vel</strong></span> <span class='ocrx_word' id='word_1_355' title='bbox 1620 2889 1644 2944; x_wconf 91' lang='lat' dir='ltr'><strong>si</strong></span> <span class='ocrx_word' id='word_1_356' title='bbox 1671 2888 1758 2961; x_wconf 87' lang='lat' dir='ltr'><strong>aliqui</strong></span> <span class='ocrx_word' id='word_1_357' title='bbox 1787 2904 1872 2944; x_wconf 88' lang='lat' dir='ltr'><strong>eorum</strong></span> 
     </span>
     <span class='ocr_line' id='line_1_30' title="bbox 203 2977 1867 3061; baseline -0.004 -24"><span class='ocrx_word' id='word_1_358' title='bbox 203 2998 309 3046; x_wconf 87' lang='lat' dir='ltr'><strong>secare,</strong></span> <span class='ocrx_word' id='word_1_359' title='bbox 338 2999 372 3037; x_wconf 90' lang='lat' dir='ltr'><strong>ne</strong></span> <span class='ocrx_word' id='word_1_360' title='bbox 396 2984 514 3058; x_wconf 85' lang='lat' dir='ltr'><strong>virgulta</strong></span> <span class='ocrx_word' id='word_1_361' title='bbox 538 2986 671 3040; x_wconf 88' lang='lat' dir='ltr'><strong>malorum</strong></span> <span class='ocrx_word' id='word_1_362' title='bbox 700 2987 858 3060; x_wconf 88' lang='lat' dir='ltr'><strong>germinum</strong></span> <span class='ocrx_word' id='word_1_363' title='bbox 891 2994 1013 3061; x_wconf 81' lang='lat' dir='ltr'><strong>segetem</strong></span> <span class='ocrx_word' id='word_1_364' title='bbox 1065 2982 1220 3040; x_wconf 91' lang='lat' dir='ltr'><strong>ministeria</strong></span> <span class='ocrx_word' id='word_1_365' title='bbox 1246 2979 1405 3036; x_wconf 86' lang='lat' dir='ltr'><strong>indecentia</strong></span> <span class='ocrx_word' id='word_1_366' title='bbox 1433 2977 1683 3034; x_wconf 89' lang='lat' dir='ltr'><strong>inconsuetudine</strong></span> <span class='ocrx_word' id='word_1_367' title='bbox 1716 2978 1867 3037; x_wconf 84' lang='lat' dir='ltr'><strong>haberent:</strong></span> 
     </span>
     <span class='ocr_line' id='line_1_31' title="bbox 204 3068 1868 3145; baseline -0.004 -18"><span class='ocrx_word' id='word_1_368' title='bbox 204 3073 302 3128; x_wconf 84' lang='lat' dir='ltr'><strong>Christi</strong></span> <span class='ocrx_word' id='word_1_369' title='bbox 317 3074 369 3128; x_wconf 93' lang='lat' dir='ltr'><strong>sibi</strong></span> <span class='ocrx_word' id='word_1_370' title='bbox 383 3076 557 3129; x_wconf 89' lang='lat' dir='ltr'><strong>commissam</strong></span> <span class='ocrx_word' id='word_1_371' title='bbox 584 3074 721 3131; x_wconf 86' lang='lat' dir='ltr'><strong>suffocare</strong></span> <span class='ocrx_word' id='word_1_372' title='bbox 737 3077 881 3132; x_wconf 91' lang='lat' dir='ltr'><strong>licentiam</strong></span> <span class='ocrx_word' id='word_1_373' title='bbox 899 3078 1013 3133; x_wconf 86' lang='lat' dir='ltr'><strong>habuis·</strong></span> <span class='ocrx_word' id='word_1_374' title='bbox 1065 3074 1087 3128; x_wconf 91' lang='lat' dir='ltr'><strong>si</strong></span> <span class='ocrx_word' id='word_1_375' title='bbox 1102 3088 1152 3145; x_wconf 89' lang='lat' dir='ltr'><strong>per</strong></span> <span class='ocrx_word' id='word_1_376' title='bbox 1167 3070 1310 3135; x_wconf 76' lang='lat' dir='ltr'><strong>Kalendas,</strong></span> <span class='ocrx_word' id='word_1_377' title='bbox 1337 3083 1415 3124; x_wconf 93' lang='lat' dir='ltr'><strong>more</strong></span> <span class='ocrx_word' id='word_1_378' title='bbox 1443 3075 1651 3122; x_wconf 88' lang='lat' dir='ltr'><strong>autecessorum</strong></span> <span class='ocrx_word' id='word_1_379' title='bbox 1685 3076 1811 3131; x_wconf 90' lang='lat' dir='ltr'><strong>suorum,</strong></span> <span class='ocrx_word' id='word_1_380' title='bbox 1840 3068 1868 3121; x_wconf 88' lang='lat' dir='ltr'><strong>ad</strong></span> 
     </span>
     <span class='ocr_line' id='line_1_32' title="bbox 203 3159 1870 3233; baseline -0.001 -17"><span class='ocrx_word' id='word_1_381' title='bbox 203 3169 265 3216; x_wconf 90' lang='lat' dir='ltr'><strong>sent</strong></span> <span class='ocrx_word' id='word_1_382' title='bbox 281 3168 327 3227; x_wconf 72' lang='lat' dir='ltr'><strong>,et</strong></span> <span class='ocrx_word' id='word_1_383' title='bbox 341 3161 446 3216; x_wconf 91' lang='lat' dir='ltr'><strong>morbis</strong></span> <span class='ocrx_word' id='word_1_384' title='bbox 461 3162 591 3217; x_wconf 89' lang='lat' dir='ltr'><strong>vitiorum</strong></span> <span class='ocrx_word' id='word_1_385' title='bbox 619 3164 763 3233; x_wconf 88' lang='lat' dir='ltr'><strong>aptissima</strong></span> <span class='ocrx_word' id='word_1_386' title='bbox 778 3165 899 3221; x_wconf 87' lang='lat' dir='ltr'><strong>fomenta</strong></span> <span class='ocrx_word' id='word_1_387' title='bbox 915 3183 1011 3222; x_wconf 91' lang='lat' dir='ltr'><strong>emen·</strong></span> <span class='ocrx_word' id='word_1_388' title='bbox 1064 3167 1123 3220; x_wconf 90' lang='lat' dir='ltr'><strong>loca</strong></span> <span class='ocrx_word' id='word_1_389' title='bbox 1138 3170 1237 3219; x_wconf 89' lang='lat' dir='ltr'><strong>statuta</strong></span> <span class='ocrx_word' id='word_1_390' title='bbox 1265 3161 1456 3227; x_wconf 88' lang='lat' dir='ltr'><strong>convenirent,</strong></span> <span class='ocrx_word' id='word_1_391' title='bbox 1486 3159 1583 3231; x_wconf 90' lang='lat' dir='ltr'><strong>ibique</strong></span> <span class='ocrx_word' id='word_1_392' title='bbox 1610 3161 1711 3216; x_wconf 87' lang='lat' dir='ltr'><strong>solitas</strong></span> <span class='ocrx_word' id='word_1_393' title='bbox 1739 3161 1870 3215; x_wconf 88' lang='lat' dir='ltr'><strong>orationes</strong></span> 
     </span>
     <span class='ocr_line' id='line_1_33' title="bbox 204 3252 1868 3329; baseline 0.004 -23"><span class='ocrx_word' id='word_1_394' title='bbox 204 3252 344 3306; x_wconf 85' lang='lat' dir='ltr'><strong>dationem</strong></span> <span class='ocrx_word' id='word_1_395' title='bbox 380 3253 519 3322; x_wconf 89' lang='lat' dir='ltr'><strong>opposuit,</strong></span> <span class='ocrx_word' id='word_1_396' title='bbox 536 3254 584 3308; x_wconf 91' lang='lat' dir='ltr'><strong>sed</strong></span> <span class='ocrx_word' id='word_1_397' title='bbox 608 3263 700 3309; x_wconf 87' lang='lat' dir='ltr'><strong>tamen</strong></span> <span class='ocrx_word' id='word_1_398' title='bbox 725 3257 880 3312; x_wconf 88' lang='lat' dir='ltr'><strong>secundum</strong></span> <span class='ocrx_word' id='word_1_399' title='bbox 895 3258 1012 3314; x_wconf 86' lang='lat' dir='ltr'><strong>verbum</strong></span> <span class='ocrx_word' id='word_1_400' title='bbox 1066 3258 1221 3329; x_wconf 83' lang='lat' dir='ltr'><strong>explerent,</strong></span> <span class='ocrx_word' id='word_1_401' title='bbox 1235 3269 1353 3327; x_wconf 89' lang='lat' dir='ltr'><strong>suasque</strong></span> <span class='ocrx_word' id='word_1_402' title='bbox 1367 3253 1501 3309; x_wconf 82' lang='lat' dir='ltr'><strong>Ecclesias</strong></span> <span class='ocrx_word' id='word_1_403' title='bbox 1519 3252 1553 3308; x_wconf 90' lang='lat' dir='ltr'><strong>ad</strong></span> <span class='ocrx_word' id='word_1_404' title='bbox 1568 3260 1683 3324; x_wconf 88' lang='lat' dir='ltr'><strong>tempus</strong></span> <span class='ocrx_word' id='word_1_405' title='bbox 1704 3257 1868 3319; x_wconf 78' lang='lat' dir='ltr'><strong>reviserent:</strong></span> 
     </span>
     <span class='ocr_line' id='line_1_34' title="bbox 204 3334 1868 3422; baseline 0.011 -34"><span class='ocrx_word' id='word_1_406' title='bbox 204 3334 251 3389; x_wconf 86' lang='lat' dir='ltr'><strong>[lei</strong></span> <span class='ocrx_word' id='word_1_407' title='bbox 267 3336 405 3392; x_wconf 88' lang='lat' dir='ltr'><strong>dicentis:</strong></span> <span class='ocrx_word' id='word_1_408' title='bbox 421 3341 522 3406; x_wconf 66' lang='lat' dir='ltr'><strong>Arene,</strong></span> <span class='ocrx_word' id='word_1_409' title='bbox 542 3342 663 3407; x_wconf 86' lang='lat' dir='ltr'><strong>obsecro,</strong></span> <span class='ocrx_word' id='word_1_410' title='bbox 692 3345 803 3414; x_wconf 81' lang='lat' dir='ltr'><strong>increpo</strong></span> <span class='ocrx_word' id='word_1_411' title='bbox 828 3348 858 3400; x_wconf 81' lang='lat' dir='ltr'><strong>iu</strong></span> <span class='ocrx_word' id='word_1_412' title='bbox 875 3349 1015 3416; x_wconf 84' lang='lat' dir='ltr'><strong>omm&#39;pc-</strong></span> <span class='ocrx_word' id='word_1_413' title='bbox 1064 3352 1088 3406; x_wconf 92' lang='lat' dir='ltr'><strong>si</strong></span> <span class='ocrx_word' id='word_1_414' title='bbox 1114 3349 1302 3406; x_wconf 89' lang='lat' dir='ltr'><strong>obedientiam</strong></span> <span class='ocrx_word' id='word_1_415' title='bbox 1330 3363 1425 3403; x_wconf 89' lang='lat' dir='ltr'><strong>eorum</strong></span> <span class='ocrx_word' id='word_1_416' title='bbox 1457 3347 1595 3422; x_wconf 85' lang='lat' dir='ltr'><strong>magistris</strong></span> <span class='ocrx_word' id='word_1_417' title='bbox 1626 3347 1828 3418; x_wconf 69' lang='lat' dir='ltr'><strong>prebuissent,</strong></span> <span class='ocrx_word' id='word_1_418' title='bbox 1847 3358 1868 3405; x_wconf 90' lang='lat' dir='ltr'><strong>et</strong></span> 
     </span>
     <span class='ocr_line' id='line_1_35' title="bbox 204 3426 1867 3524; baseline -0.001 -25"><span class='ocrx_word' id='word_1_419' title='bbox 204 3426 532 3524; x_wconf 50' lang='lat' dir='ltr'><strong>‘fffff‘aefdffffl&#39;fflffl</strong></span> <span class='ocrx_word' id='word_1_420' title='bbox 554 3431 622 3485; x_wconf 63' lang='lat' dir='ltr'><strong><em>Tim·</em></strong></span> <span class='ocrx_word' id='word_1_421' title='bbox 640 3434 687 3501; x_wconf 72' lang='lat' dir='ltr'><strong>¹Vl·</strong></span> <span class='ocrx_word' id='word_1_422' title='bbox 715 3432 751 3486; x_wconf 64' lang='lat' dir='ltr'><strong>Et</strong></span> <span class='ocrx_word' id='word_1_423' title='bbox 780 3448 844 3488; x_wconf 72' lang='lat' dir='ltr'><strong>veto</strong></span> <span class='ocrx_word' id='word_1_424' title='bbox 870 3449 931 3505; x_wconf 72' lang='lat' dir='ltr'>(111ae</span> <span class='ocrx_word' id='word_1_425' title='bbox 959 3435 1013 3490; x_wconf 71' lang='lat' dir='ltr'><strong>dif-</strong></span> <span class='ocrx_word' id='word_1_426' title='bbox 1065 3445 1093 3499; x_wconf 90' lang='lat' dir='ltr'><strong>in</strong></span> <span class='ocrx_word' id='word_1_427' title='bbox 1116 3450 1173 3499; x_wconf 91' lang='lat' dir='ltr'><strong>toto</strong></span> <span class='ocrx_word' id='word_1_428' title='bbox 1196 3458 1248 3498; x_wconf 93' lang='lat' dir='ltr'><strong>suo</strong></span> <span class='ocrx_word' id='word_1_429' title='bbox 1270 3441 1425 3497; x_wconf 89' lang='lat' dir='ltr'><strong>ministerio</strong></span> <span class='ocrx_word' id='word_1_430' title='bbox 1455 3440 1545 3496; x_wconf 90' lang='lat' dir='ltr'><strong>devoti</strong></span> <span class='ocrx_word' id='word_1_431' title='bbox 1573 3442 1674 3512; x_wconf 92' lang='lat' dir='ltr'><strong>etapti</strong></span> <span class='ocrx_word' id='word_1_432' title='bbox 1694 3450 1867 3498; x_wconf 89' lang='lat' dir='ltr'><strong>manerestu·</strong></span> 
     </span>
     <span class='ocr_line' id='line_1_36' title="bbox 205 3513 1865 3608; baseline 0.014 -42"><span class='ocrx_word' id='word_1_433' title='bbox 205 3513 289 3568; x_wconf 86' lang='lat' dir='ltr'><strong>lrcilra</strong></span> <span class='ocrx_word' id='word_1_434' title='bbox 304 3522 332 3568; x_wconf 89' lang='lat' dir='ltr'><strong>et</strong></span> <span class='ocrx_word' id='word_1_435' title='bbox 346 3515 546 3586; x_wconf 91' lang='lat' dir='ltr'><strong>insuperabilia</strong></span> <span class='ocrx_word' id='word_1_436' title='bbox 573 3518 708 3574; x_wconf 89' lang='lat' dir='ltr'><strong>ministris</strong></span> <span class='ocrx_word' id='word_1_437' title='bbox 736 3522 794 3576; x_wconf 93' lang='lat' dir='ltr'><strong>suis</strong></span> <span class='ocrx_word' id='word_1_438' title='bbox 824 3538 886 3578; x_wconf 90' lang='lat' dir='ltr'><strong>csse</strong></span> <span class='ocrx_word' id='word_1_439' title='bbox 912 3524 947 3578; x_wconf 88' lang='lat' dir='ltr'><strong>ab</strong></span> <span class='ocrx_word' id='word_1_440' title='bbox 972 3526 1013 3580; x_wconf 89' lang='lat' dir='ltr'><strong>eis</strong></span> <span class='ocrx_word' id='word_1_441' title='bbox 1064 3536 1198 3590; x_wconf 67' lang='lat' dir='ltr'><strong>(tuissent,</strong></span> <span class='ocrx_word' id='word_1_442' title='bbox 1220 3534 1410 3605; x_wconf 77' lang='lat' dir='ltr'><strong>Responsione</strong></span> <span class='ocrx_word' id='word_1_443' title='bbox 1436 3541 1528 3588; x_wconf 91' lang='lat' dir='ltr'><strong>autern</strong></span> <span class='ocrx_word' id='word_1_444' title='bbox 1544 3532 1580 3587; x_wconf 93' lang='lat' dir='ltr'><strong>de</strong></span> <span class='ocrx_word' id='word_1_445' title='bbox 1594 3531 1781 3608; x_wconf 86' lang='lat' dir='ltr'><strong>interrogatis</strong></span> <span class='ocrx_word' id='word_1_446' title='bbox 1795 3536 1865 3599; x_wconf 85' lang='lat' dir='ltr'><strong>facta,</strong></span> 
     </span>
     <span class='ocr_line' id='line_1_37' title="bbox 203 3608 1867 3695; baseline 0.003 -20"><span class='ocrx_word' id='word_1_447' title='bbox 203 3608 347 3679; x_wconf 90' lang='lat' dir='ltr'><strong>comperit,</strong></span> <span class='ocrx_word' id='word_1_448' title='bbox 364 3609 392 3663; x_wconf 72' lang='grc'><strong>111</strong></span> <span class='ocrx_word' id='word_1_449' title='bbox 425 3611 572 3681; x_wconf 64' lang='grc' dir='ltr'><strong>1111118111ῑί8</strong></span> <span class='ocrx_word' id='word_1_450' title='bbox 595 3613 648 3678; x_wconf 68' lang='lat' dir='ltr'><strong>sui,</strong></span> <span class='ocrx_word' id='word_1_451' title='bbox 671 3615 794 3670; x_wconf 72' lang='lat' dir='ltr'><strong>Omnium</strong></span> <span class='ocrx_word' id='word_1_452' title='bbox 818 3633 881 3672; x_wconf 79' lang='lat' dir='ltr'><strong>cum</strong></span> <span class='ocrx_word' id='word_1_453' title='bbox 902 3633 935 3673; x_wconf 70' lang='lat'><strong>00</strong></span> <span class='ocrx_word' id='word_1_454' title='bbox 953 3634 1011 3674; x_wconf 74' lang='grc'><strong>11111·</strong></span> <span class='ocrx_word' id='word_1_455' title='bbox 1063 3634 1090 3682; x_wconf 91' lang='lat' dir='ltr'><strong>et</strong></span> <span class='ocrx_word' id='word_1_456' title='bbox 1102 3627 1209 3682; x_wconf 87' lang='lat' dir='ltr'><strong>ratione</strong></span> <span class='ocrx_word' id='word_1_457' title='bbox 1232 3625 1358 3681; x_wconf 88' lang='lat' dir='ltr'><strong>veritatis</strong></span> <span class='ocrx_word' id='word_1_458' title='bbox 1380 3629 1520 3695; x_wconf 88' lang='lat' dir='ltr'><strong>percepta,</strong></span> <span class='ocrx_word' id='word_1_459' title='bbox 1546 3623 1687 3679; x_wconf 90' lang='lat' dir='ltr'><strong>stantibus</strong></span> <span class='ocrx_word' id='word_1_460' title='bbox 1714 3624 1744 3679; x_wconf 91' lang='lat' dir='ltr'><strong>in</strong></span> <span class='ocrx_word' id='word_1_461' title='bbox 1769 3626 1867 3682; x_wconf 87' lang='lat' dir='ltr'><strong>rectitu-</strong></span> 
     </span>
     <span class='ocr_line' id='line_1_38' title="bbox 203 3701 1861 3787; baseline 0.007 -33"><span class='ocrx_word' id='word_1_462' title='bbox 203 3701 339 3767; x_wconf 87' lang='lat' dir='ltr'><strong>nentium,</strong></span> <span class='ocrx_word' id='word_1_463' title='bbox 359 3701 509 3771; x_wconf 80' lang='lat' dir='ltr'><strong>adjutorio,</strong></span> <span class='ocrx_word' id='word_1_464' title='bbox 526 3711 654 3774; x_wconf 90' lang='lat' dir='ltr'><strong>percauta</strong></span> <span class='ocrx_word' id='word_1_465' title='bbox 683 3706 838 3764; x_wconf 88' lang='lat' dir='ltr'><strong>directione</strong></span> <span class='ocrx_word' id='word_1_466' title='bbox 853 3708 925 3764; x_wconf 91' lang='lat' dir='ltr'><strong>finiri</strong></span> <span class='ocrx_word' id='word_1_467' title='bbox 942 3726 1010 3767; x_wconf 94' lang='lat' dir='ltr'><strong>con-</strong></span> <span class='ocrx_word' id='word_1_468' title='bbox 1061 3716 1127 3770; x_wconf 87' lang='lat' dir='ltr'><strong>dine</strong></span> <span class='ocrx_word' id='word_1_469' title='bbox 1158 3713 1326 3769; x_wconf 75' lang='lat' dir='ltr'><strong>dulcissima</strong></span> <span class='ocrx_word' id='word_1_470' title='bbox 1352 3710 1551 3768; x_wconf 84' lang='lat' dir='ltr'><strong>consolationis</strong></span> <span class='ocrx_word' id='word_1_471' title='bbox 1576 3712 1668 3786; x_wconf 89' lang='lat' dir='ltr'><strong>gratia</strong></span> <span class='ocrx_word' id='word_1_472' title='bbox 1697 3712 1861 3787; x_wconf 85' lang='lat' dir='ltr'><strong>gratificavit,</strong></span> 
     </span>
     <span class='ocr_line' id='line_1_39' title="bbox 202 3791 1861 3874; baseline 0.005 -28"><span class='ocrx_word' id='word_1_473' title='bbox 202 3791 299 3847; x_wconf 90' lang='lat' dir='ltr'><strong>tendit.</strong></span> <span class='ocrx_word' id='word_1_474' title='bbox 316 3793 382 3857; x_wconf 77' lang='lat' dir='ltr'><strong>Quae</strong></span> <span class='ocrx_word' id='word_1_475' title='bbox 393 3801 483 3849; x_wconf 90' lang='lat' dir='ltr'><strong>aulem</strong></span> <span class='ocrx_word' id='word_1_476' title='bbox 496 3795 530 3849; x_wconf 88' lang='lat' dir='ltr'><strong>ab</strong></span> <span class='ocrx_word' id='word_1_477' title='bbox 545 3795 585 3850; x_wconf 90' lang='lat' dir='ltr'><strong>eis</strong></span> <span class='ocrx_word' id='word_1_478' title='bbox 600 3796 660 3851; x_wconf 90' lang='lat' dir='ltr'><strong>sine</strong></span> <span class='ocrx_word' id='word_1_479' title='bbox 675 3797 877 3856; x_wconf 91' lang='lat' dir='ltr'><strong>obtrectatione</strong></span> <span class='ocrx_word' id='word_1_480' title='bbox 893 3800 1009 3859; x_wconf 89' lang='lat' dir='ltr'><strong>aliorum</strong></span> <span class='ocrx_word' id='word_1_481' title='bbox 1061 3813 1088 3860; x_wconf 92' lang='lat' dir='ltr'><strong>et</strong></span> <span class='ocrx_word' id='word_1_482' title='bbox 1110 3812 1139 3858; x_wconf 87' lang='lat' dir='ltr'><strong>ut</strong></span> <span class='ocrx_word' id='word_1_483' title='bbox 1160 3804 1294 3874; x_wconf 90' lang='lat' dir='ltr'><strong>deinceps</strong></span> <span class='ocrx_word' id='word_1_484' title='bbox 1318 3818 1333 3856; x_wconf 87' lang='lat' dir='ltr'><strong>a</strong></span> <span class='ocrx_word' id='word_1_485' title='bbox 1357 3817 1453 3857; x_wconf 90' lang='lat' dir='ltr'><strong>norma</strong></span> <span class='ocrx_word' id='word_1_486' title='bbox 1478 3800 1593 3868; x_wconf 79' lang='lat' dir='ltr'><strong>iustitiae</strong></span> <span class='ocrx_word' id='word_1_487' title='bbox 1622 3817 1680 3856; x_wconf 92' lang='lat' dir='ltr'><strong>non</strong></span> <span class='ocrx_word' id='word_1_488' title='bbox 1721 3803 1861 3863; x_wconf 89' lang='lat' dir='ltr'><strong>deviarent,</strong></span> 
     </span>
     <span class='ocr_line' id='line_1_40' title="bbox 203 3883 1862 3963; baseline 0.004 -27"><span class='ocrx_word' id='word_1_489' title='bbox 203 3883 230 3937; x_wconf 90' lang='lat' dir='ltr'><strong>in</strong></span> <span class='ocrx_word' id='word_1_490' title='bbox 259 3891 361 3940; x_wconf 91' lang='lat' dir='ltr'><strong>statum</strong></span> <span class='ocrx_word' id='word_1_491' title='bbox 385 3886 558 3941; x_wconf 91' lang='lat' dir='ltr'><strong>rectitudinis</strong></span> <span class='ocrx_word' id='word_1_492' title='bbox 578 3889 713 3945; x_wconf 90' lang='lat' dir='ltr'><strong>convertit</strong></span> <span class='ocrx_word' id='word_1_493' title='bbox 742 3893 891 3962; x_wconf 88' lang='lat' dir='ltr'><strong>persensit,</strong></span> <span class='ocrx_word' id='word_1_494' title='bbox 915 3910 1010 3950; x_wconf 93' lang='lat' dir='ltr'><strong>corum</strong></span> <span class='ocrx_word' id='word_1_495' title='bbox 1061 3891 1287 3963; x_wconf 90' lang='lat' dir='ltr'><strong>suavicolloquio</strong></span> <span class='ocrx_word' id='word_1_496' title='bbox 1307 3889 1470 3954; x_wconf 89' lang='lat' dir='ltr'><strong>admonuit;</strong></span> <span class='ocrx_word' id='word_1_497' title='bbox 1492 3903 1610 3943; x_wconf 89' lang='lat' dir='ltr'><strong>errones</strong></span> <span class='ocrx_word' id='word_1_498' title='bbox 1632 3895 1727 3944; x_wconf 92' lang='lat' dir='ltr'><strong>autem</strong></span> <span class='ocrx_word' id='word_1_499' title='bbox 1750 3908 1800 3961; x_wconf 90' lang='lat' dir='ltr'><strong>per</strong></span> <span class='ocrx_word' id='word_1_500' title='bbox 1823 3891 1862 3944; x_wconf 90' lang='lat' dir='ltr'><strong>de·</strong></span> 
     </span>
     <span class='ocr_line' id='line_1_41' title="bbox 205 3976 1858 4061; baseline 0.004 -29"><span class='ocrx_word' id='word_1_501' title='bbox 205 3976 332 4050; x_wconf 88' lang='lat' dir='ltr'><strong>regimini</strong></span> <span class='ocrx_word' id='word_1_502' title='bbox 357 3976 555 4048; x_wconf 86' lang='lat' dir='ltr'><strong>perficiendum</strong></span> <span class='ocrx_word' id='word_1_503' title='bbox 585 3978 700 4036; x_wconf 88' lang='lat' dir='ltr'><strong>firmiter</strong></span> <span class='ocrx_word' id='word_1_504' title='bbox 728 3984 939 4040; x_wconf 87' lang='lat' dir='ltr'><strong>commendavit.</strong></span> <span class='ocrx_word' id='word_1_505' title='bbox 962 3987 1011 4043; x_wconf 93' lang='lat' dir='ltr'><strong>lllo</strong></span> <span class='ocrx_word' id='word_1_506' title='bbox 1061 3994 1104 4048; x_wconf 79' lang='lat' dir='ltr'><strong>via</strong></span> <span class='ocrx_word' id='word_1_507' title='bbox 1120 3991 1283 4048; x_wconf 83' lang='lat' dir='ltr'><strong>incedentes</strong></span> <span class='ocrx_word' id='word_1_508' title='bbox 1295 3988 1402 4050; x_wconf 88' lang='lat' dir='ltr'><strong>fratres,</strong></span> <span class='ocrx_word' id='word_1_509' title='bbox 1417 3986 1509 4061; x_wconf 93' lang='lat' dir='ltr'><strong>dignis</strong></span> <span class='ocrx_word' id='word_1_510' title='bbox 1522 3985 1621 4041; x_wconf 88' lang='lat' dir='ltr'><strong>terruit</strong></span> <span class='ocrx_word' id='word_1_511' title='bbox 1636 3989 1858 4059; x_wconf 88' lang='lat' dir='ltr'><strong>correptionibus,</strong></span> 
     </span>
     <span class='ocr_line' id='line_1_42' title="bbox 203 4070 1860 4149; baseline 0.007 -28"><span class='ocrx_word' id='word_1_512' title='bbox 203 4075 306 4134; x_wconf 88' lang='lat' dir='ltr'><strong>autem,</strong></span> <span class='ocrx_word' id='word_1_513' title='bbox 334 4084 456 4141; x_wconf 89' lang='lat' dir='ltr'><strong>sequens</strong></span> <span class='ocrx_word' id='word_1_514' title='bbox 482 4070 603 4146; x_wconf 88' lang='lat' dir='ltr'><strong>regulam</strong></span> <span class='ocrx_word' id='word_1_515' title='bbox 630 4072 672 4126; x_wconf 89' lang='lat' dir='ltr'><strong>sui</strong></span> <span class='ocrx_word' id='word_1_516' title='bbox 707 4073 862 4142; x_wconf 88' lang='lat' dir='ltr'><strong>ministerii,</strong></span> <span class='ocrx_word' id='word_1_517' title='bbox 892 4076 1011 4148; x_wconf 87' lang='lat' dir='ltr'><strong>Spiritus</strong></span> <span class='ocrx_word' id='word_1_518' title='bbox 1061 4089 1088 4137; x_wconf 90' lang='lat' dir='ltr'><strong>el</strong></span> <span class='ocrx_word' id='word_1_519' title='bbox 1117 4089 1146 4136; x_wconf 90' lang='lat' dir='ltr'><strong>ut</strong></span> <span class='ocrx_word' id='word_1_520' title='bbox 1173 4086 1269 4149; x_wconf 91' lang='lat' dir='ltr'><strong>postea</strong></span> <span class='ocrx_word' id='word_1_521' title='bbox 1299 4082 1431 4133; x_wconf 88' lang='lat' dir='ltr'><strong>consueta</strong></span> <span class='ocrx_word' id='word_1_522' title='bbox 1453 4074 1521 4129; x_wconf 91' lang='lat' dir='ltr'><strong>vitia</strong></span> <span class='ocrx_word' id='word_1_523' title='bbox 1553 4075 1730 4142; x_wconf 87' lang='lat' dir='ltr'><strong>omitterent,</strong></span> <span class='ocrx_word' id='word_1_524' title='bbox 1771 4092 1860 4148; x_wconf 67' lang='lat' dir='ltr'><strong>prace-</strong></span> 
     </span>
     <span class='ocr_line' id='line_1_43' title="bbox 203 4157 1111 4245; baseline 0.015 -36"><span class='ocrx_word' id='word_1_525' title='bbox 203 4157 406 4213; x_wconf 87' lang='lat' dir='ltr'><strong>sanctidonum</strong></span> <span class='ocrx_word' id='word_1_526' title='bbox 424 4160 526 4230; x_wconf 91' lang='lat' dir='ltr'><strong>populo</strong></span> <span class='ocrx_word' id='word_1_527' title='bbox 546 4160 580 4214; x_wconf 92' lang='lat' dir='ltr'><strong>ad</strong></span> <span class='ocrx_word' id='word_1_528' title='bbox 609 4163 661 4216; x_wconf 87' lang='lat' dir='ltr'><strong>lioc</strong></span> <span class='ocrx_word' id='word_1_529' title='bbox 685 4161 751 4217; x_wconf 90' lang='lat' dir='ltr'><strong>illud</strong></span> <span class='ocrx_word' id='word_1_530' title='bbox 767 4173 945 4240; x_wconf 82' lang='lat' dir='ltr'><strong>congregato,</strong></span> <span class='ocrx_word' id='word_1_531' title='bbox 966 4183 1010 4223; x_wconf 92' lang='lat' dir='ltr'><strong>sa·</strong></span> <span class='ocrx_word' id='word_1_532' title='bbox 1062 4173 1111 4245; x_wconf 88' lang='lat' dir='ltr'><strong>pit.</strong></span> 
     </span>
    </p>

    <p class='ocr_par' dir='ltr' id='par_1_3' title="bbox 202 4244 1861 5698">
     <span class='ocr_line' id='line_1_44' title="bbox 202 4244 1859 4345; baseline 0.009 -42"><span class='ocrx_word' id='word_1_533' title='bbox 202 4264 255 4345; x_wconf 83' lang='lat' dir='ltr'><strong>crae</strong></span> <span class='ocrx_word' id='word_1_534' title='bbox 282 4249 420 4305; x_wconf 91' lang='lat' dir='ltr'><strong>unctionis</strong></span> <span class='ocrx_word' id='word_1_535' title='bbox 448 4250 685 4307; x_wconf 87' lang='lat' dir='ltr'><strong>confirmationem</strong></span> <span class='ocrx_word' id='word_1_536' title='bbox 719 4255 824 4311; x_wconf 89' lang='lat' dir='ltr'><strong>studuit</strong></span> <span class='ocrx_word' id='word_1_537' title='bbox 852 4257 1007 4329; x_wconf 90' lang='lat' dir='ltr'><strong>imponere.</strong></span> <span class='ocrx_word' id='word_1_538' title='bbox 1095 4267 1150 4321; x_wconf 84' lang='lat' dir='ltr'><strong>Vll.</strong></span> <span class='ocrx_word' id='word_1_539' title='bbox 1169 4265 1269 4321; x_wconf 78' lang='lat' dir='ltr'><strong>Horum</strong></span> <span class='ocrx_word' id='word_1_540' title='bbox 1299 4269 1390 4318; x_wconf 90' lang='lat' dir='ltr'><strong>autem</strong></span> <span class='ocrx_word' id='word_1_541' title='bbox 1411 4261 1458 4333; x_wconf 90' lang='lat' dir='ltr'><strong>qui</strong></span> <span class='ocrx_word' id='word_1_542' title='bbox 1482 4261 1510 4316; x_wconf 93' lang='lat' dir='ltr'><strong>in</strong></span> <span class='ocrx_word' id='word_1_543' title='bbox 1536 4274 1588 4315; x_wconf 91' lang='lat' dir='ltr'><strong>suo</strong></span> <span class='ocrx_word' id='word_1_544' title='bbox 1613 4244 1780 4334; x_wconf 84' lang='lat' dir='ltr'><strong>episcopatu</strong></span> <span class='ocrx_word' id='word_1_545' title='bbox 1806 4279 1859 4335; x_wconf 81' lang='lat' dir='ltr'><strong>pro</strong></span> 
     </span>
     <span class='ocr_line' id='line_1_45' title="bbox 203 4335 1859 4433; baseline 0.013 -43"><span class='ocrx_word' id='word_1_546' title='bbox 203 4335 232 4390; x_wconf 89' lang='lat' dir='ltr'><strong>St</strong></span> <span class='ocrx_word' id='word_1_547' title='bbox 257 4343 347 4391; x_wconf 89' lang='lat' dir='ltr'><strong>autem</strong></span> <span class='ocrx_word' id='word_1_548' title='bbox 374 4339 415 4392; x_wconf 84' lang='lat' dir='ltr'><strong>liis</strong></span> <span class='ocrx_word' id='word_1_549' title='bbox 440 4339 532 4394; x_wconf 89' lang='lat' dir='ltr'><strong>adhuc</strong></span> <span class='ocrx_word' id='word_1_550' title='bbox 564 4340 733 4412; x_wconf 80' lang='lat' dir='ltr'><strong>imperfectis</strong></span> <span class='ocrx_word' id='word_1_551' title='bbox 753 4359 805 4400; x_wconf 84' lang='lat' dir='ltr'><strong>nox</strong></span> <span class='ocrx_word' id='word_1_552' title='bbox 824 4345 906 4402; x_wconf 86' lang='lat' dir='ltr'><strong>solito</strong></span> <span class='ocrx_word' id='word_1_553' title='bbox 933 4363 1009 4404; x_wconf 93' lang='lat' dir='ltr'><strong>more</strong></span> <span class='ocrx_word' id='word_1_554' title='bbox 1061 4360 1190 4433; x_wconf 67' lang='lat' dir='ltr'><strong>prietates</strong></span> <span class='ocrx_word' id='word_1_555' title='bbox 1215 4357 1365 4422; x_wconf 79' lang='lat' dir='ltr'><strong>habebant,</strong></span> <span class='ocrx_word' id='word_1_556' title='bbox 1395 4355 1522 4428; x_wconf 86' lang='lat' dir='ltr'><strong>quisquis</strong></span> <span class='ocrx_word' id='word_1_557' title='bbox 1549 4353 1750 4430; x_wconf 87' lang='lat' dir='ltr'><strong>religiosorum</strong></span> <span class='ocrx_word' id='word_1_558' title='bbox 1765 4365 1859 4428; x_wconf 89' lang='lat' dir='ltr'><strong>propter</strong></span> 
     </span>
     <span class='ocr_line' id='line_1_46' title="bbox 204 4426 1857 4514; baseline 0.001 -18"><span class='ocrx_word' id='word_1_559' title='bbox 204 4426 360 4499; x_wconf 62' lang='lat' dir='ltr'><strong>subrepens</strong></span> <span class='ocrx_word' id='word_1_560' title='bbox 387 4431 509 4496; x_wconf 67' lang='grc'><strong>3111111111,</strong></span> <span class='ocrx_word' id='word_1_561' title='bbox 546 4447 581 4487; x_wconf 77' lang='lat' dir='ltr'><strong>ne</strong></span> <span class='ocrx_word' id='word_1_562' title='bbox 625 4433 718 4506; x_wconf 79' lang='lat' dir='ltr'><strong>aliqua</strong></span> <span class='ocrx_word' id='word_1_563' title='bbox 745 4452 808 4507; x_wconf 90' lang='lat' dir='ltr'><strong>pars</strong></span> <span class='ocrx_word' id='word_1_564' title='bbox 835 4438 927 4494; x_wconf 90' lang='lat' dir='ltr'><strong>ovium</strong></span> <span class='ocrx_word' id='word_1_565' title='bbox 956 4442 1008 4496; x_wconf 90' lang='lat' dir='ltr'><strong>sibi</strong></span> <span class='ocrx_word' id='word_1_566' title='bbox 1059 4463 1180 4503; x_wconf 87' lang='lat' dir='ltr'><strong>amorem</strong></span> <span class='ocrx_word' id='word_1_567' title='bbox 1202 4445 1299 4500; x_wconf 83' lang='lat' dir='ltr'><strong>Christi</strong></span> <span class='ocrx_word' id='word_1_568' title='bbox 1319 4444 1464 4500; x_wconf 88' lang='lat' dir='ltr'><strong>ecclesiam</strong></span> <span class='ocrx_word' id='word_1_569' title='bbox 1487 4458 1657 4512; x_wconf 89' lang='lat' dir='ltr'><strong>componere</strong></span> <span class='ocrx_word' id='word_1_570' title='bbox 1687 4445 1857 4514; x_wconf 81' lang='lat' dir='ltr'><strong>cupiebatet</strong></span> 
     </span>
     <span class='ocr_line' id='line_1_47' title="bbox 205 4524 1859 4607; baseline 0.007 -30"><span class='ocrx_word' id='word_1_571' title='bbox 205 4524 414 4580; x_wconf 88' lang='lat' dir='ltr'><strong>commissarum</strong></span> <span class='ocrx_word' id='word_1_572' title='bbox 434 4525 599 4583; x_wconf 90' lang='lat' dir='ltr'><strong>detrimento</strong></span> <span class='ocrx_word' id='word_1_573' title='bbox 626 4530 790 4600; x_wconf 89' lang='lat' dir='ltr'><strong>privationis</strong></span> <span class='ocrx_word' id='word_1_574' title='bbox 811 4535 932 4590; x_wconf 87' lang='lat' dir='ltr'><strong>coeleslis</strong></span> <span class='ocrx_word' id='word_1_575' title='bbox 943 4536 1008 4591; x_wconf 93' lang='lat' dir='ltr'><strong>doni</strong></span> <span class='ocrx_word' id='word_1_576' title='bbox 1060 4557 1122 4596; x_wconf 91' lang='lat' dir='ltr'><strong>cum</strong></span> <span class='ocrx_word' id='word_1_577' title='bbox 1147 4553 1278 4594; x_wconf 88' lang='lat' dir='ltr'><strong>concessa</strong></span> <span class='ocrx_word' id='word_1_578' title='bbox 1305 4536 1416 4591; x_wconf 91' lang='lat' dir='ltr'><strong>licentia</strong></span> <span class='ocrx_word' id='word_1_579' title='bbox 1442 4536 1477 4589; x_wconf 93' lang='lat' dir='ltr'><strong>ab</strong></span> <span class='ocrx_word' id='word_1_580' title='bbox 1503 4535 1602 4589; x_wconf 89' lang='lat' dir='ltr'><strong>eodem</strong></span> <span class='ocrx_word' id='word_1_581' title='bbox 1618 4543 1719 4591; x_wconf 89' lang='lat' dir='ltr'><strong>sancto</strong></span> <span class='ocrx_word' id='word_1_582' title='bbox 1743 4538 1859 4607; x_wconf 88' lang='lat' dir='ltr'><strong>episcopo</strong></span> 
     </span>
     <span class='ocr_line' id='line_1_48' title="bbox 205 4618 1859 4694; baseline 0.005 -24"><span class='ocrx_word' id='word_1_583' title='bbox 205 4624 374 4690; x_wconf 86' lang='lat' dir='ltr'><strong>gravaretur,</strong></span> <span class='ocrx_word' id='word_1_584' title='bbox 391 4618 511 4674; x_wconf 89' lang='lat' dir='ltr'><strong>incensis</strong></span> <span class='ocrx_word' id='word_1_585' title='bbox 537 4621 717 4678; x_wconf 89' lang='lat' dir='ltr'><strong>luminaribus</strong></span> <span class='ocrx_word' id='word_1_586' title='bbox 732 4624 760 4678; x_wconf 93' lang='lat' dir='ltr'><strong>in</strong></span> <span class='ocrx_word' id='word_1_587' title='bbox 776 4627 889 4682; x_wconf 90' lang='lat' dir='ltr'><strong>nomine</strong></span> <span class='ocrx_word' id='word_1_588' title='bbox 902 4628 1008 4685; x_wconf 82' lang='lat' dir='ltr'><strong>bomini</strong></span> <span class='ocrx_word' id='word_1_589' title='bbox 1061 4645 1125 4684; x_wconf 89' lang='lat' dir='ltr'><strong>curn</strong></span> <span class='ocrx_word' id='word_1_590' title='bbox 1148 4626 1343 4690; x_wconf 81' lang='lat' dir='ltr'><strong>aedificaverat,</strong></span> <span class='ocrx_word' id='word_1_591' title='bbox 1372 4625 1669 4694; x_wconf 88' lang='lat' dir='ltr'><strong>consecrationemque</strong></span> <span class='ocrx_word' id='word_1_592' title='bbox 1702 4626 1859 4680; x_wconf 85' lang='lat' dir='ltr'><strong>lrabiliten·</strong></span> 
     </span>
     <span class='ocr_line' id='line_1_49' title="bbox 204 4709 1859 4793; baseline 0.005 -31"><span class='ocrx_word' id='word_1_593' title='bbox 204 4716 295 4778; x_wconf 76' lang='lat' dir='ltr'><strong>coeptta</strong></span> <span class='ocrx_word' id='word_1_594' title='bbox 322 4709 456 4780; x_wconf 88' lang='lat' dir='ltr'><strong>perficere</strong></span> <span class='ocrx_word' id='word_1_595' title='bbox 482 4711 641 4768; x_wconf 90' lang='lat' dir='ltr'><strong>decertavit.</strong></span> <span class='ocrx_word' id='word_1_596' title='bbox 662 4714 802 4770; x_wconf 90' lang='lat' dir='ltr'><strong>lnterdum</strong></span> <span class='ocrx_word' id='word_1_597' title='bbox 831 4724 1011 4784; x_wconf 76' lang='lat' dir='ltr'><strong>autemeam</strong></span> <span class='ocrx_word' id='word_1_598' title='bbox 1062 4736 1128 4793; x_wconf 89' lang='lat' dir='ltr'><strong>pore</strong></span> <span class='ocrx_word' id='word_1_599' title='bbox 1140 4721 1173 4774; x_wconf 91' lang='lat' dir='ltr'><strong>ab</strong></span> <span class='ocrx_word' id='word_1_600' title='bbox 1185 4734 1218 4775; x_wconf 93' lang='lat' dir='ltr'><strong>eo</strong></span> <span class='ocrx_word' id='word_1_601' title='bbox 1242 4717 1302 4773; x_wconf 84' lang='lat' dir='ltr'><strong>fieri</strong></span> <span class='ocrx_word' id='word_1_602' title='bbox 1328 4716 1470 4789; x_wconf 87' lang='lat' dir='ltr'><strong>flagitavit,</strong></span> <span class='ocrx_word' id='word_1_603' title='bbox 1485 4715 1629 4786; x_wconf 88' lang='lat' dir='ltr'><strong>aptissime</strong></span> <span class='ocrx_word' id='word_1_604' title='bbox 1649 4719 1859 4790; x_wconf 82' lang='lat' dir='ltr'><strong>uniuscujusque</strong></span> 
     </span>
     <span class='ocr_line' id='line_1_50' title="bbox 204 4796 1861 4882; baseline 0.008 -32"><span class='ocrx_word' id='word_1_605' title='bbox 204 4796 239 4850; x_wconf 95' lang='lat' dir='ltr'><strong>de</strong></span> <span class='ocrx_word' id='word_1_606' title='bbox 263 4796 476 4870; x_wconf 84' lang='lat' dir='ltr'><strong>refragatoribus</strong></span> <span class='ocrx_word' id='word_1_607' title='bbox 497 4800 610 4867; x_wconf 75' lang='lat' dir='ltr'><strong>iustitiae</strong></span> <span class='ocrx_word' id='word_1_608' title='bbox 640 4808 716 4856; x_wconf 87' lang='lat' dir='ltr'><strong>tanta</strong></span> <span class='ocrx_word' id='word_1_609' title='bbox 744 4804 886 4859; x_wconf 89' lang='lat' dir='ltr'><strong>contentio</strong></span> <span class='ocrx_word' id='word_1_610' title='bbox 915 4821 1011 4862; x_wconf 91' lang='lat' dir='ltr'><strong>excre·</strong></span> <span class='ocrx_word' id='word_1_611' title='bbox 1063 4810 1189 4882; x_wconf 87' lang='lat' dir='ltr'><strong>petitioni</strong></span> <span class='ocrx_word' id='word_1_612' title='bbox 1210 4808 1327 4880; x_wconf 84' lang='lat' dir='ltr'><strong>praebuit</strong></span> <span class='ocrx_word' id='word_1_613' title='bbox 1349 4822 1502 4870; x_wconf 90' lang='lat' dir='ltr'><strong>assensum,</strong></span> <span class='ocrx_word' id='word_1_614' title='bbox 1526 4806 1549 4860; x_wconf 91' lang='lat' dir='ltr'><strong>si</strong></span> <span class='ocrx_word' id='word_1_615' title='bbox 1571 4807 1725 4865; x_wconf 87' lang='lat' dir='ltr'><strong>confestim</strong></span> <span class='ocrx_word' id='word_1_616' title='bbox 1747 4811 1861 4866; x_wconf 87' lang='lat' dir='ltr'><strong>illecou-</strong></span> 
     </span>
     <span class='ocr_line' id='line_1_51' title="bbox 204 4887 1861 4971; baseline 0.01 -33"><span class='ocrx_word' id='word_1_617' title='bbox 204 4887 300 4954; x_wconf 81' lang='lat' dir='ltr'><strong>visset,</strong></span> <span class='ocrx_word' id='word_1_618' title='bbox 315 4897 347 4945; x_wconf 90' lang='lat' dir='ltr'><strong>ut</strong></span> <span class='ocrx_word' id='word_1_619' title='bbox 367 4890 519 4946; x_wconf 90' lang='lat' dir='ltr'><strong>decedente</strong></span> <span class='ocrx_word' id='word_1_620' title='bbox 533 4891 588 4958; x_wconf 91' lang='lat' dir='ltr'><strong>die,</strong></span> <span class='ocrx_word' id='word_1_621' title='bbox 606 4893 727 4949; x_wconf 86' lang='lat' dir='ltr'><strong>tenebrae</strong></span> <span class='ocrx_word' id='word_1_622' title='bbox 751 4895 840 4951; x_wconf 89' lang='lat' dir='ltr'><strong>noctis</strong></span> <span class='ocrx_word' id='word_1_623' title='bbox 858 4896 1011 4954; x_wconf 90' lang='lat' dir='ltr'><strong>funderen-</strong></span> <span class='ocrx_word' id='word_1_624' title='bbox 1061 4897 1306 4955; x_wconf 83' lang='lat' dir='ltr'><strong>secrataeecclcsive</strong></span> <span class='ocrx_word' id='word_1_625' title='bbox 1323 4896 1474 4971; x_wconf 87' lang='lat' dir='ltr'><strong>legitimam</strong></span> <span class='ocrx_word' id='word_1_626' title='bbox 1496 4894 1588 4949; x_wconf 91' lang='lat' dir='ltr'><strong>dotem</strong></span> <span class='ocrx_word' id='word_1_627' title='bbox 1615 4896 1644 4952; x_wconf 91' lang='lat' dir='ltr'><strong>iu</strong></span> <span class='ocrx_word' id='word_1_628' title='bbox 1661 4899 1744 4954; x_wconf 87' lang='lat' dir='ltr'><strong>terris</strong></span> <span class='ocrx_word' id='word_1_629' title='bbox 1755 4907 1782 4954; x_wconf 91' lang='lat' dir='ltr'><strong>et</strong></span> <span class='ocrx_word' id='word_1_630' title='bbox 1795 4915 1861 4953; x_wconf 74' lang='lat' dir='ltr'><strong>man</strong></span> 
     </span>
     <span class='ocr_line' id='line_1_52' title="bbox 204 4981 1860 5058; baseline 0.005 -23"><span class='ocrx_word' id='word_1_631' title='bbox 204 4981 420 5046; x_wconf 90' lang='lat' dir='ltr'><strong>turinmundo,</strong></span> <span class='ocrx_word' id='word_1_632' title='bbox 450 4998 484 5036; x_wconf 87' lang='lat' dir='ltr'><strong>ne</strong></span> <span class='ocrx_word' id='word_1_633' title='bbox 514 4998 562 5054; x_wconf 91' lang='lat' dir='ltr'><strong>pro</strong></span> <span class='ocrx_word' id='word_1_634' title='bbox 589 4999 622 5039; x_wconf 90' lang='lat' dir='ltr'><strong>eo</strong></span> <span class='ocrx_word' id='word_1_635' title='bbox 648 4985 767 5042; x_wconf 91' lang='lat' dir='ltr'><strong>concilia</strong></span> <span class='ocrx_word' id='word_1_636' title='bbox 786 4986 854 5042; x_wconf 90' lang='lat' dir='ltr'><strong>inibi</strong></span> <span class='ocrx_word' id='word_1_637' title='bbox 879 4989 1010 5045; x_wconf 86' lang='lat' dir='ltr'><strong>ventilata</strong></span> <span class='ocrx_word' id='word_1_638' title='bbox 1061 4988 1142 5058; x_wconf 93' lang='lat' dir='ltr'><strong>cipiis</strong></span> <span class='ocrx_word' id='word_1_639' title='bbox 1157 4987 1185 5042; x_wconf 92' lang='lat' dir='ltr'><strong>in</strong></span> <span class='ocrx_word' id='word_1_640' title='bbox 1197 5001 1309 5040; x_wconf 90' lang='lat' dir='ltr'><strong>manum</strong></span> <span class='ocrx_word' id='word_1_641' title='bbox 1325 4983 1569 5052; x_wconf 84' lang='lat' dir='ltr'><strong>ejuscelsitudinis</strong></span> <span class='ocrx_word' id='word_1_642' title='bbox 1583 4984 1651 5040; x_wconf 89' lang='lat' dir='ltr'><strong>dare</strong></span> <span class='ocrx_word' id='word_1_643' title='bbox 1665 5002 1724 5042; x_wconf 92' lang='lat' dir='ltr'><strong>non</strong></span> <span class='ocrx_word' id='word_1_644' title='bbox 1740 4986 1860 5050; x_wconf 80' lang='lat' dir='ltr'><strong>differret,</strong></span> 
     </span>
     <span class='ocr_line' id='line_1_53' title="bbox 203 5071 1860 5149; baseline 0.006 -27"><span class='ocrx_word' id='word_1_645' title='bbox 203 5071 553 5138; x_wconf 85' lang='lat' dir='ltr'><strong>remanereutincorrecta,</strong></span> <span class='ocrx_word' id='word_1_646' title='bbox 582 5073 733 5131; x_wconf 90' lang='lat' dir='ltr'><strong>luminibus</strong></span> <span class='ocrx_word' id='word_1_647' title='bbox 748 5077 871 5133; x_wconf 90' lang='lat' dir='ltr'><strong>incensis</strong></span> <span class='ocrx_word' id='word_1_648' title='bbox 902 5080 1011 5149; x_wconf 87' lang='lat' dir='ltr'><strong>regulas</strong></span> <span class='ocrx_word' id='word_1_649' title='bbox 1062 5077 1489 5149; x_wconf 89' lang='lat' dir='ltr'><strong>inconspectuciviumsuorum</strong></span> <span class='ocrx_word' id='word_1_650' title='bbox 1508 5075 1860 5145; x_wconf 84' lang='lat' dir='ltr'><strong>ettestiumveridioorum,</strong></span> 
     </span>
     <span class='ocr_line' id='line_1_54' title="bbox 204 5165 1860 5240; baseline 0.004 -23"><span class='ocrx_word' id='word_1_651' title='bbox 204 5165 351 5219; x_wconf 88' lang='lat' dir='ltr'><strong>canonicas</strong></span> <span class='ocrx_word' id='word_1_652' title='bbox 373 5166 465 5239; x_wconf 87' lang='lat' dir='ltr'><strong>legere</strong></span> <span class='ocrx_word' id='word_1_653' title='bbox 490 5166 630 5237; x_wconf 80' lang='lat' dir='ltr'><strong>praecepit,</strong></span> <span class='ocrx_word' id='word_1_654' title='bbox 665 5176 694 5222; x_wconf 91' lang='lat' dir='ltr'><strong>ut</strong></span> <span class='ocrx_word' id='word_1_655' title='bbox 726 5169 795 5224; x_wconf 88' lang='lat' dir='ltr'><strong>seris</strong></span> <span class='ocrx_word' id='word_1_656' title='bbox 819 5171 934 5237; x_wconf 82' lang='lat' dir='ltr'><strong>justitiae</strong></span> <span class='ocrx_word' id='word_1_657' title='bbox 963 5187 1011 5227; x_wconf 85' lang='lat' dir='ltr'><strong>ora</strong></span> <span class='ocrx_word' id='word_1_658' title='bbox 1062 5178 1202 5240; x_wconf 88' lang='lat' dir='ltr'><strong>nepostea</strong></span> <span class='ocrx_word' id='word_1_659' title='bbox 1225 5177 1310 5240; x_wconf 78' lang='lat' dir='ltr'><strong>gesta</strong></span> <span class='ocrx_word' id='word_1_660' title='bbox 1336 5169 1374 5224; x_wconf 89' lang='lat' dir='ltr'><strong>rei</strong></span> <span class='ocrx_word' id='word_1_661' title='bbox 1400 5168 1501 5223; x_wconf 88' lang='lat' dir='ltr'><strong>veritas</strong></span> <span class='ocrx_word' id='word_1_662' title='bbox 1518 5166 1860 5236; x_wconf 73' lang='lat' dir='ltr'><strong>offuscaretur3eaetian</strong></span> 
     </span>
     <span class='ocr_line' id='line_1_55' title="bbox 204 5255 1861 5332; baseline 0.005 -22"><span class='ocrx_word' id='word_1_663' title='bbox 204 5255 399 5328; x_wconf 85' lang='lat' dir='ltr'><strong>refragatorum</strong></span> <span class='ocrx_word' id='word_1_664' title='bbox 419 5259 619 5329; x_wconf 89' lang='lat' dir='ltr'><strong>oppilarentur,</strong></span> <span class='ocrx_word' id='word_1_665' title='bbox 649 5261 1011 5332; x_wconf 78' lang='lat' dir='ltr'><strong>ctjustisJudiciisomuia</strong></span> <span class='ocrx_word' id='word_1_666' title='bbox 1062 5262 1205 5319; x_wconf 89' lang='lat' dir='ltr'><strong>rationeut</strong></span> <span class='ocrx_word' id='word_1_667' title='bbox 1225 5260 1287 5316; x_wconf 89' lang='lat' dir='ltr'><strong>aliis</strong></span> <span class='ocrx_word' id='word_1_668' title='bbox 1306 5259 1566 5328; x_wconf 79' lang='lat' dir='ltr'><strong>circumiacentibus</strong></span> <span class='ocrx_word' id='word_1_669' title='bbox 1595 5259 1726 5317; x_wconf 88' lang='lat' dir='ltr'><strong>ecclesiis</strong></span> <span class='ocrx_word' id='word_1_670' title='bbox 1748 5263 1861 5332; x_wconf 82' lang='lat' dir='ltr'><strong>juneo·</strong></span> 
     </span>
     <span class='ocr_line' id='line_1_56' title="bbox 205 5344 1860 5421; baseline 0.005 -24"><span class='ocrx_word' id='word_1_671' title='bbox 205 5344 233 5399; x_wconf 93' lang='lat' dir='ltr'><strong>iu</strong></span> <span class='ocrx_word' id='word_1_672' title='bbox 259 5347 306 5403; x_wconf 90' lang='lat' dir='ltr'><strong>llei</strong></span> <span class='ocrx_word' id='word_1_673' title='bbox 342 5349 482 5404; x_wconf 84' lang='lat' dir='ltr'><strong>voluntate</strong></span> <span class='ocrx_word' id='word_1_674' title='bbox 525 5358 793 5408; x_wconf 86' lang='lat' dir='ltr'><strong>consummarentur.</strong></span> <span class='ocrx_word' id='word_1_675' title='bbox 822 5357 888 5409; x_wconf 77' lang='lat' dir='ltr'><strong>tium</strong></span> <span class='ocrx_word' id='word_1_676' title='bbox 917 5363 1011 5411; x_wconf 87' lang='lat' dir='ltr'><strong>autem</strong></span> <span class='ocrx_word' id='word_1_677' title='bbox 1064 5352 1159 5407; x_wconf 89' lang='lat' dir='ltr'><strong>rumin</strong></span> <span class='ocrx_word' id='word_1_678' title='bbox 1188 5349 1365 5405; x_wconf 91' lang='lat' dir='ltr'><strong>nullisrebus</strong></span> <span class='ocrx_word' id='word_1_679' title='bbox 1386 5348 1697 5421; x_wconf 85' lang='lat' dir='ltr'><strong>propterillamuovam</strong></span> <span class='ocrx_word' id='word_1_680' title='bbox 1715 5353 1860 5409; x_wconf 86' lang='lat' dir='ltr'><strong>minueren-</strong></span> 
     </span>
     <span class='ocr_line' id='line_1_57' title="bbox 203 5438 1859 5512; baseline 0.004 -21"><span class='ocrx_word' id='word_1_681' title='bbox 203 5438 341 5510; x_wconf 90' lang='lat' dir='ltr'><strong>completo</strong></span> <span class='ocrx_word' id='word_1_682' title='bbox 353 5440 471 5496; x_wconf 91' lang='lat' dir='ltr'><strong>concilio</strong></span> <span class='ocrx_word' id='word_1_683' title='bbox 499 5442 541 5496; x_wconf 89' lang='lat' dir='ltr'><strong>vel</strong></span> <span class='ocrx_word' id='word_1_684' title='bbox 570 5441 780 5498; x_wconf 89' lang='lat' dir='ltr'><strong>confirmatione</strong></span> <span class='ocrx_word' id='word_1_685' title='bbox 804 5446 838 5500; x_wconf 90' lang='lat' dir='ltr'><strong>ad</strong></span> <span class='ocrx_word' id='word_1_686' title='bbox 867 5449 1010 5503; x_wconf 92' lang='lat' dir='ltr'><strong>mansiun-</strong></span> <span class='ocrx_word' id='word_1_687' title='bbox 1062 5451 1115 5498; x_wconf 88' lang='lat' dir='ltr'><strong>tur.</strong></span> <span class='ocrx_word' id='word_1_688' title='bbox 1127 5440 1395 5510; x_wconf 77' lang='lat' dir='ltr'><strong>consecrationeque</strong></span> <span class='ocrx_word' id='word_1_689' title='bbox 1409 5445 1530 5510; x_wconf 75' lang='lat' dir='ltr'><strong>pamma,</strong></span> <span class='ocrx_word' id='word_1_690' title='bbox 1542 5438 1668 5512; x_wconf 90' lang='lat' dir='ltr'><strong>doteque</strong></span> <span class='ocrx_word' id='word_1_691' title='bbox 1693 5442 1859 5504; x_wconf 74' lang='lat' dir='ltr'><strong>contradicta,</strong></span> 
     </span>
     <span class='ocr_line' id='line_1_58' title="bbox 203 5529 1856 5609; baseline 0.002 -25"><span class='ocrx_word' id='word_1_692' title='bbox 203 5529 280 5584; x_wconf 92' lang='lat' dir='ltr'><strong>culas</strong></span> <span class='ocrx_word' id='word_1_693' title='bbox 294 5531 386 5598; x_wconf 90' lang='lat' dir='ltr'><strong>rediit,</strong></span> <span class='ocrx_word' id='word_1_694' title='bbox 406 5547 507 5603; x_wconf 91' lang='lat' dir='ltr'><strong>eorpus</strong></span> <span class='ocrx_word' id='word_1_695' title='bbox 534 5532 714 5590; x_wconf 91' lang='lat' dir='ltr'><strong>reficiendum</strong></span> <span class='ocrx_word' id='word_1_696' title='bbox 742 5550 797 5590; x_wconf 91' lang='lat' dir='ltr'><strong>non</strong></span> <span class='ocrx_word' id='word_1_697' title='bbox 817 5537 894 5607; x_wconf 89' lang='lat' dir='ltr'><strong>prius</strong></span> <span class='ocrx_word' id='word_1_698' title='bbox 927 5556 1012 5609; x_wconf 86' lang='lat' dir='ltr'><strong>pran-</strong></span> <span class='ocrx_word' id='word_1_699' title='bbox 1061 5536 1241 5608; x_wconf 86' lang='lat' dir='ltr'><strong>comprobato</strong></span> <span class='ocrx_word' id='word_1_700' title='bbox 1252 5534 1310 5590; x_wconf 93' lang='lat' dir='ltr'><strong>illic</strong></span> <span class='ocrx_word' id='word_1_701' title='bbox 1334 5534 1498 5606; x_wconf 86' lang='lat' dir='ltr'><strong>presbytero</strong></span> <span class='ocrx_word' id='word_1_702' title='bbox 1521 5532 1615 5588; x_wconf 88' lang='lat' dir='ltr'><strong>altaris</strong></span> <span class='ocrx_word' id='word_1_703' title='bbox 1644 5537 1856 5606; x_wconf 85' lang='lat' dir='ltr'><strong>procurationem</strong></span> 
     </span>
     <span class='ocr_line' id='line_1_59' title="bbox 207 5614 1859 5698; baseline 0.002 -27"><span class='ocrx_word' id='word_1_704' title='bbox 207 5614 282 5672; x_wconf 91' lang='lat' dir='ltr'><strong>dium</strong></span> <span class='ocrx_word' id='word_1_705' title='bbox 314 5620 443 5695; x_wconf 84' lang='lat' dir='ltr'><strong>gustavit,</strong></span> <span class='ocrx_word' id='word_1_706' title='bbox 466 5637 548 5692; x_wconf 90' lang='lat' dir='ltr'><strong>quam</strong></span> <span class='ocrx_word' id='word_1_707' title='bbox 574 5623 741 5695; x_wconf 88' lang='lat' dir='ltr'><strong>pauperibus</strong></span> <span class='ocrx_word' id='word_1_708' title='bbox 763 5623 947 5698; x_wconf 87' lang='lat' dir='ltr'><strong>eleemosynae</strong></span> <span class='ocrx_word' id='word_1_709' title='bbox 975 5627 1009 5681; x_wconf 92' lang='lat' dir='ltr'><strong>ah</strong></span> <span class='ocrx_word' id='word_1_710' title='bbox 1061 5625 1275 5694; x_wconf 91' lang='lat' dir='ltr'><strong>commendavit,</strong></span> <span class='ocrx_word' id='word_1_711' title='bbox 1303 5630 1330 5680; x_wconf 91' lang='lat' dir='ltr'><strong>ot</strong></span> <span class='ocrx_word' id='word_1_712' title='bbox 1364 5624 1490 5680; x_wconf 82' lang='lat' dir='ltr'><strong>ecclesiae</strong></span> <span class='ocrx_word' id='word_1_713' title='bbox 1518 5623 1732 5682; x_wconf 88' lang='lat' dir='ltr'><strong>advocationem</strong></span> <span class='ocrx_word' id='word_1_714' title='bbox 1762 5623 1859 5680; x_wconf 85' lang='lat' dir='ltr'><strong>firmiter</strong></span> 
     </span>
    </p>
   </div>
   <div class='ocr_carea' id='block_1_3' title="bbox 0 0 1925 6100">
    <p class='ocr_par' dir='ltr' id='par_1_4' title="bbox 0 0 1925 6100">
     <span class='ocr_line' id='line_1_60' title="bbox 0 0 1925 6100; baseline 0 0"><span class='ocrx_word' id='word_1_715' title='bbox 0 0 1925 6100; x_wconf 95' lang='lat' dir='ltr'><strong> </strong></span> 
     </span>
    </p>
   </div>
  </div>
 </body>
</html>
