3848 6106
58 220 115 277 aaa
342 193 537 280 mxxeunnn
556 220 668 280 senon.
691 220 724 278 ru
744 219 829 280 nisu.
849 218 930 279 nex.
951 217 1041 277 eece.
1054 247 1089 260 -
1108 218 1141 276 n
1160 214 1286 276 xronux
1306 214 1448 275 narxuu.
1670 216 1724 278 auo

56 375 172 417 menses
184 357 282 415 iratres
294 360 321 415 in
331 375 381 416 sua
395 362 578 419 conventione
598 362 661 420 ideo
688 363 869 421 nihilominus
880 369 907 440 Α
917 361 1143 434 archiepiscopus
1158 359 1230 415 dirui
1243 359 1316 428 lecit,
1337 360 1448 432 quando
1460 357 1542 415 etiam
1557 357 1617 430 ipse
1632 359 1724 415 eccle·

57 459 252 522 permaneant.
269 450 353 520 liujus
370 467 436 507 vero
451 453 644 509 conventionis
661 454 730 510 ratio
740 453 811 510 iacta
826 464 869 513 cst
919 457 988 513 siam
1003 455 1121 511 duorum
1152 469 1265 510 arcuum
1288 452 1463 527 longitudine
1491 451 1642 523 ampliauit,
1654 458 1681 507 et
1696 451 1725 506 in

56 538 177 596 consilio
187 546 271 611 atquo
281 554 419 595 consensu
429 540 870 615 Widonisarchicpiscopi,Odnl-
919 558 1089 616 unoquoque
1103 543 1189 598 latere
1217 539 1314 598 turrim
1335 557 1419 597 unam
1433 539 1570 596 aedificare
1586 538 1727 595 inchoavit

56 627 109 684 rici
139 626 292 700 praepositi,
322 627 452 683 Riolrardi
477 629 585 698 decani,
617 631 719 686 Odonis
738 633 867 700 cantorie,
919 651 992 692 enno
1006 634 1140 691 incarnati
1156 632 1237 689 Verbi
1255 632 1334 688 tina.
1357 632 1410 688 Sed
1427 632 1558 704 quoniam
1569 630 1603 687 de
1618 629 1724 703 pradi-

56 733 170 773 necnon
194 717 280 773 totius
302 719 536 795 congregationis.
563 722 596 775 nt
620 737 653 775 ex
679 720 765 777 altera
791 730 868 793 parte
919 732 964 782 cta
976 724 1110 797 opinione
1126 723 1202 780 nulla
1221 722 1249 776 in
1275 720 1346 777 libro
1373 720 1519 777 Ftodoardi
1533 720 1637 777 mentio
1648 720 1726 776 inre-

57 808 193 863 similiter
203 822 335 864 concessa
344 816 387 864 est
400 808 451 864 ista
467 809 615 866 conventio
626 810 752 866 Balduini
765 811 868 867 Nouio·
920 818 1004 879 nitar,
1022 817 1158 872 incertam
1175 831 1236 870 esse
1248 813 1370 880 videtur,
1395 812 1470 885 quod
1499 828 1590 884 neque
1609 811 1722 883 scripto,

55 900 165 955 mensis
181 900 306 972 episcopi
319 901 470 968 voluntate,
482 908 565 973 atque
579 902 694 958 consilio
709 903 868 978 lingonenis
919 922 1010 978 neque
1024 913 1091 961 teste
1108 905 1200 976 aliquo
1210 902 1417 974 comprobatur.
1439 900 1522 956 Porro
1531 900 1581 956 iste
1595 899 1726 956 Flndoar·

57 989 215 1060 praepositi,
229 988 472 1056 Rotbertideeuni,
491 991 630 1063 totiusque
646 993 868 1065 congregationis
919 1000 980 1062 dus,
998 1000 1044 1070 qui
1062 999 1144 1068 hujus
1159 998 1253 1069 operis
1277 1004 1320 1052 est
1344 1002 1451 1064 auctor,
1472 993 1727 1066 luitcontempnm.

53 1077 200 1133 communi
216 1076 358 1151 suffragio.
376 1079 493 1149 Insuper
508 1080 590 1134 etiam
606 1090 724 1152 utraque
737 1097 800 1151 pars
818 1097 868 1136 xo·
920 1104 988 1142 neus
1004 1087 1118 1142 llorixaei
1134 1084 1350 1157 archipresulis,
1382 1084 1496 1156 Seulplri
1523 1096 1634 1155 quoque
1645 1089 1728 1156 atque

54 1170 146 1225 lenies
174 1177 284 1242 pactum
307 1169 435 1226 h00f01'0
453 1179 629 1242 perpetuum,
656 1173 792 1245 scriplum
808 1171 868 1227 fieti
920 1181 1036 1248 xrrotdi,
1061 1187 1091 1234 ut
1120 1197 1153 1234 ex
1183 1179 1271 1250 ipsius
1299 1177 1391 1234 uerbis
1416 1177 1608 1249 perpenditur,
1634 1177 1728 1248 etqui

56 1263 233 1336 delegarunt,
261 1264 336 1336 quod
357 1273 429 1320 esset
453 1265 482 1318 in
504 1266 705 1337 sempiternum
732 1266 870 1337 praedictae
921 1269 1135 1324 minorahorum
1152 1283 1237 1339 opera
1260 1267 1476 1334 enarradarum
1493 1267 1572 1322 istam
1589 1283 1727 1341 magnam,

56 1353 461 1409 conuentionistestimonium.
478 1354 869 1409 detumannoinearnationis
920 1362 942 1415 si
958 1377 1054 1415 perum
1068 1377 1129 1415 esse
1155 1359 1248 1424 sciret,
1270 1358 1384 1415 forsitan
1408 1374 1463 1414 non
1486 1358 1636 1414 omisisset.
1657 1359 1728 1414 Sane

57 1445 211 1500 Dominieae
226 1445 294 1499 mill.
314 1462 352 1513 xx,
380 1444 532 1500 indictione
550 1463 589 1513 m,
607 1453 739 1520 regnante
753 1447 869 1501 ilenrico
920 1448 1051 1522 praelatus
1071 1448 1190 1515 Seulius,
1207 1455 1236 1503 ut
1255 1449 1388 1519 seriptum
1407 1447 1553 1513 habemus,
1569 1447 1730 1503 immunita·
1839 1503 1843 1513 ,

59 1552 137 1612 rege,
154 1551 228 1592 anuo
252 1553 330 1603 xxxxi,
356 1537 612 1608 archiepiscopatus
636 1537 731 1593 domni
746 1538 870 1593 Widonis
921 1544 976 1593 tem
986 1538 1097 1594 claustri
1109 1537 1191 1593 nobis
1204 1538 1320 1611 largitus
1335 1544 1387 1603 est,
1407 1536 1536 1592 videlicet
1551 1537 1648 1592 domos
1660 1551 1729 1592 ven-

60 1643 134 1683 anno
155 1644 244 1696 xvnrx,
272 1627 400 1683 Balduini
428 1628 553 1700 episcopi
579 1628 770 1685 Nouiomensis
796 1643 870 1685 anuo
920 1627 1017 1693 dendi‚
1037 1627 1161 1693 emendi,
1176 1641 1226 1682 seu
1249 1627 1367 1682 invicem
1396 1624 1595 1690 commutandi,
1610 1641 1659 1696 pro
1675 1641 1731 1696 qua

60 1736 120 1776 xxxx.
138 1739 152 1771 ι
920 1720 1067 1793 largitione
1081 1719 1223 1775 annuatim
1244 1718 1431 1774 defunctionis
1458 1718 1519 1786 ejus
1542 1717 1615 1773 diem
1632 1718 1730 1774 recoli·

93 1814 164 1867 Item
179 1812 228 1866 tit.
245 1826 282 1878 xv,
297 1826 359 1882 cup.
387 1811 431 1879 19,
445 1816 509 1883 posi
533 1816 613 1882 florem
628 1816 726 1884 cepitis
743 1831 750 1868 :
766 1814 804 1868 lle
816 1813 869 1868 isto
920 1825 992 1875 mus,
1008 1809 1052 1864 oui
1068 1809 1148 1863 etiam
1160 1807 1295 1879 obsequio
1315 1806 1417 1879 Tilpini
1436 1813 1518 1880 atque
1531 1808 1658 1864 Widonis
1670 1823 1731 1864 me-

61 1900 186 1972 Seulplxo
202 1900 332 1956 solebant
346 1901 439 1957 dicere
465 1903 554 1958 nostri
583 1912 773 1959 antecessores
796 1903 870 1975 quod
920 1898 1047 1964 moriam,
1062 1896 1108 1968 qui
1123 1895 1212 1968 pridie
1235 1912 1317 1968 quam
1340 1895 1392 1951 iste
1415 1895 1605 1965 decesserunt,
1620 1896 1731 1952 etmul-

63 1991 119 2061 ipse
134 1988 320 2060 ampliaverat
343 1989 476 2062 templum
508 1991 561 2047 hoc
588 2000 722 2063 quantum
746 1992 872 2047 continet
921 1998 949 2047 ta
964 1990 1092 2046 Ecclesiae
1108 1989 1181 2046 bona
1201 1989 1389 2056 coutulerunt,
1406 2004 1462 2045 non
1482 1990 1732 2060 immeritoadJ'un-

62 2078 207 2152 longitudo
217 2094 331 2134 erenum
345 2079 438 2134 trium.
454 2079 586 2136 dicebant
599 2095 711 2153 quoque
727 2081 801 2153 quod
813 2081 871 2154 ipse
921 2080 1022 2153 gimus.
1039 2080 1117 2135 Nunc
1132 2080 1225 2150 itaque
1240 2078 1382 2150 paululum
1400 2078 1528 2154 digressi.
1542 2080 1575 2136 ad
1591 2078 1730 2134 namatio·

63 2176 184 2224 ueterem
198 2167 296 2224 turrim
309 2174 512 2237 construxerat,
528 2185 611 2241 quom
629 2171 748 2225 domnus
757 2170 871 2228 Samson
923 2173 966 2227 nis
980 2172 1080 2227 seriem
1096 2172 1242 2229 articulum
1252 2172 1425 2227 reducamus.

367 2570 418 2676 ΙΝ
451 2571 627 2676 titios
660 2572 896 2679 Hlslttld
931 2573 1169 2680 Redditis
1203 2573 1434 2678 tddtlstlt

454 2795 833 2926 SCHOLIA
873 2797 1039 2925 SEU
1082 2795 1340 2926 NOTAE

88 3037 217 3108 Quibus
232 3035 376 3098 obseura
391 3055 534 3119 quaeque
548 3039 769 3115 illustrantur,
787 3040 889 3103 dubia
903 3044 934 3103 et
948 3040 1098 3104 involuta
1111 3040 1331 3120 explicentur,
1349 3039 1468 3103 mutila
1481 3056 1519 3103 ao
1534 3039 1712 3120 depravata

653 3143 850 3223 supplentur
863 3145 895 3205 et
910 3141 1144 3205 emendantur.

579 3311 753 3375 AUCTORE
774 3309 939 3373 GEORGIO
960 3307 1215 3373 COLVENERIO.

59 3492 120 3556 SS.
144 3498 307 3573 Ttreolopie‘
320 3495 437 3556 doctore
460 3502 486 3553 et
508 3493 592 3568 renio
610 3508 644 3551 oe
660 3490 820 3551 ordinario
836 3493 870 3550 io
885 3488 1050 3550 Academia
1064 3489 1216 3550 Duocenci
1235 3488 1401 3566 professore
1421 3487 1585 3565 collepiotec
1607 3487 1734 3548 ecclesia

515 3573 546 3632 S.
573 3573 656 3632 Petri
674 3573 832 3650 preposito
854 3580 881 3631 et
904 3571 1068 3631 Acudemtae
1089 3571 1282 3631 cancellario.

643 3776 695 3837 (Ec
710 3775 862 3825 Bibliotheca
874 3774 990 3833 Petrum,
1007 3781 1065 3824 tom.
1078 3772 1168 3836 Xllll.)

448 4148 707 4246 SCHOthl
747 4149 808 4244 ΙΝ
844 4146 1075 4244 LIBRUM
1114 4145 1368 4243 PRIMUM.

389 4558 570 4616 exitiosus.
896 4584 922 4655 C
971 4559 1054 4628 Cujus
1067 4559 1148 4612 etium
1162 4557 1293 4624 doctricem
1314 4554 1668 4624 predeunttdosdeaterum.
1685 4554 1741 4611 lloc

122 4646 246 4705 Proetus-o
259 4651 376 4721 praesuli
395 4655 429 4708 R.
448 4652 624 4707 Flodourdus.
655 4651 699 4706 Sic
727 4666 788 4707 cum
806 4651 838 4706 R.
852 4650 882 4705 P.
934 4659 1053 4707 osteum
1070 4648 1148 4720 quia
1167 4647 1285 4703 dexteris
1310 4655 1351 4702 est
1377 4647 1410 4701 iis
1435 4647 1481 4718 qui
1494 4647 1633 4702 civitatem
1648 4646 1741 4719 ingre·

10 4774 13 4783 ·
93 4732 180 4798 tamon
203 4744 354 4798 Sirmondn
377 4744 564 4811 extendimus,
580 4759 641 4798 cum
668 4759 718 4797 ms.
735 4742 770 4796 sit
785 4742 804 4796 ll
821 4742 839 4795 F
855 4741 885 4807 t,
936 4745 1058 4799 diuutur.

94 4825 139 4896 ubi,
151 4840 180 4888 nt
198 4831 274 4888 idem
288 4832 509 4898 Sirmondusait,
526 4848 575 4903 per
589 4832 706 4886 litterum
716 4831 747 4885 tt,
761 4830 888 4885 nonnulli
972 4835 1069 4890 Nautoe
1081 4831 1215 4900 siquidem
1226 4843 1341 4898 cyprium
1364 4829 1459 4883 dorium
1471 4830 1619 4899 propani-tn
1630 4827 1744 4897 prodere

10 4980 12 4984 ,
97 4923 362 4994 tuunrdodutpnun
389 4923 550 4994 episcopum
572 4921 781 4976 lundunensem
804 4918 888 4973 iutel-
937 4922 1132 4990 fer-ruttutuit
1152 4919 1289 4974 AEmilius.
1315 4917 1374 4972 llaec
1395 4917 1479 4972 uerba
1491 4933 1554 4972 cum
1570 4917 1688 4972 disticho
1699 4931 1744 4970 se·

13 5036 22 5070 r
97 4999 139 5076 ligi,
152 5028 233 5083 quern
249 5011 381 5067 scribitin
397 5011 532 5067 Chronico
558 5026 608 5065 suo
626 5009 670 5064 liic
685 5015 780 5064 auctor
795 5016 889 5062 noster
940 5020 1041 5081 quente
1056 5014 1166 5077 sumpta
1176 5013 1239 5061 sunt
1252 5022 1284 5060 ex
1298 5005 1403 5061 isidoro
1415 5006 1464 5059 lib.
1480 5022 1517 5060 xn
1533 5005 1674 5079 Originum
1686 5003 1744 5058 sive

13 5130 19 5139 ι
98 5094 178 5156 lbiisse
192 5115 268 5157 anno
281 5100 336 5158 948
353 5118 359 5155 :
375 5116 468 5172 neque
484 5101 543 5155 llaec
557 5098 673 5155 historia
695 5097 813 5153 ulterius
827 5113 889 5169 pro·
940 5099 1183 5172 litynmlogiarum
1199 5113 1259 5166 cup.
1276 5097 1303 5163 7,
1318 5112 1350 5151 ex
1377 5112 1431 5168 qno
1451 5095 1539 5163 adjeci
1555 5095 1679 5150 voculam
1692 5097 1743 5150 eit.

10 5206 20 5219 ⁶
99 5192 212 5256 ereditur.
940 5192 1063 5245 isidorus
1083 5205 1116 5243 oa
1145 5187 1300 5257 desumpsit
1325 5203 1357 5242 ex
1382 5185 1681 5252 Servioinxdineid,
1711 5185 1745 5240 ad

348 5279 454 5336 CAPUT
479 5279 620 5335 Ptdltdtt.
939 5301 1069 5340 uersum:

10 5399 16 5421 i
120 5368 218 5427 temne
230 5372 368 5428 militibus
443 5374 623 5439 irricrseetum.
636 5370 681 5426 Sic
695 5368 891 5425 omniaexem·
1048 5371 1137 5435 Aspice
1150 5371 1262 5420 laetantes
1273 5368 1312 5419 his
1336 5384 1409 5419 sonos
1423 5369 1522 5433 agmine
1538 5384 1638 5434 cygnos.

10 5496 17 5505 .
98 5453 176 5522 plana,
193 5469 277 5532 atque
295 5460 334 5515 ita
348 5460 509 5532 frequenter
518 5460 650 5531 loquitur,
666 5457 892 5530 subaudituprae-
941 5453 1028 5509 ilabet
1038 5460 1130 5507 autem
1145 5452 1284 5507 distichon
1306 5452 1359 5507 lroe
1382 5451 1508 5506 AEmilins
1522 5451 1612 5506 llacer
1624 5451 1652 5505 in
1665 5447 1748 5504 Orni-

10 5562 16 5595 ῑ
95 5552 227 5620 positione,
240 5566 293 5624 pro
309 5568 325 5607 a
339 5551 431 5608 fratris
443 5551 589 5620 militibus,
604 5567 687 5624 qnam
698 5550 834 5621 adjecitl.
847 5550 892 5607 Sic
944 5546 1086 5621 drogonis,
1115 5560 1197 5617 quem
1220 5545 1321 5599 librum
1345 5544 1411 5599 citat
1424 5543 1554 5611 Servius;
1571 5544 1636 5598 item
1647 5537 1751 5596 Nouius

95 5635 150 5699 inira
161 5659 223 5717 cap.
239 5643 268 5700 o.
282 5644 494 5701 induremotua
506 5634 697 5716 popularitas.
943 5637 1100 5709 tlarcellus,
1112 5637 1196 5694 verbo
1227 5641 1362 5710 prosecta.
1382 5635 1433 5692 Ubi
1458 5641 1550 5693 tamon
1563 5650 1614 5706 pro
1626 5628 1751 5688 AEmiltus

229 5747 383 5814 Parnon.
409 5745 579 5814 CXXXV.
918 5830 931 5836 ..
1506 5761 1512 5774 ·
1568 5739 1605 5799 11
