3848 6106
124 208 182 267 265
431 209 433 213 ’
452 216 616 274 dissutilis
635 218 798 276 ECCLESIAE
816 222 982 279 anabasis
1001 225 1091 280 LlBill
1111 225 1274 290 obtrudit.
1291 257 1326 269 -
1340 225 1405 281 LlB.
1427 223 1470 279 lV.
1740 221 1795 277 266

125 341 231 437 nostris
246 344 407 414 apostolicis
421 345 521 403 litteris
533 351 684 422 perceptis,
701 354 854 423 postposita
868 355 938 411 dila·
947 360 975 430 Α
987 372 1096 412 necnon
1117 364 1145 412 et
1173 358 1301 414 eumdem
1330 356 1505 431 adelgarium
1536 369 1683 411 occurrere
1707 354 1797 423 jusse-

126 433 204 482 tione
219 429 254 484 ad
277 429 480 506 lingonensem
495 436 611 492 accedas
631 438 789 510 Ecclesiam,
818 450 936 499 etcum·
987 455 1038 514 rat,
1058 455 1196 521 quatenus
1214 450 1280 520 quid
1310 449 1409 520 cuique
1439 448 1573 503 debentur
1592 445 1712 520 diligens
1727 461 1795 499 eiia-

126 513 191 620 dem
206 515 410 576 Tenthboldum
433 523 546 578 anobis
568 525 730 583 solemniter
748 538 937 586 consecratum
988 537 1101 593 minatio
1117 538 1279 593 declararet.
1295 537 1387 593 llonct
1402 537 1482 591 etiam
1494 535 1693 592 fraternitatem
1709 533 1796 604 ipsius

126 623 303 712 episcopum,
319 613 420 669 exinde
435 617 578 686 revestias,
599 619 786 692 omnibusque
801 623 938 694 archicpi-
989 629 1083 684 domni
1109 629 1248 695 Falconis,
1269 644 1304 683 ne
1330 628 1382 683 sibi
1402 643 1478 683 suam
1496 626 1645 698 specialem
1673 641 1794 697 praesen-

125 715 221 774 scopis
230 711 259 758 et
270 703 409 778 episcopis
419 707 586 776 innotescas,
602 718 743 782 protantae
758 716 937 771 contumaciae
988 722 1065 788 tiam,
1091 723 1115 776 si
1132 720 1301 777 omnimodis
1325 720 1384 776 sieri
1399 721 1495 793 possit,
1521 721 1651 775 exbibete
1678 717 1796 773 cumeis

125 791 237 893 ultione
257 795 382 865 ejusdem
399 798 527 855 Ecclesia
550 802 698 873 specialem
720 805 935 862 sollicitudinem
987 811 1185 882 quoquomodo
1205 809 1329 877 differat3
1345 810 1475 882 quoniam
1491 816 1518 864 et
1532 811 1601 877 liaec,
1617 815 1646 863 ct
1660 806 1712 862 alia
1733 822 1795 877 quae

124 897 298 955 suscepisse,
313 901 363 956 pro
376 887 442 942 tanti
457 887 561 945 laboris
571 892 805 961 maceratione,et
820 909 937 966 oppres-
987 901 1169 959 imminebant
1183 902 1370 959 ecclesiastica
1384 901 1496 978 negotia
1515 916 1577 955 euin
1596 899 1655 970 ipso
1675 903 1795 952 tractan-

124 969 937 1069 sionisillataerelevatione.Quidquidantemidemiene-
987 994 1032 1062 da,
1062 995 1178 1066 ejusque
1206 994 1379 1050 germinanda
1402 993 1529 1048 0005„qu
1551 989 1732 1063 providerat:
1760 988 1795 1042 de

125 1057 387 1134 11111111311111100111111
403 1062 592 1121 T⁰⁰²¹¹b0¹d¹1⁵
607 1068 686 1123 101113
705 1077 844 1126 1111031111
859 1079 936 1142 l’arte
987 1098 1042 1154 quo
1052 1083 1160 1138 scilicet
1173 1082 1260 1153 ipsius
1274 1085 1394 1138 adventu
1411 1081 1476 1136 satis
1490 1080 1684 1155 gratularetur,
1699 1077 1796 1131 volens

125 1150 254 1252 retulerit
267 1153 382 1221 credite,
405 1161 432 1210 et
447 1153 558 1212 effectui
573 1160 732 1231 mancipare
758 1162 833 1217 nullo
854 1163 936 1218 modo
987 1169 1021 1225 ad
1032 1171 1220 1227 ecclesiastica
1230 1169 1526 1245 deliberandauegotia
1538 1169 1599 1238 eins
1609 1165 1711 1221 liabere
1725 1178 1797 1234 prae·

125 1241 281 1318 ambigite:
296 1251 391 1316 utpote
406 1253 480 1303 tuam
496 1251 679 1307 reverentiam
695 1253 769 1308 circa
783 1269 835 1310 nos
849 1255 936 1311 devo·
985 1261 1115 1316 sentiam.
1132 1262 1259 1334 Alioquin
1275 1269 1379 1329 monet,
1394 1267 1423 1318 ut
1438 1259 1591 1315 assertione
1610 1255 1731 1312 veridica
1748 1269 1798 1326 per

125 1341 182 1390 11111
198 1335 350 1392 consistere
364 1338 542 1395 credimus.»
986 1359 1128 1410 strenuum
1145 1356 1313 1427 episcopalis
1334 1353 1440 1411 ordinis
1462 1353 1550 1409 virum
1566 1366 1621 1405 una
1651 1364 1712 1403 oum
1728 1345 1797 1417 ipsis

146 1427 201 1506 ‘Ad
217 1428 277 1484 haec
290 1428 364 1485 idem
378 1431 478 1502 presul
489 1432 571 1488 Fulco
587 1434 753 1503 rescribens,
764 1437 867 1511 gratias
880 1438 937 1513 agit
986 1443 1134 1499 abeuntem
1163 1445 1287 1501 notilicet
1313 1443 1431 1515 qualitor
1456 1457 1487 1496 se
1511 1454 1596 1511 super
1617 1438 1670 1492 hoc
1696 1436 1797 1491 recitas

125 1533 176 1589 pro
204 1520 397 1578 consolatione
423 1524 574 1579 litterarum
605 1525 713 1597 ipsius,
742 1543 880 1596 asserens,
907 1545 937 1584 se
988 1530 1096 1587 babeat.
1127 1532 1231 1597 Quibus
1246 1532 1269 1587 si
1282 1530 1414 1586 veniendi
1440 1527 1555 1584 facultas
1568 1526 1700 1592 deluerit,
1730 1539 1796 1580 suos

124 1611 1050 1712 paratumlnisse‚etesscquaecunqnesibiabipsinspapaeBcum
1079 1642 1112 1682 eo
1141 1625 1261 1700 dirigant
1285 1622 1400 1699 legatos,
1427 1624 1590 1696 quinorum
1616 1620 1794 1676 ricariatione

124 1695 708 1776 celsitudineinjunctaiucrintadimplcre;
721 1707 936 1778 praelatumt'eto
987 1716 1318 1791 perfuncti,disceptandi
1329 1725 1356 1773 et
1370 1717 1544 1773 deliberandi
1559 1716 1713 1771 libertatem
1730 1731 1795 1786 pos-

124 1791 342 1861 prieceptionem
356 1793 594 1853 deliieuibboldo
607 1797 738 1869 episcopo
754 1798 935 1869 expleresine
986 1805 1106 1873 sidaant,
1126 1813 1156 1862 ut
1171 1806 1247 1863 nullo
1276 1807 1391 1862 ulterius
1412 1814 1548 1878 tempore,
1573 1810 1704 1876 percepta
1731 1802 1795 1857 bni-

123 1895 204 1935 111οΝ
228 1881 360 1949 1011113811,
390 1885 438 1939 sed
463 1883 566 1940 Odonis
591 1886 720 1961 regissni
748 1889 874 1944 consultu
891 1889 936 1943 iii·
985 1895 1040 1950 tiva
1062 1897 1210 1962 sententia,
1234 1897 1268 1951 de
1296 1896 1348 1951 liae
1373 1912 1402 1951 re
1426 1895 1612 1952 necessarium
1628 1894 1664 1948 sit
1686 1900 1794 1948 vertere

122 1972 205 2027 terina
234 1972 444 2045 intermissum,
468 1977 533 2032 dum
560 1995 607 2034 rei
635 1979 707 2034 idem
738 1996 803 2036 suos
830 1981 935 2056 legatos
985 1982 1177 2054 quaestionem.

121 2061 157 2115 ad
185 2063 315 2118 eumdem
341 2081 439 2138 papam
462 2068 605 2144 dirigeret,
629 2085 661 2124 ac
687 2086 738 2142 per
760 2086 808 2126 eos
829 2071 935 2139 jussio·
1019 2075 1108 2147 Super
1121 2076 1165 2131 liis
1178 2092 1288 2148 quoquo
1303 2077 1552 2145 successoriliujus
1567 2075 1699 2131 Formoso
1713 2075 1795 2145 (For-

121 2166 189 2206 nem
204 2151 293 2223 ipsius
307 2155 458 2212 certissime
473 2167 664 2235 cognosceret.
685 2159 774 2231 Super
786 2159 829 2214 bis
841 2167 933 2215 autem
983 2183 1072 2223 mosas
1093 2171 1179 2238 papa)
1208 2168 1328 2223 domnus
1354 2168 1438 2223 Fulco
1453 2168 1559 2223 litteras
1573 2167 1695 2233 mittens,
1722 2182 1792 2236 qua-

121 2258 186 2314 1111111
200 2243 299 2301 1111111
325 2246 414 2318 11151111
427 2265 505 2321 11111111
529 2258 683 2322 1110511111ω
705 2257 778 2318 511111,
794 2251 933 2306 11111511·
984 2259 1157 2315 literliaeca
1184 2260 1297 2332 praelato
1323 2259 1462 2330 Stephano
1487 2276 1557 2331 papa
1584 2258 1637 2312 sibi
1667 2257 1722 2311 siut
1750 2258 1792 2311 in-

120 2332 189 2389 licet
214 2351 246 2390 se
274 2338 405 2393 omnibus
429 2338 559 2417 Ecclesiis
582 2341 772 2397 suainstitnta
798 2349 826 2396 et
850 2342 936 2414 privi-
983 2347 1278 2423 juncta,signisicai·it‚
1305 2356 1332 2402 et
1359 2356 1389 2403 ut
1402 2348 1455 2402 sibi
1482 2346 1653 2402 auctoritatis
1679 2361 1735 2400 suae
1765 2346 1792 2399 in

119 2422 195 2499 legia
216 2424 246 2479 in
271 2425 386 2483 confuso
410 2429 510 2484 ordine
528 2430 691 2486 intemerata
709 2447 830 2498 servare,
854 2430 934 2486 valde
985 2437 1028 2491 liis
1057 2438 1243 2510 exsequendis
1268 2437 1371 2509 scripta
1397 2437 1538 2511 dirigeret,
1563 2435 1687 2507 eipotiii.
1714 2435 1791 2489 Unde

120 2514 235 2587 gavisos
258 2516 404 2573 universos
422 2518 579 2591 episcopos,
607 2520 635 2574 iii
654 2535 772 2591 quoium
787 2519 934 2591 prasentia
985 2529 1125 2585 etiterum
1153 2529 1278 2584 scribens
1303 2530 1484 2585 uehementer
1510 2527 1639 2582 admirari
1655 2543 1684 2580 se
1714 2526 1790 2593 dicit,

121 2604 183 2660 haec
208 2605 318 2661 recitari
343 2607 456 2664 lecerat.
486 2610 609 2666 Consulit
632 2618 722 2666 autem
750 2612 811 2680 ejus
838 2619 932 2666 aucto·
983 2614 1006 2669 si
1020 2616 1117 2672 litterae
1132 2634 1188 2673 suas
1204 2616 1238 2671 ad
1253 2617 1313 2686 ejus
1326 2617 1500 2688 praeentiam
1521 2615 1708 2686 pervenerint,
1724 2614 1792 2685 quid

122 2698 233 2753 ritatem
249 2699 415 2770 deposcens,
440 2709 470 2758 ut
492 2703 545 2758 sibi
573 2704 713 2775 rescriptis
727 2704 880 2771 remandet,
910 2704 933 2758 si
983 2704 1169 2760 causaeiuerit
1192 2704 1320 2764 curbiiic
1348 2720 1511 2777 responsum
1534 2704 1614 2773 liujus
1637 2719 1714 2774 papie
1734 2718 1790 2756 non
1846 2686 1849 2691 ⁶

122 2789 205 2846 liceat
220 2792 395 2865 coepiscopis
406 2793 587 2871 suffraganeis
597 2797 665 2863 suis,
681 2796 728 2867 qui
744 2795 771 2850 in
787 2796 848 2866 ejus
862 2795 933 2850 diic-
982 2796 1114 2851 meruerit
1128 2797 1262 2869 recipere.
1279 2797 1374 2852 Grates
1403 2798 1473 2852 inter
1487 2797 1547 2852 baec
1567 2795 1701 2863 reserens,
1716 2793 1791 2864 quod

123 2883 180 2938 cesi
206 2886 372 2953 consistunt,
400 2887 603 2944 ordinationem
632 2889 675 2945 vel
702 2887 785 2966 regis,
811 2889 855 2944 vel
883 2888 934 2942 ali·
982 2887 1025 2942 sui
1048 2889 1210 2944 memoriam
1240 2889 1420 2964 dignatnssit
1441 2889 1554 2956 habere,
1580 2895 1608 2943 et
1635 2902 1685 2959 per
1708 2886 1792 2940 abba·

124 2977 202 3047 cuins
227 2977 482 3051 alteriuspersonae
506 2982 566 3037 sine
591 2980 766 3037 sualicontia
792 2989 819 3037 et
835 2981 933 3035 conni-
982 2975 1076 3032 tissam
1103 2977 1232 3034 Bertbam
1259 2979 1343 3034 verba
1380 2985 1481 3033 sanctie
1509 2976 1708 3033 consolationis
1738 2976 1790 3032 sibi

122 3068 215 3124 nentia
231 3068 303 3140 iens,
319 3086 355 3139 c,
378 3070 560 3142 cohibentia],
575 3086 625 3127 seu
641 3071 823 3142 permissione
837 3085 930 3146 agere,
942 3062 968 3132 C
982 3067 1124 3134 mandare,
1147 3085 1268 3140 eumque
1291 3085 1321 3124 sc
1336 3069 1431 3124 videre
1453 3069 1536 3136 velle,
1564 3075 1591 3122 et
1606 3069 1705 3122 collato
1733 3083 1792 3122 ser-

123 3157 165 3213 rel
192 3157 269 3213 aliud
295 3158 412 3232 aliquid,
441 3161 597 3218 inconsulto
626 3177 676 3217 suo
706 3160 931 3233 metropolitano,
982 3179 1066 3219 mone
1090 3170 1186 3219 mutuo
1214 3164 1299 3220 verba
1326 3163 1453 3218 conferre
1496 3163 1579 3229 Quam
1605 3178 1663 3216 rem
1692 3159 1792 3216 latetur

123 3254 168 3302 aut
189 3254 289 3302 contra
313 3248 459 3304 interdicta
473 3250 517 3305 sni
536 3251 660 3322 primatis
673 3266 853 3321 praesumere.
870 3247 931 3302 Pri-

123 3334 257 3411 rilegium
284 3336 436 3410 deniquea
460 3338 526 3393 sede
542 3339 665 3395 liomana
690 3339 835 3410 quesitum
858 3337 933 3392 idem

124 3428 270 3500 papabuic
302 3429 449 3499 concessit,
476 3431 663 3504 scriptumque
691 3432 842 3488 transmisit
864 3448 935 3504 prac-

125 3519 175 3574 snli
193 3520 378 3593 superiobus
392 3523 589 3580 ecclesiasticis
614 3524 680 3580 hnic
694 3525 824 3580 ilemensi
840 3524 935 3580 Eccle-

123 3609 168 3666 siae
195 3611 317 3681 collatis,
332 3613 376 3669 vel
402 3613 592 3684 conserendis,
613 3625 644 3671 ut
665 3632 748 3672 nemo
775 3632 823 3671 eas
852 3615 932 3672 inra-

125 3699 201 3769 dere,
227 3701 273 3757 acl
300 3703 427 3759 detinere
458 3713 649 3776 praesumeret,
678 3714 706 3762 et
730 3713 760 3761 ut
783 3713 845 3779 post
873 3706 935 3776 ejus

123 3789 272 3848 decessum
296 3793 372 3850 nullo
400 3794 482 3851 modo
509 3795 610 3868 aliquis
636 3797 709 3852 lirino
730 3797 931 3869 episcopatum,

123 3884 164 3939 ret
173 3885 314 3958 episcopii
325 3901 371 3941 res
380 3902 516 3960 occuparo
530 3888 625 3944 illicite
635 3889 760 3959 auderet,
771 3904 833 3944 cum
846 3887 933 3942 inter-

124 3975 278 4032 minatione
305 3977 365 4032 baec
378 3976 508 4033 inhibens
522 3978 681 4050 apostolicae
708 3977 784 4032 sedis
798 3990 934 4031 censurae.

125 4066 191 4123 ltem
221 4068 320 4124 scribit
344 4069 447 4139 eidem,
476 4086 526 4143 pro
553 4071 732 4127 altercatione
757 4086 818 4142 qnae
842 4084 935 4126 versa·

982 3256 1148 3311 immensum
1176 3257 1228 3311 sibi
1244 3256 1387 3327 peperisse
1402 3257 1545 3332 gaudium,
1570 3262 1599 3310 ut
1613 3254 1701 3330 magis
1714 3253 1791 3308 desi-

984 3344 1064 3400 deret
1077 3344 1139 3413 ejus
1158 3343 1253 3400 videre
1277 3345 1462 3417 praesentiam‚
1484 3345 1619 3415 adjiciens
1634 3344 1687 3399 sibi
1703 3343 1738 3398 ab
1757 3358 1791 3397 co

985 3440 1094 3505 tempus
1115 3433 1220 3503 quoad
1241 3449 1305 3489 euni
1319 3435 1421 3502 veniat,
1438 3435 1605 3497 remandari,
1631 3435 1790 3505 locumque,

985 3535 1013 3582 et
1026 3527 1087 3596 ojus
1097 3533 1203 3601 sataget
1216 3527 1362 3597 praeceptis
1371 3527 1575 3598 obtemperare.
1593 3527 1729 3583 Praeterea
1741 3543 1793 3599 po·

984 3618 1076 3685 stulat,
1092 3624 1122 3673 ut
1142 3617 1318 3692 privilegium
1331 3617 1460 3672 Ecclesiae
1487 3616 1618 3672 ilamensi
1631 3616 1673 3671 sui
1702 3617 1792 3671 nomi-

984 3707 1028 3762 nis
1052 3707 1215 3762 auotoritate
1231 3705 1291 3761 lieri
1303 3705 1411 3775 jubeat,
1435 3707 1505 3761 sient
1520 3707 1601 3761 etiam
1628 3706 1790 3777 predeces-

982 3813 1060 3855 sores
1075 3812 1140 3852 suos
1155 3795 1253 3851 iecisse
1269 3801 1375 3850 constat
1393 3813 1399 3848 :
1421 3801 1448 3850 et
1462 3811 1507 3849 ros
1522 3795 1588 3849 huic
1600 3794 1729 3849 Ecclesiae
1742 3811 1793 3865 per

985 3903 1062 3943 suam
1078 3883 1416 3956 bumilitatemacquisitas
1427 3890 1561 3955 perpetua
1576 3880 1705 3938 firmitate
1720 3899 1791 3938 con·

985 3982 1026 4031 tra
1041 3990 1139 4032 omnes
1160 3974 1335 4031 adversarios
1349 3973 1463 4029 muniat.
1480 3972 1597 4027 adnotat
1612 3972 1707 4039 etiam,
1722 3990 1792 4044 qna-

985 4063 1049 4120 liter
1068 4064 1204 4120 Evrardus
1218 4063 1341 4119 marchio
1361 4063 1449 4118 sancti
1462 4061 1557 4118 Caliiiti
1571 4079 1648 4134 papan
1675 4069 1702 4116 et
1718 4079 1791 4116 mar-

125 4157 205 4215 betiir
220 4158 294 4214 inter
318 4160 515 4218 llcrimannum
533 4161 728 4219 coloniensem
749 4161 936 4233 archiepisco-
986 4159 1054 4231 tyris
1068 4157 1228 4213 venerabile
1240 4173 1365 4228 corpnsa
1378 4157 1501 4212 Romana
1514 4157 1580 4212 sede
1594 4155 1792 4228 impetraverit,

125 4269 202 4324 puni,
230 4260 259 4310 et
285 4256 462 4333 Adclgarium
494 4257 744 4334 Amburguransem
772 4264 799 4312 ei
832 4257 936 4311 Breue—
985 4253 1067 4319 atque
1078 4247 1106 4300 in
1117 4246 1178 4315 ejus
1191 4246 1296 4302 bonore
1307 4243 1505 4300 monasterium
1518 4243 1572 4314 (tlt
1588 4244 1616 4298 in
1630 4243 1793 4314 qiraediosuo

126 4357 251 4400 mensem
284 4344 316 4418 υ,
354 4345 542 4418 bremensem]
575 4347 750 4418 episcopum,
792 4361 842 4417 pro
882 4359 936 4416 qua
986 4333 1170 4390 constituerit.
1201 4334 1278 4399 Quod
1305 4332 1439 4405 praedium
1467 4338 1529 4404 post
1551 4333 1612 4401 ejus
1635 4332 1738 4387 obitum
1759 4332 1793 4386 ad

127 4432 313 4490 llcrimannus
340 4434 432 4491 eidem
446 4452 525 4510 papae
552 4451 629 4490 suam
648 4435 796 4502 direxerat,
816 4440 843 4488 et
858 4441 937 4504 post·
948 4432 978 4501 D
989 4426 1077 4482 silium
1088 4426 1176 4498 ipsius
1188 4424 1334 4481 lindulfum
1349 4426 1474 4480 abbatem
1486 4425 1660 4480 hereditario
1671 4426 1734 4494 jure
1745 4424 1794 4480 ad-

127 4528 239 4584 modum
254 4543 306 4599 per
323 4528 503 4600 semetipsum
524 4534 687 4594 accesserat,
712 4525 886 4598 proclamans
900 4525 935 4579 ab
984 4522 1092 4580 uenerit
1108 4540 1114 4576 :
1129 4521 1177 4593 qui
1193 4536 1238 4575 ros
1252 4520 1325 4591 ipsas
1336 4519 1418 4574 simul
1431 4535 1493 4574 cum
1509 4517 1653 4573 memorati
1669 4517 1797 4589 martyris

130 4618 295 4678 lierimenno
314 4621 443 4678 Ecclesiae
457 4638 513 4678 suae
529 4621 673 4697 privilegia
690 4619 798 4686 violari,
814 4618 934 4690 ideoque
984 4616 1066 4693 gleba
1080 4615 1143 4671 vitae
1157 4629 1214 4670 suae
1225 4612 1323 4668 diebus
1338 4611 1441 4685 absque
1453 4613 1509 4667 ulla
1524 4611 1744 4667 contradictione
1755 4617 1795 4665 te-

131 4710 153 4768 iii
180 4729 262 4770 suain
278 4713 453 4785 praesentiam
476 4719 684 4770 commonuerat
710 4718 858 4783 utrumqne
887 4725 936 4766 ve·
986 4708 1089 4776 nnerit,
1117 4714 1145 4763 et
1167 4706 1202 4762 de
1223 4705 1507 4780 saeeulomigraturus
1530 4703 1643 4759 easdem
1667 4719 1710 4758 res
1733 4719 1795 4758 cum

132 4803 195 4859 tire.
212 4802 269 4858 Sed
284 4803 414 4875 quoniam
429 4800 576 4877 ddelgario
602 4801 731 4858 veniente
753 4799 936 4855 flerimannus
986 4799 1154 4858 monasterio
1182 4805 1209 4856 et
1226 4813 1341 4870 corpore
1367 4813 1446 4853 sacro
1462 4796 1592 4852 ilemensi
1617 4802 1717 4850 sanctae
1747 4793 1795 4850 Dei

133 4893 225 4963 deluit,
254 4901 338 4951 matie
369 4894 410 4950 liti
437 4893 521 4950 tinem
546 4893 689 4965 imponere
722 4908 794 4965 papa
820 4889 935 4955 distulit,
986 4889 1133 4945 Genitricis
1154 4888 1280 4943 ecclesiae
1297 4885 1477 4964 delegaverit,
1502 4885 1684 4957 camdemque
1706 4898 1795 4937 rerum

135 4989 323 5063 tequidpiam
339 5004 518 5062 praepropere
537 4988 664 5058 judicare
679 4984 830 5054 videretur,
859 4984 934 5041 unde
986 4998 1096 5039 suarum
1123 4980 1263 5037 haeredem
1278 4979 1436 5035 instituerit.
1464 4978 1618 5035 Tuncvero
1639 4975 1797 5031 llucboldns

136 5081 252 5138 redivina
266 5080 408 5138 eontentio
422 5080 520 5137 lutaris
536 5079 706 5153 temporibus
720 5077 848 5133 oriretur.
864 5077 936 5143 Quo·
986 5071 1099 5145 quidam
1114 5070 1219 5128 sororis
1232 5069 1316 5139 hujus
1331 5066 1439 5125 audulfi
1466 5066 1589 5133 maritus,
1605 5080 1707 5119 munus
1723 5063 1797 5132 ejus·

137 5175 200 5233 arca
213 5175 336 5251 injungit
350 5174 416 5231 hnic
431 5174 540 5246 praesiili
565 5178 671 5238 nostro,
688 5186 738 5226 sua
752 5170 840 5242 ipsius
858 5183 936 5240 papae
987 5161 1051 5217 dem
1066 5159 1173 5215 abbatis
1188 5157 1417 5223 calumniabatur,
1434 5163 1462 5210 ct
1482 5155 1516 5209 ab
1534 5153 1661 5209 eeclesiae
1674 5152 1722 5207 llei
1745 5151 1797 5206 Ge·

137 5265 186 5321 tice
210 5266 350 5339 synodum
366 5279 519 5322 convocare
546 5261 620 5333 apud
634 5260 819 5336 Wangionem
844 5257 937 5314 civita·

137 5354 192 5424 iern,
220 5371 285 5413 cuni
307 5354 406 5410 ricinis
426 5351 617 5428 suffragancis,
647 5348 851 5422 limitaneisque
877 5346 938 5420 epi·

138 5450 228 5522 toopis,
245 5451 281 5506 ad
306 5465 390 5522 quain
409 5447 606 5504 llcrimannum
625 5445 783 5521 Agrippinas
810 5441 937 5508 coloniae,

139 5536 365 5596 ttSonderoldiim
379 5535 569 5612 lloguutinum
585 5551 648 5591 cnm
661 5534 720 5590 suis
744 5530 936 5608 suffraganeis,

987 5250 1093 5309 nitricis
1105 5251 1168 5320 jure
1191 5248 1343 5304 conabatur
1372 5245 1492 5303 anferre.
1513 5245 1632 5301 Proinde
1659 5251 1797 5316 precatur,

987 5344 1098 5417 utquid
1113 5342 1166 5397 sibi
1182 5341 1218 5396 sit
1234 5342 1262 5395 in
1273 5340 1376 5395 talibus
1390 5339 1542 5415 agendum,
1563 5338 1622 5393 suis
1635 5352 1699 5392 eum
1713 5335 1799 5391 sacris

988 5435 1106 5491 instruat
1120 5431 1230 5499 litteris,
1247 5437 1275 5485 et
1288 5429 1385 5485 harum
1403 5428 1578 5486 collationem
1591 5442 1684 5482 rerum
1697 5430 1800 5480 aeterna

988 5527 1136 5584 stabilitate
1164 5525 1335 5592 corroboret,
1359 5529 1441 5595 atque
1469 5520 1692 5579 contradicentes
1717 5516 1800 5588 digna

166 5645 218 5717 (tl)
238 5643 381 5700 cisonium
395 5648 513 5699 monast.
529 5641 558 5696 in
571 5641 666 5715 Belgio
680 5640 754 5696 inter
765 5637 917 5694 Tomacum
935 5644 964 5693 et
979 5632 1095 5693 insulas.

274 5747 430 5810 Parnoi..
456 5743 627 5810 CXXXV.

1635 5725 1655 5789 9
