3840 6106
71 289 129 345 'tls
384 284 426 340 DE
446 282 574 340 enuisti
594 274 773 338 TittdttPttts
794 281 878 335 netto
900 279 1032 335 {Tatilti
1052 278 1139 334 biblii
1159 279 1224 335 xlv.
1246 311 1278 321 -
1298 281 1360 338 tta.
1383 281 1437 338 Vll.
1655 292 1662 300 '
1689 282 1742 340 tlt

73 418 141 482 Qum
154 424 260 472 secreta
273 415 369 470 colens
378 413 505 484 intraque
519 410 619 483 palatia
632 426 745 466 servans
899 420 923 486 Α
937 404 1059 476 Cumque
1073 405 1236 471 Antoninus,
1252 412 1307 461 turn
1320 407 1448 462 Claudius
1459 415 1540 480 atquc
1556 407 1670 479 Cyrinus

73 510 187 564 Occulta
201 508 319 563 ltomino
337 522 398 562 sese
417 505 522 560 libabat
541 505 568 558 in
588 520 645 569 ara,
937 501 1058 555 llembra
1071 500 1118 555 ubi
1136 501 1211 556 nuda
1222 502 1314 569 jacent
1330 503 1442 577 triginta
1460 513 1487 560 et
1506 506 1629 578 quinque
1642 507 1742 563 diebus

75 599 161 667 liujus
174 597 239 653 dum
251 596 356 652 meritis
371 600 465 650 crecta
480 593 585 648 teratur
594 592 620 646 in
636 597 708 646 astra
937 597 1001 652 Post
1015 613 1031 650 a
1043 596 1170 651 lllarcello
1183 612 1245 651 cum
1257 596 1337 653 laude
1349 598 1510 672 legunturet
1525 601 1637 671 hymnis

73 691 216 767 Sanguine
226 688 349 761 martyrii
365 686 431 743 Gaio
445 685 568 743 coelcstia
589 691 681 752 nacto,
935 687 1012 742 Saeua
1027 702 1077 757 per
1088 687 1249 743 immodicas
1263 686 1402 745 tribulatio
1412 690 1525 746 cattduit
1539 691 1615 747 orbls

73 782 160 853 lnque
181 780 237 852 poli
258 793 343 853 regno
362 777 460 832 merita
474 776 610 831 renitente
625 789 739 842 corona,
934 773 994 829 llaec
1009 783 1112 846 partes,
1127 791 1182 832 uno
1193 782 1297 831 tantum
1308 776 1359 831 suh
1376 794 1471 833 mense
1485 778 1604 848 dierum,

72 872 248 927 Marcellinus
258 870 284 926 ei
299 869 375 924 sedis
388 869 511 925 succedit
525 868 631 925 honore
934 864 966 919 Ut
980 872 1087 936 scptem
1100 875 1183 937 atque
1198 866 1293 921 decem
1310 872 1376 922 tnnc
1390 867 1475 923 millia
1486 884 1556 925 caesa
1571 869 1705 928 feruntur.

72 964 109 1016 dc
121 961 248 1035 sequitur
260 960 350 1028 lactis,
361 960 414 1014 sub
429 958 528 1014 eodem
539 959 610 1014 colla
625 965 741 1030 tyranno
932 956 1066 1030 Tempore
1081 974 1133 1014 noc
1144 975 1227 1030 parto
1240 960 1340 1016 coelunr
1352 961 1421 1016 actis
1433 961 1557 1034 undique
1569 964 1682 1033 sanetis,

72 1051 215 1119 Uesuuius,
230 1051 330 1106 caelum
343 1059 371 1107 et
385 1049 475 1121 pretio
487 1047 602 1105 cervicis
611 1048 741 1119 adeptus,
933 1047 1052 1106 Praesule
1067 1051 1207 1122 praecipuo
1222 1052 1303 1108 sedes
1312 1053 1436 1109 Romana
1450 1055 1561 1110 vacarit.

829 1204 933 1263 CAPUT
960 1207 992 1261 tl.

668 1334 708 1395 he
725 1337 840 1395 soractis
860 1336 961 1399 Primo
976 1347 1003 1399 et
1018 1340 1144 1401 Felicio.

70 1479 146 1536 Tunc
160 1479 266 1534 Primus
280 1484 309 1534 et
319 1477 488 1542 ¹Feliciauns,
504 1490 616 1532 auream
935 1477 1023 1533 Stauti
1037 1479 1141 1536 renecti
1151 1479 1301 1537 destinavit
1311 1480 1398 1553 stipiti

72 1570 164 1625 Erecti
177 1568 212 1623 ad
226 1567 335 1636 urbem,
345 1567 421 1623 eade
435 1568 536 1623 coelum
553 1574 723 1637 competunt.
935 1569 1110 1643 sudibusque
1126 1571 1230 1641 palmas
1239 1571 1387 1643 periuravit
1398 1589 1429 1629 ac
1439 1572 1546 1644 pedes;

70 1664 122 1727 Qui
136 1661 260 1736 glorioso
279 1661 345 1715 dnm
358 1660 485 1714 renident
500 1659 620 1715 culmine
894 1676 922 1745 B
935 1658 1041 1732 Diuque
1051 1669 1163 1729 tortum,
1176 1678 1229 1718 nec
1243 1662 1314 1719 cibis
1324 1679 1374 1735 per
1386 1671 1442 1720 tres
1458 1664 1518 1720 dies

71 1752 229 1824 Christique
242 1751 317 1807 cultu
330 1750 502 1823 gratulantur
513 1750 622 1817 sedulo,
935 1753 1038 1808 Potare
1053 1751 1119 1808 fovit
1130 1771 1136 1808 :
1148 1753 1203 1809 alta
1219 1753 1317 1811 Christi
1327 1756 1376 1811 sed
1392 1772 1490 1811 manus

72 1845 305 1899 Calumniautura
320 1842 444 1915 profanis
454 1844 577 1900 Romula
726 1852 730 1859 ’
935 1846 987 1901 Alit
1000 1845 1119 1901 leuando
1134 1847 1323 1921 protegentis;
1339 1848 1386 1920 qui
1400 1848 1449 1903 bei

70 1936 151 1991 Ciues
164 1935 238 2007 qaod
253 1934 331 1991 urbis
342 1935 404 2009 lege
414 1933 514 1990 Christi
527 1935 662 1990 uiuerent.
936 1937 1004 1992 llum
1016 1937 1097 1992 laude
1108 1937 1210 2011 gaudet
1224 1953 1388 2009 permanere
1400 1937 1549 1994 immobilis

69 2030 247 2093 Queruntur,
268 2026 435 2082 exhihentur
448 2027 531 2083 ambo
545 2026 659 2102 regibus
936 2027 1004 2081 item
1017 2025 1134 2100 flagellis
1148 2027 1300 2098 imperatur
1317 2026 1405 2095 allici3

68 2119 213 2190 Trudiqne
227 2117 339 2185 dautur,
354 2116 427 2173 lerro
442 2117 544 2183 onusti,
561 2117 589 2171 in
604 2131 732 2180 carcere:
935 2121 990 2176 Nec
1002 2122 1043 2176 sic
1057 2121 1199 2187 subactus,
1210 2121 1290 2177 laetus
1302 2122 1388 2177 antris
1404 2122 1533 2185 truditur,

70 2215 130 2280 Qua
146 2212 285 2270 sublevati
299 2212 396 2269 coelico
412 2212 512 2269 solatio
935 2210 1107 2282 sanctusque
1122 2211 1230 2265 Primus
1244 2211 1426 2267 lancinandus
1441 2212 1546 2267 sistitur

69 2304 202 2358 Gaudent
216 2301 330 2373 superni
344 2301 418 2376 regis
431 2301 470 2356 uti
486 2301 600 2356 nuntio:
935 2296 985 2362 Qui
1005 2297 1086 2352 valde
1098 2298 1178 2353 saevis
1188 2289 1342 2354 maceratns
1356 2299 1484 2361 fustibus.

70 2396 140 2450 ltem
160 2393 266 2449 reducti
280 2392 438 2464 principum
454 2389 648 2461 conspectibus
936 2385 1026 2442 Victor
1038 2394 1140 2442 catasta
1150 2387 1311 2443 sublevatur
1323 2388 1424 2453 editus,

69 2484 149 2539 Fano
160 2481 292 2554 applicari
305 2481 474 2552 deputantur
487 2478 619 2546 llerculis,
937 2474 1043 2531 Circum
1055 2475 1202 2549 flagrantes
1216 2477 1372 2549 accipitque
1387 2477 1545 2549 lampades;

71 2575 123 2629 Cui
144 2573 201 2627 liba
216 2572 288 2628 serre
300 2571 369 2627 torte
382 2571 405 2625 si
420 2575 629 2626 contemnerent
938 2567 1057 2624 invictus
1070 2567 1125 2624 alto
1139 2568 1203 2624 dum
1220 2570 1328 2625 renidet
1342 2570 1436 2640 praelio

72 2664 200 2717 immane
211 2668 297 2717 tortos
307 2660 394 2736 flagra
407 2660 467 2714 dira
477 2657 638 2713 subderent.
938 2656 1016 2712 Humi
1032 2657 1139 2713 refusus
1148 2658 1303 2728 applicatur
1315 2657 1426 2721 lectulo,

69 2753 222 2808 Tormenta
238 2751 310 2807 ricta
324 2749 455 2806 nuntiant
467 2748 533 2804 dnm
553 2747 655 2801 milites
937 2750 1144 2824 Plumbumque
1157 2753 1185 2807 in
1196 2768 1244 2809 ora
1258 2751 1379 2809 bulliens
1389 2753 1454 2808 dum
1469 2751 1593 2809 funditur

72 2844 181 2914 Legunt
193 2842 317 2898 furentes
329 2842 379 2899 hos
392 2841 521 2897 Promoto
538 2839 679 2911 principes
938 2841 1094 2897 Felicianns
1109 2842 1169 2897 dira
1182 2842 1272 2898 risere
1285 2842 1404 2898 additur.

70 2934 166 2990 Cruda
180 2933 323 2990 necandos
336 2933 489 3005 questione
501 2930 622 3004 presidi.
938 2934 1115 3006 angustiatur
1128 2949 1234 3004 praeses
1254 2933 1351 2989 ambos
1370 2933 1482 2988 intuens

72 3028 144 3081 ltem
155 3023 604 3096 tenebrismancipauturcarceris
899 3044 925 3114 C
940 3022 970 3075 ln
984 3021 1065 3076 lande
1080 3021 1177 3077 Christi
1192 3021 1303 3095 gloriari
1318 3021 1485 3086 immobiles,

74 3121 204 3191 itemque
218 3118 281 3174 coeli
291 3118 457 3174 roborantur
468 3115 586 3171 nuntiis.
939 3112 1112 3186 Cemensquc
1126 3114 1224 3182 rictus,
1235 3114 1438 3186 amphitheatm
1448 3112 1517 3184 jube

76 3208 175 3263 Plures
191 3212 317 3262 teruntur
329 3205 378 3261 ubi
394 3204 465 3271 dies,
481 3219 585 3275 praeses
595 3203 675 3271 jubet
939 3206 1001 3262 llari
1015 3206 1107 3263 lurore
1123 3206 1241 3275 bestiali,
1254 3216 1283 3262 nt
1296 3208 1405 3279 expleat

76 3299 148 3353 Foro
163 3297 198 3352 ad
218 3296 339 3352 tribunal
352 3295 476 3352 eulaiberi
490 3293 656 3366 praesidens;
870 3336 874 3342 .
940 3296 1018 3360 Quod
1032 3312 1088 3351 tion
1104 3294 1231 3370 flagellis,
1246 3297 1321 3369 igne,
1337 3298 1408 3352 lerro
1422 3296 1560 3367 praeualet.

76 3387 222 3457 llespousa
237 3385 300 3442 lorti
311 3385 483 3458 proterentes
493 3390 606 3455 pectore
941 3384 1013 3440 llissi
1024 3385 1119 3440 leones
1133 3385 1167 3440 ad
1182 3385 1267 3456 pedes
1282 3387 1379 3441 horum
1396 3395 1479 3441 ruunt

75 3478 152 3541 Quos
165 3474 288 3547 separari
300 3473 396 3530 fraude
408 3483 503 3530 censet
515 3471 643 3537 subdola,
944 3473 1068 3548 dgnique
1083 3476 1147 3531 laeti
1160 3485 1237 3532 torva
1252 3476 1336 3531 corda
1349 3476 1486 3542 nesciunt,

78 3567 214 3623 Fraterno
226 3565 344 3621 credens
356 3581 427 3638 quos
443 3572 554 3622 tuentur
567 3565 678 3632 robora,
943 3564 1067 3638 Aguntur
1081 3564 1146 3630 ursi,
1163 3572 1191 3619 et
1206 3564 1233 3618 hi
1245 3565 1353 3635 piorum
1369 3564 1457 3639 gloria

79 3661 128 3716 t'el
144 3666 291 3737 segregata
308 3659 483 3732 supprimant
495 3659 658 3715 certamina.
944 3653 1144 3708 immanitatem
1161 3661 1252 3708 mente
1271 3662 1379 3708 mutant
1390 3653 1492 3708 sobria.

81 3752 252 3808 Felicianum
268 3751 333 3807 binc
342 3751 443 3807 oradier
457 3752 602 3816 mandans,
615 3749 674 3805 loro
943 3741 1040 3796 lslhaec
1049 3756 1152 3797 corona
1165 3750 1302 3797 contuens
1315 3743 1498 3812 spectantium

82 3842 245 3915 spectante,
265 3840 371 3913 plumbi
386 3840 551 3912 proterentis
569 3840 694 3903 verbere,
943 3833 1073 3904 ldirisque
1091 3833 1154 3889 tacti
1169 3833 1254 3888 corda
1268 3833 1468 3889 decertantium

80 3933 142 3999 hut,
159 3930 272 4006 deligat.
289 3929 422 4002 proponit
436 3937 467 3984 ut
481 3929 559 3984 laetos
573 3928 633 3983 dies
944 3922 1056 3977 ltextraa
1071 3920 1135 3976 lidei
1151 3922 1186 3977 ad
1200 3921 1278 3979 mille
1292 3923 1460 3998 quingentos
1474 3922 1576 3978 ierunt.

81 4028 131 4081 tut
145 4024 302 4101 cogitandis
315 4023 447 4081 macerari
462 4021 608 4077 machinis.
944 4017 1052 4089 hugone
1066 4023 1160 4087 septus
1173 4031 1275 4088 praeses
1288 4017 1411 4089 undique
1424 4017 1536 4074 horrido

81 4117 112 4170 tlt
125 4114 175 4170 ille
192 4131 200 4168 :
224 4133 236 4163 ι
257 4113 305 4169 Cui
317 4112 423 4169 servire
436 4111 501 4186 legi,
516 4109 652 4165 serviam:
945 4106 1074 4162 llucrone
1086 4106 1154 4161 credi
1168 4106 1337 4179 gratulantes
1350 4107 1490 4179 precipit3

84 4209 140 4265 lere
151 4209 212 4279 jam
226 4209 366 4284 octoginta
380 4221 476 4261 cursus
490 4214 645 4275 temporum
947 4197 1033 4269 Regni
1045 4211 1161 4252 coronas
1174 4196 1215 4251 sic
1226 4196 1428 4267 triumphantes
1438 4204 1543 4267 petunt,

84 4299 331 4372 tibiurqnedent
344 4298 531 4354 macritatem
545 4310 678 4366 compen,
903 4332 930 4401 D
945 4287 990 4343 Sic
1001 4303 1085 4362 regna
1100 4287 1162 4343 coeli
1174 4287 1288 4363 gloriosi
1302 4288 1432 4353 subeunt,

85 4393 163 4458 lineis
173 4392 217 4447 nil
230 4397 381 4448 retrectans
394 4389 487 4445 saecub
503 4390 539 4443 de
553 4387 664 4462 nugulis
946 4379 1050 4450 Pioque
1060 4379 1250 4435 Nomentanus
1263 4394 1349 4453 agger
1360 4378 1464 4448 cespite

84 4483 191 4544 Servire
205 4498 315 4540 summo
326 4480 465 4539 Conditori
478 4480 596 4553 praetuli.
617 4499 629 4530 n
947 4473 967 4526 il
982 4473 1143 4528 Christianis
1160 4480 1237 4543 rupta
1250 4471 1345 4527 condit
1359 4472 1486 4546 pignora.

82 4572 119 4632 Sic
138 4574 311 4649 gloriantem
326 4586 430 4645 praeses
449 4571 550 4626 ardeus
564 4569 688 4635 uincere,

828 4665 935 4722 CAPUT
960 4666 1006 4721 lll.

749 4804 787 4863 ue
806 4809 909 4864 sancto
930 4800 1092 4862 Pancrati.

74 4938 246 5002 tancradus
259 4957 329 5013 puer
342 4943 395 4997 hac
406 4957 488 5017 reges
503 4941 555 4996 snb
571 4947 662 5015 strage
676 4939 827 5009 triumphat
949 4935 1104 4991 llincmulti
1114 4936 1188 4990 hunc
1201 4935 1305 4991 adeunt
1319 4935 1480 4992 discrimina
1493 4943 1567 4993 certa
1581 4945 1718 5013 rogantes,

73 5035 281 5107 AEternamqua
291 5033 477 5107 parateapitis
487 5032 616 5089 mercede
630 5046 772 5086 coronam.
948 5031 1033 5096 Quem
1053 5040 1166 5102 patruus
1181 5031 1247 5086 lorit
1259 5031 1415 5104 Dionysius,
1430 5038 1513 5105 atque
1527 5032 1613 5087 dicari

71 5122 208 5187 Hembra
223 5128 269 5198 pio
279 5127 392 5199 rapiens
405 5125 498 5182 studio
517 5123 648 5180 octavilla
659 5129 797 5186 venustat,
948 5122 1033 5178 Fonte
1041 5122 1117 5178 dedit
1132 5123 1204 5191 ritae,
1219 5122 1376 5195 Christique
1386 5124 1513 5179 accendit
1525 5140 1629 5189 amore,

74 5214 164 5278 fland
181 5220 278 5292 procul
299 5219 373 5276 Urbe
388 5227 496 5294 tegens,
511 5218 598 5272 virtus
611 5214 658 5270 ubi
675 5214 758 5288 digna
772 5220 898 5284 petentes
949 5214 1055 5270 Robore
1065 5211 1181 5269 firmavit
1194 5214 1254 5270 tuso
1268 5214 1374 5290 fulgere
1389 5231 1497 5280 cruore,

74 5301 205 5363 Damnat
219 5308 350 5364 inimicos
363 5306 478 5378 verique
493 5306 609 5361 adversa
625 5303 756 5359 terentes.
949 5305 1049 5377 Sicquc
1060 5305 1134 5360 diem
1149 5305 1282 5361 claudens
1297 5307 1407 5378 pietatis
1416 5322 1484 5378 pace
1499 5305 1612 5378 quierit.

72 5387 217 5453 Traditur
232 5396 288 5453 hue
300 5396 325 5452 si
337 5396 400 5470 quis
414 5395 506 5452 ueniat
521 5393 642 5466 perjuria
655 5399 777 5447 tractent
949 5401 1024 5455 Tunc
1037 5380 1114 5474 virgo
1129 5399 1253 5456 illlustris
1266 5417 1359 5456 seram
1375 5408 1417 5456 est
1432 5400 1536 5454 lucrata
1553 5398 1668 5453 salutem

73 5478 187 5553 Edere,
199 5488 244 5545 rel
255 5489 317 5546 diro
331 5489 437 5561 rapitur
450 5487 602 5560 spiramine
617 5493 716 5556 eaptus
953 5489 1080 5560 Corporis
1093 5490 1187 5545 attritu
1200 5491 1313 5560 capiens
1333 5490 1386 5545 boc
1399 5488 1510 5543 turbine
1523 5488 1652 5558 palmam.

74 5566 133 5633 Vel
149 5577 287 5650 delapsus
298 5578 382 5634 humo
395 5577 495 5636 uitales
505 5575 707 5633 deseritaums.
953 5578 1037 5634 Sacra
1047 5578 1104 5634 lieo
1113 5578 1217 5634 Soteris
1228 5578 1262 5647 (lt
1276 5585 1304 5633 et
1318 5584 1410 5633 mente
1425 5582 1452 5631 et
1467 5590 1582 5647 corpore
1598 5575 1671 5631 teliu.

242 5764 395 5829 Parnon.
421 5762 591 5829 CXXXV.
1581 5762 1633 5821 *ab
