<?xml version="1.0" encoding="UTF-8"?>
<!DOCTYPE html PUBLIC "-//W3C//DTD XHTML 1.0 Transitional//EN"
    "http://www.w3.org/TR/xhtml1/DTD/xhtml1-transitional.dtd">
<html xmlns="http://www.w3.org/1999/xhtml" xml:lang="en" lang="en">
 <head>
  <title>
</title>
<meta http-equiv="Content-Type" content="text/html;charset=utf-8" />
  <meta name='ocr-system' content='tesseract 3.04.00' />
  <meta name='ocr-capabilities' content='ocr_page ocr_carea ocr_par ocr_line ocrx_word'/>
</head>
<body>
  <div class='ocr_page' id='page_1' title='image "./patrologiaecurs08migngoog/patrologiaecurs08migngoog_0049.png"; bbox 0 0 3840 6106; ppageno 0'>
   <div class='ocr_carea' id='block_1_1' title="bbox 132 206 1800 292">
    <p class='ocr_par' dir='ltr' id='par_1_1' title="bbox 132 206 1800 292">
     <span class='ocr_line' id='line_1_1' title="bbox 132 206 1800 292; baseline 0.01 -17"><span class='ocrx_word' id='word_1_1' title='bbox 132 224 166 277; x_wconf 81' lang='lat' dir='ltr'><strong>tlt</strong></span> <span class='ocrx_word' id='word_1_2' title='bbox 422 206 431 215; x_wconf 47' lang='grc'><strong>”</strong></span> <span class='ocrx_word' id='word_1_3' title='bbox 661 224 873 280; x_wconf 78' lang='lat' dir='ltr'><strong>t‘tobonnbbs</strong></span> <span class='ocrx_word' id='word_1_4' title='bbox 894 225 1075 282; x_wconf 77' lang='lat' dir='ltr'><strong>ttnrtutctls</strong></span> <span class='ocrx_word' id='word_1_5' title='bbox 1097 229 1267 287; x_wconf 75' lang='lat' dir='ltr'><strong>utubNStS.</strong></span> <span class='ocrx_word' id='word_1_6' title='bbox 1766 239 1800 292; x_wconf 88' lang='lat'><strong>88</strong></span> 
     </span>
    </p>
   </div>
   <div class='ocr_carea' id='block_1_2' title="bbox 82 353 1806 4537">
    <p class='ocr_par' dir='ltr' id='par_1_2' title="bbox 82 353 1806 4537">
     <span class='ocr_line' id='line_1_2' title="bbox 136 353 1801 439; baseline 0.008 -33"><span class='ocrx_word' id='word_1_7' title='bbox 136 353 215 408; x_wconf 84' lang='lat' dir='ltr'><strong>ltons.</strong></span> <span class='ocrx_word' id='word_1_8' title='bbox 233 354 402 409; x_wconf 75' lang='lat' dir='ltr'><strong>convocator</strong></span> <span class='ocrx_word' id='word_1_9' title='bbox 420 372 434 408; x_wconf 89' lang='lat' dir='ltr'><strong>u</strong></span> <span class='ocrx_word' id='word_1_10' title='bbox 460 370 524 428; x_wconf 88' lang='lat' dir='ltr'><strong>rege</strong></span> <span class='ocrx_word' id='word_1_11' title='bbox 549 354 680 424; x_wconf 83' lang='lat' dir='ltr'><strong>primates</strong></span> <span class='ocrx_word' id='word_1_12' title='bbox 708 355 812 424; x_wconf 89' lang='lat' dir='ltr'><strong>populi,</strong></span> <span class='ocrx_word' id='word_1_13' title='bbox 830 356 865 410; x_wconf 92' lang='lat' dir='ltr'><strong>de</strong></span> <span class='ocrx_word' id='word_1_14' title='bbox 880 372 939 409; x_wconf 90' lang='lat' dir='ltr'><strong>ma·</strong></span> <span class='ocrx_word' id='word_1_15' title='bbox 953 361 977 426; x_wconf 72' lang='grc' dir='ltr'>Α</span> <span class='ocrx_word' id='word_1_16' title='bbox 992 357 1068 431; x_wconf 90' lang='lat' dir='ltr'><strong>regni</strong></span> <span class='ocrx_word' id='word_1_17' title='bbox 1087 358 1252 416; x_wconf 79' lang='lat' dir='ltr'>Francorum</span> <span class='ocrx_word' id='word_1_18' title='bbox 1281 364 1467 439; x_wconf 88' lang='lat' dir='ltr'><strong>gubernante,</strong></span> <span class='ocrx_word' id='word_1_19' title='bbox 1492 362 1677 438; x_wconf 73' lang='lat' dir='ltr'><strong>angilrannus</strong></span> <span class='ocrx_word' id='word_1_20' title='bbox 1694 363 1801 420; x_wconf 88' lang='lat' dir='ltr'><strong>aulico-</strong></span> 
     </span>
     <span class='ocr_line' id='line_1_3' title="bbox 82 445 1799 525; baseline 0.005 -27"><span class='ocrx_word' id='word_1_21' title='bbox 82 477 88 484; x_wconf 88' lang='lat'><strong>·</strong></span> <span class='ocrx_word' id='word_1_22' title='bbox 135 445 280 517; x_wconf 84' lang='lat' dir='ltr'><strong>gnitudine</strong></span> <span class='ocrx_word' id='word_1_23' title='bbox 304 446 530 520; x_wconf 75' lang='lat' dir='ltr'>congratulantur</span> <span class='ocrx_word' id='word_1_24' title='bbox 554 446 689 511; x_wconf 75' lang='lat' dir='ltr'><strong>miraculi,</strong></span> <span class='ocrx_word' id='word_1_25' title='bbox 718 447 792 518; x_wconf 91' lang='lat' dir='ltr'><strong>quod</strong></span> <span class='ocrx_word' id='word_1_26' title='bbox 817 446 940 502; x_wconf 90' lang='lat' dir='ltr'><strong>tamcito</strong></span> <span class='ocrx_word' id='word_1_27' title='bbox 991 448 1185 517; x_wconf 90' lang='lat' dir='ltr'><strong>rumquidam,</strong></span> <span class='ocrx_word' id='word_1_28' title='bbox 1201 451 1360 508; x_wconf 89' lang='lat' dir='ltr'><strong>traditionis</strong></span> <span class='ocrx_word' id='word_1_29' title='bbox 1376 453 1458 521; x_wconf 86' lang='lat' dir='ltr'><strong>hujus</strong></span> <span class='ocrx_word' id='word_1_30' title='bbox 1473 451 1707 525; x_wconf 88' lang='lat' dir='ltr'><strong>ignarus,arege</strong></span> <span class='ocrx_word' id='word_1_31' title='bbox 1723 451 1799 508; x_wconf 89' lang='lat' dir='ltr'><strong>llen-</strong></span> 
     </span>
     <span class='ocr_line' id='line_1_4' title="bbox 137 537 1799 621; baseline 0.004 -29"><span class='ocrx_word' id='word_1_32' title='bbox 137 556 182 593; x_wconf 83' lang='lat' dir='ltr'><strong>rex</strong></span> <span class='ocrx_word' id='word_1_33' title='bbox 193 539 308 593; x_wconf 87' lang='lat' dir='ltr'><strong>senserit</strong></span> <span class='ocrx_word' id='word_1_34' title='bbox 323 539 452 593; x_wconf 83' lang='lat' dir='ltr'><strong>virtulem</strong></span> <span class='ocrx_word' id='word_1_35' title='bbox 473 537 606 609; x_wconf 88' lang='lat' dir='ltr'><strong>spiritalis</strong></span> <span class='ocrx_word' id='word_1_36' title='bbox 620 539 825 605; x_wconf 79' lang='lat' dir='ltr'><strong>medicamenti,</strong></span> <span class='ocrx_word' id='word_1_37' title='bbox 842 549 870 596; x_wconf 89' lang='lat' dir='ltr'><strong>et</strong></span> <span class='ocrx_word' id='word_1_38' title='bbox 891 541 957 621; x_wconf 24' lang='lat' dir='ltr'><strong>[ull.</strong></span> <span class='ocrx_word' id='word_1_39' title='bbox 992 546 1085 600; x_wconf 86' lang='lat' dir='ltr'><strong>derant</strong></span> <span class='ocrx_word' id='word_1_40' title='bbox 1102 541 1155 598; x_wconf 91' lang='lat' dir='ltr'><strong>sibi</strong></span> <span class='ocrx_word' id='word_1_41' title='bbox 1170 543 1290 613; x_wconf 90' lang='lat' dir='ltr'><strong>postulat</strong></span> <span class='ocrx_word' id='word_1_42' title='bbox 1317 544 1386 599; x_wconf 91' lang='lat' dir='ltr'><strong>dari.</strong></span> <span class='ocrx_word' id='word_1_43' title='bbox 1412 544 1489 610; x_wconf 81' lang='lat' dir='ltr'><strong>Quod</strong></span> <span class='ocrx_word' id='word_1_44' title='bbox 1518 544 1566 600; x_wconf 92' lang='lat' dir='ltr'><strong>ubi</strong></span> <span class='ocrx_word' id='word_1_45' title='bbox 1583 560 1631 600; x_wconf 89' lang='lat' dir='ltr'><strong>rex</strong></span> <span class='ocrx_word' id='word_1_46' title='bbox 1645 545 1799 611; x_wconf 87' lang='lat' dir='ltr'><strong>annuisset,</strong></span> 
     </span>
     <span class='ocr_line' id='line_1_5' title="bbox 137 626 1801 715; baseline 0.005 -35"><span class='ocrx_word' id='word_1_47' title='bbox 137 627 238 681; x_wconf 86' lang='lat' dir='ltr'><strong>nullius</strong></span> <span class='ocrx_word' id='word_1_48' title='bbox 251 626 386 683; x_wconf 82' lang='lat' dir='ltr'><strong>cicatricis</strong></span> <span class='ocrx_word' id='word_1_49' title='bbox 398 628 524 700; x_wconf 85' lang='lat' dir='ltr'><strong>vestigia,</strong></span> <span class='ocrx_word' id='word_1_50' title='bbox 536 629 639 683; x_wconf 91' lang='lat' dir='ltr'><strong>nullius</strong></span> <span class='ocrx_word' id='word_1_51' title='bbox 658 629 794 702; x_wconf 85' lang='lat' dir='ltr'><strong>caliginis,</strong></span> <span class='ocrx_word' id='word_1_52' title='bbox 810 634 851 686; x_wconf 86' lang='lat' dir='ltr'><strong>vel</strong></span> <span class='ocrx_word' id='word_1_53' title='bbox 862 631 942 704; x_wconf 83' lang='lat' dir='ltr'><strong>glau-</strong></span> <span class='ocrx_word' id='word_1_54' title='bbox 992 633 1108 689; x_wconf 89' lang='lat' dir='ltr'><strong>audiens</strong></span> <span class='ocrx_word' id='word_1_55' title='bbox 1121 632 1241 686; x_wconf 91' lang='lat' dir='ltr'><strong>domnus</strong></span> <span class='ocrx_word' id='word_1_56' title='bbox 1251 631 1412 687; x_wconf 92' lang='lat' dir='ltr'><strong>llincmarus</strong></span> <span class='ocrx_word' id='word_1_57' title='bbox 1420 631 1530 703; x_wconf 76' lang='lat' dir='ltr'><strong>praesul.</strong></span> <span class='ocrx_word' id='word_1_58' title='bbox 1547 631 1699 715; x_wconf 88' lang='lat' dir='ltr'><strong>quisedem</strong></span> <span class='ocrx_word' id='word_1_59' title='bbox 1723 640 1801 689; x_wconf 89' lang='lat' dir='ltr'><strong>tene-</strong></span> 
     </span>
     <span class='ocr_line' id='line_1_6' title="bbox 134 716 1801 794; baseline 0.004 -25"><span class='ocrx_word' id='word_1_60' title='bbox 134 732 219 770; x_wconf 77' lang='lat' dir='ltr'><strong>romre</strong></span> <span class='ocrx_word' id='word_1_61' title='bbox 237 716 370 772; x_wconf 80' lang='lat' dir='ltr'><strong>resideret</strong></span> <span class='ocrx_word' id='word_1_62' title='bbox 384 717 585 772; x_wconf 89' lang='lat' dir='ltr'><strong>inoculosalnti</strong></span> <span class='ocrx_word' id='word_1_63' title='bbox 601 717 708 774; x_wconf 89' lang='lat' dir='ltr'><strong>reddito</strong></span> <span class='ocrx_word' id='word_1_64' title='bbox 724 721 941 787; x_wconf 73' lang='lat' dir='ltr'><strong>maculabuan-</strong></span> <span class='ocrx_word' id='word_1_65' title='bbox 992 723 1040 777; x_wconf 89' lang='lat' dir='ltr'><strong>bat</strong></span> <span class='ocrx_word' id='word_1_66' title='bbox 1055 722 1183 778; x_wconf 83' lang='lat' dir='ltr'><strong>Ecclesiae</strong></span> <span class='ocrx_word' id='word_1_67' title='bbox 1196 720 1350 785; x_wconf 82' lang='lat' dir='ltr'><strong>Remensis,</strong></span> <span class='ocrx_word' id='word_1_68' title='bbox 1368 722 1438 776; x_wconf 93' lang='lat' dir='ltr'><strong>hanc</strong></span> <span class='ocrx_word' id='word_1_69' title='bbox 1454 719 1575 776; x_wconf 84' lang='lat' dir='ltr'><strong>infiscari</strong></span> <span class='ocrx_word' id='word_1_70' title='bbox 1586 720 1689 788; x_wconf 90' lang='lat' dir='ltr'><strong>villam,</strong></span> <span class='ocrx_word' id='word_1_71' title='bbox 1700 721 1801 794; x_wconf 84' lang='lat' dir='ltr'><strong>regalis</strong></span> 
     </span>
     <span class='ocr_line' id='line_1_7' title="bbox 90 805 1797 883; baseline 0.004 -23"><span class='ocrx_word' id='word_1_72' title='bbox 90 831 97 845; x_wconf 62' lang='grc' dir='ltr'><em>ν</em></span> <span class='ocrx_word' id='word_1_73' title='bbox 135 806 169 860; x_wconf 89' lang='lat' dir='ltr'><strong>tis</strong></span> <span class='ocrx_word' id='word_1_74' title='bbox 182 805 335 859; x_wconf 90' lang='lat' dir='ltr'><strong>honoribus</strong></span> <span class='ocrx_word' id='word_1_75' title='bbox 350 822 396 860; x_wconf 90' lang='lat' dir='ltr'><strong>rex</strong></span> <span class='ocrx_word' id='word_1_76' title='bbox 416 806 580 862; x_wconf 71' lang='lat' dir='ltr'><strong>sublimaret</strong></span> <span class='ocrx_word' id='word_1_77' title='bbox 595 805 727 861; x_wconf 82' lang='lat' dir='ltr'><strong>famulum</strong></span> <span class='ocrx_word' id='word_1_78' title='bbox 739 808 837 863; x_wconf 79' lang='lat' dir='ltr'><strong>Christi</strong></span> <span class='ocrx_word' id='word_1_79' title='bbox 854 810 877 863; x_wconf 91' lang='lat' dir='ltr'><strong>si</strong></span> <span class='ocrx_word' id='word_1_80' title='bbox 887 811 942 864; x_wconf 92' lang='lat' dir='ltr'><strong>vel·</strong></span> <span class='ocrx_word' id='word_1_81' title='bbox 994 812 1122 883; x_wconf 78' lang='lat' dir='ltr'><strong>praecepti</strong></span> <span class='ocrx_word' id='word_1_82' title='bbox 1142 813 1263 867; x_wconf 89' lang='lat' dir='ltr'><strong>chartam</strong></span> <span class='ocrx_word' id='word_1_83' title='bbox 1280 810 1308 864; x_wconf 92' lang='lat' dir='ltr'><strong>in</strong></span> <span class='ocrx_word' id='word_1_84' title='bbox 1327 810 1455 865; x_wconf 84' lang='lat' dir='ltr'><strong>Ecclesiae</strong></span> <span class='ocrx_word' id='word_1_85' title='bbox 1474 810 1682 880; x_wconf 85' lang='lat' dir='ltr'><strong>hujusarchivo</strong></span> <span class='ocrx_word' id='word_1_86' title='bbox 1696 827 1797 883; x_wconf 91' lang='lat' dir='ltr'><strong>reper-</strong></span> 
     </span>
     <span class='ocr_line' id='line_1_8' title="bbox 136 893 1798 971; baseline 0.007 -23"><span class='ocrx_word' id='word_1_87' title='bbox 136 897 182 959; x_wconf 90' lang='lat' dir='ltr'><strong>let,</strong></span> <span class='ocrx_word' id='word_1_88' title='bbox 199 913 229 950; x_wconf 90' lang='lat' dir='ltr'><strong>ac</strong></span> <span class='ocrx_word' id='word_1_89' title='bbox 246 895 539 968; x_wconf 84' lang='lat' dir='ltr'><strong>quantisrnurieribus,</strong></span> <span class='ocrx_word' id='word_1_90' title='bbox 551 896 592 949; x_wconf 89' lang='lat' dir='ltr'><strong>vel</strong></span> <span class='ocrx_word' id='word_1_91' title='bbox 610 893 794 969; x_wconf 78' lang='lat' dir='ltr'><strong>dignitatibus</strong></span> <span class='ocrx_word' id='word_1_92' title='bbox 810 912 942 951; x_wconf 90' lang='lat' dir='ltr'><strong>remune-</strong></span> <span class='ocrx_word' id='word_1_93' title='bbox 994 909 1058 967; x_wconf 85' lang='lat' dir='ltr'><strong>tam,</strong></span> <span class='ocrx_word' id='word_1_94' title='bbox 1085 903 1204 959; x_wconf 89' lang='lat' dir='ltr'><strong>dationis</strong></span> <span class='ocrx_word' id='word_1_95' title='bbox 1225 902 1340 971; x_wconf 87' lang='lat' dir='ltr'><strong>hujusce</strong></span> <span class='ocrx_word' id='word_1_96' title='bbox 1359 902 1457 956; x_wconf 89' lang='lat' dir='ltr'><strong>seriem</strong></span> <span class='ocrx_word' id='word_1_97' title='bbox 1486 901 1675 958; x_wconf 88' lang='lat' dir='ltr'><strong>continentem</strong></span> <span class='ocrx_word' id='word_1_98' title='bbox 1700 902 1798 960; x_wconf 83' lang='lat' dir='ltr'><strong>Karolo</strong></span> 
     </span>
     <span class='ocr_line' id='line_1_9' title="bbox 136 983 1801 1065; baseline 0.006 -28"><span class='ocrx_word' id='word_1_99' title='bbox 136 992 215 1042; x_wconf 51' lang='lat' dir='ltr'><strong>reret,</strong></span> <span class='ocrx_word' id='word_1_100' title='bbox 234 985 257 1038; x_wconf 81' lang='lat' dir='ltr'><strong>si</strong></span> <span class='ocrx_word' id='word_1_101' title='bbox 292 993 464 1054; x_wconf 88' lang='lat' dir='ltr'><strong>contemptor</strong></span> <span class='ocrx_word' id='word_1_102' title='bbox 487 983 547 1054; x_wconf 92' lang='lat' dir='ltr'><strong>ipso</strong></span> <span class='ocrx_word' id='word_1_103' title='bbox 574 984 742 1060; x_wconf 87' lang='lat' dir='ltr'><strong>dignitatum</strong></span> <span class='ocrx_word' id='word_1_104' title='bbox 757 985 939 1054; x_wconf 90' lang='lat' dir='ltr'><strong>permitteret.</strong></span> <span class='ocrx_word' id='word_1_105' title='bbox 992 992 1086 1062; x_wconf 77' lang='lat' dir='ltr'><strong>mittit,</strong></span> <span class='ocrx_word' id='word_1_106' title='bbox 1102 1000 1129 1047; x_wconf 82' lang='lat' dir='ltr'><strong>et</strong></span> <span class='ocrx_word' id='word_1_107' title='bbox 1154 1008 1188 1046; x_wconf 88' lang='lat' dir='ltr'><strong>ne</strong></span> <span class='ocrx_word' id='word_1_108' title='bbox 1202 998 1297 1046; x_wconf 90' lang='lat' dir='ltr'><strong>contra</strong></span> <span class='ocrx_word' id='word_1_109' title='bbox 1321 991 1409 1065; x_wconf 89' lang='lat' dir='ltr'><strong>legem</strong></span> <span class='ocrx_word' id='word_1_110' title='bbox 1437 991 1598 1047; x_wconf 90' lang='lat' dir='ltr'><strong>eanonicam</strong></span> <span class='ocrx_word' id='word_1_111' title='bbox 1625 1007 1670 1046; x_wconf 86' lang='lat' dir='ltr'><strong>res</strong></span> <span class='ocrx_word' id='word_1_112' title='bbox 1685 1000 1801 1065; x_wconf 89' lang='lat' dir='ltr'><strong>usurpet</strong></span> 
     </span>
     <span class='ocr_line' id='line_1_10' title="bbox 135 1071 1801 1153; baseline 0.007 -27"><span class='ocrx_word' id='word_1_113' title='bbox 135 1073 204 1138; x_wconf 78' lang='lat' dir='ltr'><strong>Quid</strong></span> <span class='ocrx_word' id='word_1_114' title='bbox 217 1073 290 1127; x_wconf 90' lang='lat' dir='ltr'><strong>enim</strong></span> <span class='ocrx_word' id='word_1_115' title='bbox 302 1073 382 1128; x_wconf 91' lang='lat' dir='ltr'><strong>oculo</strong></span> <span class='ocrx_word' id='word_1_116' title='bbox 407 1073 433 1126; x_wconf 94' lang='lat' dir='ltr'><strong>in</strong></span> <span class='ocrx_word' id='word_1_117' title='bbox 448 1088 562 1144; x_wconf 90' lang='lat' dir='ltr'><strong>corpore</strong></span> <span class='ocrx_word' id='word_1_118' title='bbox 587 1073 699 1128; x_wconf 90' lang='lat' dir='ltr'><strong>charius</strong></span> <span class='ocrx_word' id='word_1_119' title='bbox 716 1071 730 1125; x_wconf 82' lang='lat' dir='ltr'><strong>l</strong></span> <span class='ocrx_word' id='word_1_120' title='bbox 745 1073 798 1128; x_wconf 85' lang='lat' dir='ltr'><strong>Sed</strong></span> <span class='ocrx_word' id='word_1_121' title='bbox 814 1075 941 1131; x_wconf 85' lang='lat' dir='ltr'><strong>humanae</strong></span> <span class='ocrx_word' id='word_1_122' title='bbox 993 1082 1129 1148; x_wconf 72' lang='lat' dir='ltr'><strong>Ecclesiae,</strong></span> <span class='ocrx_word' id='word_1_123' title='bbox 1143 1080 1380 1137; x_wconf 74' lang='lat' dir='ltr'><strong>commonefacere</strong></span> <span class='ocrx_word' id='word_1_124' title='bbox 1394 1080 1503 1153; x_wconf 83' lang='lat' dir='ltr'><strong>satagit.</strong></span> <span class='ocrx_word' id='word_1_125' title='bbox 1530 1082 1560 1135; x_wconf 92' lang='lat' dir='ltr'><strong>ln</strong></span> <span class='ocrx_word' id='word_1_126' title='bbox 1582 1097 1637 1153; x_wconf 91' lang='lat' dir='ltr'><strong>quo</strong></span> <span class='ocrx_word' id='word_1_127' title='bbox 1660 1089 1801 1153; x_wconf 82' lang='lat' dir='ltr'><strong>praecepto</strong></span> 
     </span>
     <span class='ocr_line' id='line_1_11' title="bbox 138 1165 1802 1243; baseline 0.005 -26"><span class='ocrx_word' id='word_1_128' title='bbox 138 1165 227 1220; x_wconf 89' lang='lat' dir='ltr'><strong>laudis</strong></span> <span class='ocrx_word' id='word_1_129' title='bbox 239 1165 424 1220; x_wconf 87' lang='lat' dir='ltr'><strong>otmundanae</strong></span> <span class='ocrx_word' id='word_1_130' title='bbox 435 1165 628 1222; x_wconf 89' lang='lat' dir='ltr'><strong>retributionis</strong></span> <span class='ocrx_word' id='word_1_131' title='bbox 648 1166 754 1238; x_wconf 80' lang='lat' dir='ltr'><strong>refuga,</strong></span> <span class='ocrx_word' id='word_1_132' title='bbox 770 1167 855 1239; x_wconf 89' lang='lat' dir='ltr'><strong>gratis</strong></span> <span class='ocrx_word' id='word_1_133' title='bbox 875 1168 940 1224; x_wconf 91' lang='lat' dir='ltr'><strong>dare</strong></span> <span class='ocrx_word' id='word_1_134' title='bbox 993 1169 1139 1226; x_wconf 80' lang='lat' dir='ltr'><strong>manifeste</strong></span> <span class='ocrx_word' id='word_1_135' title='bbox 1157 1170 1259 1243; x_wconf 88' lang='lat' dir='ltr'><strong>legitur</strong></span> <span class='ocrx_word' id='word_1_136' title='bbox 1282 1169 1422 1242; x_wconf 91' lang='lat' dir='ltr'><strong>quomodo</strong></span> <span class='ocrx_word' id='word_1_137' title='bbox 1447 1185 1495 1224; x_wconf 83' lang='lat' dir='ltr'><strong>rex</strong></span> <span class='ocrx_word' id='word_1_138' title='bbox 1519 1169 1717 1238; x_wconf 89' lang='lat' dir='ltr'><strong>Theodericus,</strong></span> <span class='ocrx_word' id='word_1_139' title='bbox 1751 1185 1802 1242; x_wconf 91' lang='lat' dir='ltr'><strong>pro</strong></span> 
     </span>
     <span class='ocr_line' id='line_1_12' title="bbox 137 1255 1800 1333; baseline 0.003 -24"><span class='ocrx_word' id='word_1_140' title='bbox 137 1255 233 1312; x_wconf 91' lang='lat' dir='ltr'><strong>maluit</strong></span> <span class='ocrx_word' id='word_1_141' title='bbox 245 1257 318 1328; x_wconf 90' lang='lat' dir='ltr'><strong>quod</strong></span> <span class='ocrx_word' id='word_1_142' title='bbox 334 1258 418 1331; x_wconf 90' lang='lat' dir='ltr'><strong>gratis</strong></span> <span class='ocrx_word' id='word_1_143' title='bbox 433 1257 540 1328; x_wconf 89' lang='lat' dir='ltr'><strong>accepit</strong></span> <span class='ocrx_word' id='word_1_144' title='bbox 558 1275 563 1310; x_wconf 97' lang='lat'><strong>:</strong></span> <span class='ocrx_word' id='word_1_145' title='bbox 579 1266 660 1330; x_wconf 90' lang='lat' dir='ltr'><strong>atque</strong></span> <span class='ocrx_word' id='word_1_146' title='bbox 676 1259 717 1313; x_wconf 89' lang='lat' dir='ltr'><strong>vir</strong></span> <span class='ocrx_word' id='word_1_147' title='bbox 732 1274 838 1333; x_wconf 73' lang='lat' dir='ltr'><strong>magnae</strong></span> <span class='ocrx_word' id='word_1_148' title='bbox 850 1259 940 1314; x_wconf 90' lang='lat' dir='ltr'><strong>humi·</strong></span> <span class='ocrx_word' id='word_1_149' title='bbox 992 1260 1202 1317; x_wconf 87' lang='lat' dir='ltr'><strong>resuscitatione</strong></span> <span class='ocrx_word' id='word_1_150' title='bbox 1220 1259 1282 1314; x_wconf 81' lang='lat' dir='ltr'><strong>saliae</strong></span> <span class='ocrx_word' id='word_1_151' title='bbox 1305 1256 1331 1311; x_wconf 87' lang='lat' dir='ltr'><strong>S.</strong></span> <span class='ocrx_word' id='word_1_152' title='bbox 1359 1258 1521 1314; x_wconf 84' lang='lat' dir='ltr'><strong>Theoderici</strong></span> <span class='ocrx_word' id='word_1_153' title='bbox 1533 1258 1800 1330; x_wconf 87' lang='lat' dir='ltr'><strong>precibasobteuta,</strong></span> 
     </span>
     <span class='ocr_line' id='line_1_13' title="bbox 137 1346 1802 1423; baseline 0.006 -25"><span class='ocrx_word' id='word_1_154' title='bbox 137 1346 233 1412; x_wconf 90' lang='lat' dir='ltr'><strong>litatis,</strong></span> <span class='ocrx_word' id='word_1_155' title='bbox 250 1346 386 1402; x_wconf 90' lang='lat' dir='ltr'><strong>sollicitus</strong></span> <span class='ocrx_word' id='word_1_156' title='bbox 399 1348 499 1422; x_wconf 89' lang='lat' dir='ltr'><strong>neregi</strong></span> <span class='ocrx_word' id='word_1_157' title='bbox 514 1346 585 1402; x_wconf 86' lang='lat' dir='ltr'><strong>loret</strong></span> <span class='ocrx_word' id='word_1_158' title='bbox 595 1348 739 1415; x_wconf 79' lang='lat' dir='ltr'><strong>univocus,</strong></span> <span class='ocrx_word' id='word_1_159' title='bbox 758 1349 824 1419; x_wconf 89' lang='lat' dir='ltr'><strong>petit</strong></span> <span class='ocrx_word' id='word_1_160' title='bbox 843 1359 939 1405; x_wconf 90' lang='lat' dir='ltr'><strong>utnon</strong></span> <span class='ocrx_word' id='word_1_161' title='bbox 991 1367 1045 1407; x_wconf 93' lang='lat' dir='ltr'><strong>non</strong></span> <span class='ocrx_word' id='word_1_162' title='bbox 1061 1352 1149 1407; x_wconf 89' lang='lat' dir='ltr'><strong>solum</strong></span> <span class='ocrx_word' id='word_1_163' title='bbox 1163 1357 1342 1423; x_wconf 79' lang='lat' dir='ltr'><strong>praenotatam</strong></span> <span class='ocrx_word' id='word_1_164' title='bbox 1355 1348 1502 1405; x_wconf 83' lang='lat' dir='ltr'><strong>conserens</strong></span> <span class='ocrx_word' id='word_1_165' title='bbox 1513 1351 1539 1405; x_wconf 94' lang='lat' dir='ltr'><strong>ei</strong></span> <span class='ocrx_word' id='word_1_166' title='bbox 1559 1349 1663 1416; x_wconf 90' lang='lat' dir='ltr'><strong>villam,</strong></span> <span class='ocrx_word' id='word_1_167' title='bbox 1679 1353 1727 1408; x_wconf 79' lang='lat' dir='ltr'><strong>liei</strong></span> <span class='ocrx_word' id='word_1_168' title='bbox 1742 1369 1802 1408; x_wconf 90' lang='lat' dir='ltr'><strong>ser·</strong></span> 
     </span>
     <span class='ocr_line' id='line_1_14' title="bbox 135 1439 1799 1519; baseline 0.005 -27"><span class='ocrx_word' id='word_1_169' title='bbox 135 1439 320 1494; x_wconf 86' lang='lat' dir='ltr'><strong>Theodericus</strong></span> <span class='ocrx_word' id='word_1_170' title='bbox 347 1440 381 1493; x_wconf 92' lang='lat' dir='ltr'><strong>de</strong></span> <span class='ocrx_word' id='word_1_171' title='bbox 408 1449 519 1506; x_wconf 78' lang='lat' dir='ltr'><strong>caetero,</strong></span> <span class='ocrx_word' id='word_1_172' title='bbox 548 1441 615 1513; x_wconf 91' lang='lat' dir='ltr'><strong>quin</strong></span> <span class='ocrx_word' id='word_1_173' title='bbox 637 1448 749 1497; x_wconf 88' lang='lat' dir='ltr'><strong>vocetur</strong></span> <span class='ocrx_word' id='word_1_174' title='bbox 773 1442 938 1499; x_wconf 89' lang='lat' dir='ltr'><strong>Theodorio.</strong></span> <span class='ocrx_word' id='word_1_175' title='bbox 991 1462 1053 1500; x_wconf 89' lang='lat' dir='ltr'><strong>vum</strong></span> <span class='ocrx_word' id='word_1_176' title='bbox 1078 1445 1120 1500; x_wconf 92' lang='lat' dir='ltr'><strong>sni</strong></span> <span class='ocrx_word' id='word_1_177' title='bbox 1136 1443 1259 1499; x_wconf 90' lang='lat' dir='ltr'><strong>muneris</strong></span> <span class='ocrx_word' id='word_1_178' title='bbox 1284 1443 1389 1498; x_wconf 91' lang='lat' dir='ltr'><strong>honore</strong></span> <span class='ocrx_word' id='word_1_179' title='bbox 1405 1442 1565 1512; x_wconf 71' lang='lat' dir='ltr'><strong>praetulerit,</strong></span> <span class='ocrx_word' id='word_1_180' title='bbox 1585 1443 1653 1515; x_wconf 87' lang='lat' dir='ltr'><strong>quin</strong></span> <span class='ocrx_word' id='word_1_181' title='bbox 1668 1452 1697 1500; x_wconf 91' lang='lat' dir='ltr'><strong>et</strong></span> <span class='ocrx_word' id='word_1_182' title='bbox 1710 1447 1799 1519; x_wconf 88' lang='lat' dir='ltr'><strong>megi-</strong></span> 
     </span>
     <span class='ocr_line' id='line_1_15' title="bbox 136 1531 1799 1606; baseline 0.001 -20"><span class='ocrx_word' id='word_1_183' title='bbox 136 1533 211 1587; x_wconf 90' lang='lat' dir='ltr'><strong>Tunc</strong></span> <span class='ocrx_word' id='word_1_184' title='bbox 225 1550 271 1587; x_wconf 89' lang='lat' dir='ltr'><strong>rex</strong></span> <span class='ocrx_word' id='word_1_185' title='bbox 290 1533 440 1588; x_wconf 89' lang='lat' dir='ltr'><strong>admiratus</strong></span> <span class='ocrx_word' id='word_1_186' title='bbox 456 1532 610 1604; x_wconf 83' lang='lat' dir='ltr'><strong>purissimae</strong></span> <span class='ocrx_word' id='word_1_187' title='bbox 624 1532 809 1604; x_wconf 84' lang='lat' dir='ltr'><strong>simplicitatis</strong></span> <span class='ocrx_word' id='word_1_188' title='bbox 829 1534 942 1591; x_wconf 90' lang='lat' dir='ltr'><strong>humili·</strong></span> <span class='ocrx_word' id='word_1_189' title='bbox 991 1545 1058 1601; x_wconf 89' lang='lat' dir='ltr'><strong>stro,</strong></span> <span class='ocrx_word' id='word_1_190' title='bbox 1073 1532 1301 1606; x_wconf 86' lang='lat' dir='ltr'><strong>praestantissimo</strong></span> <span class='ocrx_word' id='word_1_191' title='bbox 1325 1531 1430 1588; x_wconf 89' lang='lat' dir='ltr'><strong>scilicet</strong></span> <span class='ocrx_word' id='word_1_192' title='bbox 1456 1531 1593 1605; x_wconf 86' lang='lat' dir='ltr'><strong>Remigio,</strong></span> <span class='ocrx_word' id='word_1_193' title='bbox 1604 1532 1649 1587; x_wconf 92' lang='lat' dir='ltr'><strong>cui</strong></span> <span class='ocrx_word' id='word_1_194' title='bbox 1665 1532 1799 1588; x_wconf 86' lang='lat' dir='ltr'><strong>[lominus</strong></span> 
     </span>
     <span class='ocr_line' id='line_1_16' title="bbox 138 1625 1795 1703; baseline 0.002 -25"><span class='ocrx_word' id='word_1_195' title='bbox 138 1632 230 1688; x_wconf 88' lang='lat' dir='ltr'><strong>tatem,</strong></span> <span class='ocrx_word' id='word_1_196' title='bbox 248 1625 715 1691; x_wconf 87' lang='lat' dir='ltr'><strong>venerabilesmanusdeosculans,</strong></span> <span class='ocrx_word' id='word_1_197' title='bbox 727 1625 878 1681; x_wconf 91' lang='lat' dir='ltr'><strong>sacerdotis</strong></span> <span class='ocrx_word' id='word_1_198' title='bbox 891 1626 941 1684; x_wconf 90' lang='lat' dir='ltr'><strong>be·</strong></span> <span class='ocrx_word' id='word_1_199' title='bbox 992 1637 1095 1682; x_wconf 90' lang='lat' dir='ltr'><strong>tantam</strong></span> <span class='ocrx_word' id='word_1_200' title='bbox 1125 1626 1241 1703; x_wconf 83' lang='lat' dir='ltr'><strong>gratiam</strong></span> <span class='ocrx_word' id='word_1_201' title='bbox 1267 1625 1431 1691; x_wconf 89' lang='lat' dir='ltr'><strong>contulerat,</strong></span> <span class='ocrx_word' id='word_1_202' title='bbox 1457 1632 1486 1679; x_wconf 91' lang='lat' dir='ltr'><strong>ut</strong></span> <span class='ocrx_word' id='word_1_203' title='bbox 1514 1625 1596 1679; x_wconf 89' lang='lat' dir='ltr'><strong>talem</strong></span> <span class='ocrx_word' id='word_1_204' title='bbox 1625 1625 1795 1697; x_wconf 91' lang='lat' dir='ltr'><strong>discipulum</strong></span> 
     </span>
     <span class='ocr_line' id='line_1_17' title="bbox 137 1714 1797 1789; baseline 0.002 -22"><span class='ocrx_word' id='word_1_205' title='bbox 137 1714 580 1788; x_wconf 88' lang='lat' dir='ltr'><strong>nedictionemdovotepostulat,</strong></span> <span class='ocrx_word' id='word_1_206' title='bbox 612 1726 640 1774; x_wconf 88' lang='lat' dir='ltr'><strong>et</strong></span> <span class='ocrx_word' id='word_1_207' title='bbox 653 1735 717 1774; x_wconf 92' lang='lat' dir='ltr'><strong>eum</strong></span> <span class='ocrx_word' id='word_1_208' title='bbox 738 1718 891 1775; x_wconf 91' lang='lat' dir='ltr'><strong>honorilice</strong></span> <span class='ocrx_word' id='word_1_209' title='bbox 906 1721 940 1774; x_wconf 92' lang='lat' dir='ltr'><strong>ad</strong></span> <span class='ocrx_word' id='word_1_210' title='bbox 993 1718 1118 1785; x_wconf 90' lang='lat' dir='ltr'><strong>haberet,</strong></span> <span class='ocrx_word' id='word_1_211' title='bbox 1134 1716 1181 1788; x_wconf 91' lang='lat' dir='ltr'><strong>qni</strong></span> <span class='ocrx_word' id='word_1_212' title='bbox 1205 1715 1324 1787; x_wconf 86' lang='lat' dir='ltr'><strong>Spiritus</strong></span> <span class='ocrx_word' id='word_1_213' title='bbox 1348 1715 1435 1770; x_wconf 90' lang='lat' dir='ltr'><strong>saneti</strong></span> <span class='ocrx_word' id='word_1_214' title='bbox 1467 1716 1550 1780; x_wconf 91' lang='lat' dir='ltr'><strong>dono,</strong></span> <span class='ocrx_word' id='word_1_215' title='bbox 1574 1716 1797 1789; x_wconf 86' lang='lat' dir='ltr'><strong>sicutetmagi·</strong></span> 
     </span>
     <span class='ocr_line' id='line_1_18' title="bbox 136 1803 1797 1879; baseline 0.003 -23"><span class='ocrx_word' id='word_1_216' title='bbox 136 1803 332 1858; x_wconf 87' lang='lat' dir='ltr'><strong>sunmdeduci</strong></span> <span class='ocrx_word' id='word_1_217' title='bbox 359 1807 560 1862; x_wconf 90' lang='lat' dir='ltr'><strong>monasterium</strong></span> <span class='ocrx_word' id='word_1_218' title='bbox 592 1810 714 1864; x_wconf 89' lang='lat' dir='ltr'><strong>mandat.</strong></span> <span class='ocrx_word' id='word_1_219' title='bbox 741 1810 860 1875; x_wconf 80' lang='lat' dir='ltr'><strong>Quantas</strong></span> <span class='ocrx_word' id='word_1_220' title='bbox 876 1822 942 1867; x_wconf 85' lang='lat' dir='ltr'><strong>tnnc</strong></span> <span class='ocrx_word' id='word_1_221' title='bbox 991 1817 1059 1874; x_wconf 90' lang='lat' dir='ltr'><strong>ster,</strong></span> <span class='ocrx_word' id='word_1_222' title='bbox 1089 1815 1212 1861; x_wconf 91' lang='lat' dir='ltr'><strong>mortuos</strong></span> <span class='ocrx_word' id='word_1_223' title='bbox 1247 1804 1435 1872; x_wconf 90' lang='lat' dir='ltr'><strong>resuscitaret,</strong></span> <span class='ocrx_word' id='word_1_224' title='bbox 1471 1804 1663 1861; x_wconf 76' lang='lat' dir='ltr'><strong>beneficentiae</strong></span> <span class='ocrx_word' id='word_1_225' title='bbox 1698 1805 1797 1879; x_wconf 90' lang='lat' dir='ltr'><strong>gratia,</strong></span> 
     </span>
     <span class='ocr_line' id='line_1_19' title="bbox 136 1896 1801 1966; baseline 0.001 -13"><span class='ocrx_word' id='word_1_226' title='bbox 136 1915 265 1954; x_wconf 89' lang='lat' dir='ltr'><strong>cerneres</strong></span> <span class='ocrx_word' id='word_1_227' title='bbox 290 1899 323 1954; x_wconf 90' lang='lat' dir='ltr'><strong>ad</strong></span> <span class='ocrx_word' id='word_1_228' title='bbox 352 1915 414 1954; x_wconf 92' lang='lat' dir='ltr'><strong>eum</strong></span> <span class='ocrx_word' id='word_1_229' title='bbox 431 1899 570 1955; x_wconf 78' lang='lat' dir='ltr'><strong>confluere</strong></span> <span class='ocrx_word' id='word_1_230' title='bbox 586 1900 721 1956; x_wconf 89' lang='lat' dir='ltr'><strong>debilium</strong></span> <span class='ocrx_word' id='word_1_231' title='bbox 738 1902 940 1966; x_wconf 84' lang='lat' dir='ltr'><strong>multitudines,</strong></span> <span class='ocrx_word' id='word_1_232' title='bbox 992 1899 1084 1954; x_wconf 90' lang='lat' dir='ltr'><strong>villam</strong></span> <span class='ocrx_word' id='word_1_233' title='bbox 1098 1897 1251 1952; x_wconf 86' lang='lat' dir='ltr'><strong>Venderam</strong></span> <span class='ocrx_word' id='word_1_234' title='bbox 1265 1896 1407 1952; x_wconf 90' lang='lat' dir='ltr'><strong>obtulerit.</strong></span> <span class='ocrx_word' id='word_1_235' title='bbox 1424 1897 1486 1952; x_wconf 85' lang='lat' dir='ltr'><strong>llaec</strong></span> <span class='ocrx_word' id='word_1_236' title='bbox 1500 1904 1530 1952; x_wconf 92' lang='lat' dir='ltr'><strong>ut</strong></span> <span class='ocrx_word' id='word_1_237' title='bbox 1544 1896 1581 1952; x_wconf 90' lang='lat' dir='ltr'><strong>ita</strong></span> <span class='ocrx_word' id='word_1_238' title='bbox 1595 1914 1625 1952; x_wconf 92' lang='lat' dir='ltr'><strong>se</strong></span> <span class='ocrx_word' id='word_1_239' title='bbox 1641 1897 1801 1963; x_wconf 68' lang='lat' dir='ltr'><strong>heberaei</strong></span> 
     </span>
     <span class='ocr_line' id='line_1_20' title="bbox 137 1986 1803 2065; baseline 0.003 -27"><span class='ocrx_word' id='word_1_240' title='bbox 137 2008 199 2062; x_wconf 77' lang='lat' dir='ltr'><strong>quae</strong></span> <span class='ocrx_word' id='word_1_241' title='bbox 211 1991 273 2047; x_wconf 68' lang='lat' dir='ltr'><strong>sino</strong></span> <span class='ocrx_word' id='word_1_242' title='bbox 289 2008 364 2047; x_wconf 76' lang='lat' dir='ltr'><strong>mora</strong></span> <span class='ocrx_word' id='word_1_243' title='bbox 379 1993 508 2065; x_wconf 60' lang='lat' dir='ltr'><strong>quaesitas</strong></span> <span class='ocrx_word' id='word_1_244' title='bbox 520 2008 650 2064; x_wconf 66' lang='lat' dir='ltr'><strong>recepere</strong></span> <span class='ocrx_word' id='word_1_245' title='bbox 664 1994 795 2049; x_wconf 71' lang='lat' dir='ltr'><strong>sanitates</strong></span> <span class='ocrx_word' id='word_1_246' title='bbox 809 1993 816 2047; x_wconf 86' lang='lat' dir='ltr'><strong>l</strong></span> <span class='ocrx_word' id='word_1_247' title='bbox 993 1987 1062 2058; x_wconf 90' lang='lat' dir='ltr'><strong>ipsis</strong></span> <span class='ocrx_word' id='word_1_248' title='bbox 1072 1987 1227 2041; x_wconf 89' lang='lat' dir='ltr'><strong>chartarum</strong></span> <span class='ocrx_word' id='word_1_249' title='bbox 1254 1986 1433 2040; x_wconf 89' lang='lat' dir='ltr'><strong>monimentis</strong></span> <span class='ocrx_word' id='word_1_250' title='bbox 1453 1986 1658 2054; x_wconf 87' lang='lat' dir='ltr'><strong>animadvertit,</strong></span> <span class='ocrx_word' id='word_1_251' title='bbox 1679 2003 1696 2042; x_wconf 88' lang='lat' dir='ltr'><strong>a</strong></span> <span class='ocrx_word' id='word_1_252' title='bbox 1705 2003 1803 2059; x_wconf 85' lang='lat' dir='ltr'><strong>perva-</strong></span> 
     </span>
     <span class='ocr_line' id='line_1_21' title="bbox 174 2074 1801 2155; baseline 0.002 -23"><span class='ocrx_word' id='word_1_253' title='bbox 174 2079 321 2150; x_wconf 85' lang='lat' dir='ltr'><strong>lleperitur</strong></span> <span class='ocrx_word' id='word_1_254' title='bbox 336 2080 417 2136; x_wconf 91' lang='lat' dir='ltr'><strong>etiam</strong></span> <span class='ocrx_word' id='word_1_255' title='bbox 441 2080 546 2152; x_wconf 88' lang='lat' dir='ltr'><strong>praelati</strong></span> <span class='ocrx_word' id='word_1_256' title='bbox 568 2081 642 2155; x_wconf 90' lang='lat' dir='ltr'><strong>regis</strong></span> <span class='ocrx_word' id='word_1_257' title='bbox 662 2079 747 2135; x_wconf 83' lang='lat' dir='ltr'><strong>filiam</strong></span> <span class='ocrx_word' id='word_1_258' title='bbox 767 2080 822 2135; x_wconf 90' lang='lat' dir='ltr'><strong>vita</strong></span> <span class='ocrx_word' id='word_1_259' title='bbox 843 2080 943 2135; x_wconf 89' lang='lat' dir='ltr'><strong>delun·</strong></span> <span class='ocrx_word' id='word_1_260' title='bbox 993 2076 1152 2132; x_wconf 89' lang='lat' dir='ltr'><strong>sionevillae</strong></span> <span class='ocrx_word' id='word_1_261' title='bbox 1178 2076 1295 2143; x_wconf 91' lang='lat' dir='ltr'><strong>destitit,</strong></span> <span class='ocrx_word' id='word_1_262' title='bbox 1316 2084 1344 2131; x_wconf 90' lang='lat' dir='ltr'><strong>et</strong></span> <span class='ocrx_word' id='word_1_263' title='bbox 1364 2074 1490 2132; x_wconf 80' lang='lat' dir='ltr'><strong>Ecclesiae</strong></span> <span class='ocrx_word' id='word_1_264' title='bbox 1517 2077 1638 2148; x_wconf 88' lang='lat' dir='ltr'><strong>propriis</strong></span> <span class='ocrx_word' id='word_1_265' title='bbox 1658 2077 1801 2136; x_wconf 80' lang='lat' dir='ltr'><strong>liberanti</strong></span> 
     </span>
     <span class='ocr_line' id='line_1_22' title="bbox 136 2166 1129 2248; baseline 0 -20"><span class='ocrx_word' id='word_1_266' title='bbox 136 2181 209 2228; x_wconf 91' lang='lat' dir='ltr'><strong>ctam</strong></span> <span class='ocrx_word' id='word_1_267' title='bbox 226 2173 387 2248; x_wconf 84' lang='lat' dir='ltr'><strong>magnificus</strong></span> <span class='ocrx_word' id='word_1_268' title='bbox 411 2175 456 2230; x_wconf 91' lang='lat' dir='ltr'><strong>hio</strong></span> <span class='ocrx_word' id='word_1_269' title='bbox 476 2174 582 2230; x_wconf 82' lang='lat' dir='ltr'><strong>Domini</strong></span> <span class='ocrx_word' id='word_1_270' title='bbox 600 2189 689 2245; x_wconf 80' lang='lat' dir='ltr'><strong>praeco</strong></span> <span class='ocrx_word' id='word_1_271' title='bbox 703 2173 765 2228; x_wconf 81' lang='lat' dir='ltr'><strong>vitae</strong></span> <span class='ocrx_word' id='word_1_272' title='bbox 781 2172 943 2229; x_wconf 79' lang='lat' dir='ltr'><strong>reformasse</strong></span> <span class='ocrx_word' id='word_1_273' title='bbox 994 2166 1129 2235; x_wconf 71' lang='lat' dir='ltr'><strong>permisit·</strong></span> 
     </span>
     <span class='ocr_line' id='line_1_23' title="bbox 137 2252 1801 2340; baseline -0.001 -22"><span class='ocrx_word' id='word_1_274' title='bbox 137 2263 285 2333; x_wconf 88' lang='lat' dir='ltr'><strong>spiraculo,</strong></span> <span class='ocrx_word' id='word_1_275' title='bbox 307 2280 357 2335; x_wconf 95' lang='lat' dir='ltr'><strong>pro</strong></span> <span class='ocrx_word' id='word_1_276' title='bbox 384 2281 438 2336; x_wconf 92' lang='lat' dir='ltr'><strong>qua</strong></span> <span class='ocrx_word' id='word_1_277' title='bbox 454 2265 605 2340; x_wconf 85' lang='lat' dir='ltr'><strong>languente</strong></span> <span class='ocrx_word' id='word_1_278' title='bbox 621 2280 667 2320; x_wconf 84' lang='lat' dir='ltr'><strong>rex</strong></span> <span class='ocrx_word' id='word_1_279' title='bbox 682 2265 716 2319; x_wconf 83' lang='lat' dir='ltr'><strong>ad</strong></span> <span class='ocrx_word' id='word_1_280' title='bbox 732 2263 944 2319; x_wconf 68' lang='lat' dir='ltr'><strong>sanctumdtre.</strong></span> <span class='ocrx_word' id='word_1_281' title='bbox 1028 2253 1156 2310; x_wconf 84' lang='lat' dir='ltr'><strong>Traditur</strong></span> <span class='ocrx_word' id='word_1_282' title='bbox 1169 2253 1251 2324; x_wconf 86' lang='lat' dir='ltr'><strong>liujus</strong></span> <span class='ocrx_word' id='word_1_283' title='bbox 1266 2252 1339 2308; x_wconf 90' lang='lat' dir='ltr'><strong>beati</strong></span> <span class='ocrx_word' id='word_1_284' title='bbox 1355 2252 1405 2308; x_wconf 87' lang='lat' dir='ltr'><strong>uiri</strong></span> <span class='ocrx_word' id='word_1_285' title='bbox 1419 2256 1599 2329; x_wconf 82' lang='lat' dir='ltr'><strong>suggestione</strong></span> <span class='ocrx_word' id='word_1_286' title='bbox 1617 2265 1732 2314; x_wconf 88' lang='lat' dir='ltr'><strong>sanctus</strong></span> <span class='ocrx_word' id='word_1_287' title='bbox 1746 2259 1801 2316; x_wconf 85' lang='lat' dir='ltr'><strong>lle-</strong></span> 
     </span>
     <span class='ocr_line' id='line_1_24' title="bbox 136 2340 1800 2430; baseline 0.007 -25"><span class='ocrx_word' id='word_1_288' title='bbox 136 2359 212 2406; x_wconf 81' lang='lat' dir='ltr'><strong>verat</strong></span> <span class='ocrx_word' id='word_1_289' title='bbox 227 2352 390 2430; x_wconf 86' lang='lat' dir='ltr'><strong>Remigium,</strong></span> <span class='ocrx_word' id='word_1_290' title='bbox 403 2346 500 2424; x_wconf 83' lang='lat' dir='ltr'><strong>petens</strong></span> <span class='ocrx_word' id='word_1_291' title='bbox 512 2359 542 2408; x_wconf 90' lang='lat' dir='ltr'><strong>ul</strong></span> <span class='ocrx_word' id='word_1_292' title='bbox 561 2353 636 2410; x_wconf 89' lang='lat' dir='ltr'><strong>adse</strong></span> <span class='ocrx_word' id='word_1_293' title='bbox 650 2353 768 2420; x_wconf 90' lang='lat' dir='ltr'><strong>veniret,</strong></span> <span class='ocrx_word' id='word_1_294' title='bbox 785 2360 866 2426; x_wconf 88' lang='lat' dir='ltr'><strong>atque</strong></span> <span class='ocrx_word' id='word_1_295' title='bbox 879 2369 942 2408; x_wconf 92' lang='lat' dir='ltr'><strong>cum</strong></span> <span class='ocrx_word' id='word_1_296' title='bbox 994 2341 1093 2413; x_wconf 90' lang='lat' dir='ltr'><strong>migius</strong></span> <span class='ocrx_word' id='word_1_297' title='bbox 1116 2340 1308 2396; x_wconf 71' lang='grc' dir='ltr'><strong>000000000οῐ</strong></span> <span class='ocrx_word' id='word_1_298' title='bbox 1327 2341 1515 2410; x_wconf 65' lang='grc' dir='ltr'><strong>010000000οῐ0,</strong></span> <span class='ocrx_word' id='word_1_299' title='bbox 1540 2360 1601 2416; x_wconf 70' lang='grc'><strong>000</strong></span> <span class='ocrx_word' id='word_1_300' title='bbox 1612 2345 1647 2400; x_wconf 81' lang='grc'><strong>00</strong></span> <span class='ocrx_word' id='word_1_301' title='bbox 1662 2347 1691 2401; x_wconf 73' lang='lat' dir='ltr'><strong>id</strong></span> <span class='ocrx_word' id='word_1_302' title='bbox 1712 2364 1800 2422; x_wconf 71' lang='grc'><strong>00000</strong></span> 
     </span>
     <span class='ocr_line' id='line_1_25' title="bbox 137 2431 1800 2519; baseline 0.006 -33"><span class='ocrx_word' id='word_1_303' title='bbox 137 2443 266 2514; x_wconf 62' lang='lat' dir='ltr'><strong>precibus</strong></span> <span class='ocrx_word' id='word_1_304' title='bbox 285 2443 429 2519; x_wconf 53' lang='lat' dir='ltr'><strong>aegrotanti</strong></span> <span class='ocrx_word' id='word_1_305' title='bbox 443 2442 632 2507; x_wconf 39' lang='lat' dir='ltr'><strong>filjae‘manum</strong></span> <span class='ocrx_word' id='word_1_306' title='bbox 650 2445 815 2514; x_wconf 66' lang='lat' dir='ltr'><strong>imponerer,</strong></span> <span class='ocrx_word' id='word_1_307' title='bbox 832 2446 864 2499; x_wconf 68' lang='lat' dir='ltr'><strong>ar</strong></span> <span class='ocrx_word' id='word_1_308' title='bbox 882 2445 943 2516; x_wconf 69' lang='lat' dir='ltr'><strong>pius</strong></span> <span class='ocrx_word' id='word_1_309' title='bbox 994 2432 1126 2502; x_wconf 89' lang='lat' dir='ltr'><strong>temporis</strong></span> <span class='ocrx_word' id='word_1_310' title='bbox 1141 2431 1293 2503; x_wconf 90' lang='lat' dir='ltr'><strong>prostibula</strong></span> <span class='ocrx_word' id='word_1_311' title='bbox 1309 2432 1620 2493; x_wconf 86' lang='lat' dir='ltr'><strong>lerturextracivitatem</strong></span> <span class='ocrx_word' id='word_1_312' title='bbox 1637 2439 1800 2511; x_wconf 88' lang='lat' dir='ltr'><strong>retinuisse,</strong></span> 
     </span>
     <span class='ocr_line' id='line_1_26' title="bbox 136 2523 1801 2608; baseline 0.007 -18"><span class='ocrx_word' id='word_1_313' title='bbox 136 2537 237 2607; x_wconf 74' lang='lat' dir='ltr'><strong>piraesul</strong></span> <span class='ocrx_word' id='word_1_314' title='bbox 254 2535 380 2590; x_wconf 91' lang='lat' dir='ltr'><strong>molestia</strong></span> <span class='ocrx_word' id='word_1_315' title='bbox 403 2537 520 2607; x_wconf 84' lang='lat' dir='ltr'><strong>quadam</strong></span> <span class='ocrx_word' id='word_1_316' title='bbox 530 2539 665 2608; x_wconf 88' lang='lat' dir='ltr'><strong>corporis,</strong></span> <span class='ocrx_word' id='word_1_317' title='bbox 687 2547 717 2592; x_wconf 90' lang='lat' dir='ltr'><strong>ut</strong></span> <span class='ocrx_word' id='word_1_318' title='bbox 734 2537 831 2604; x_wconf 89' lang='lat' dir='ltr'><strong>lertur,</strong></span> <span class='ocrx_word' id='word_1_319' title='bbox 844 2538 943 2594; x_wconf 89' lang='lat' dir='ltr'><strong>deten-</strong></span> <span class='ocrx_word' id='word_1_320' title='bbox 994 2523 1307 2592; x_wconf 63' lang='lat' dir='ltr'><strong>snbvesssisffflsslcibuss</strong></span> <span class='ocrx_word' id='word_1_321' title='bbox 1328 2524 1357 2579; x_wconf 73' lang='grc'><strong>00</strong></span> <span class='ocrx_word' id='word_1_322' title='bbox 1370 2525 1515 2582; x_wconf 67' lang='grc'><strong>00000000</strong></span> <span class='ocrx_word' id='word_1_323' title='bbox 1531 2527 1717 2601; x_wconf 69' lang='grc' dir='ltr'><strong>0000008Ῑο00</strong></span> <span class='ocrx_word' id='word_1_324' title='bbox 1731 2547 1801 2587; x_wconf 91' lang='grc'><strong>000·</strong></span> 
     </span>
     <span class='ocr_line' id='line_1_27' title="bbox 136 2618 1801 2701; baseline 0.007 -20"><span class='ocrx_word' id='word_1_325' title='bbox 136 2635 188 2693; x_wconf 90' lang='lat' dir='ltr'><strong>tus,</strong></span> <span class='ocrx_word' id='word_1_326' title='bbox 206 2626 287 2681; x_wconf 92' lang='lat' dir='ltr'><strong>beato</strong></span> <span class='ocrx_word' id='word_1_327' title='bbox 298 2623 477 2690; x_wconf 90' lang='lat' dir='ltr'><strong>Theoderico,</strong></span> <span class='ocrx_word' id='word_1_328' title='bbox 494 2627 632 2697; x_wconf 88' lang='lat' dir='ltr'><strong>qnempic</strong></span> <span class='ocrx_word' id='word_1_329' title='bbox 651 2637 782 2701; x_wconf 87' lang='lat' dir='ltr'><strong>casteque</strong></span> <span class='ocrx_word' id='word_1_330' title='bbox 797 2631 942 2694; x_wconf 87' lang='lat' dir='ltr'><strong>nutrierat,</strong></span> <span class='ocrx_word' id='word_1_331' title='bbox 993 2618 1186 2690; x_wconf 64' lang='lat' dir='ltr'><strong>dmllaliffllssm</strong></span> <span class='ocrx_word' id='word_1_332' title='bbox 1214 2625 1407 2688; x_wconf 72' lang='grc' dir='ltr'><strong>0000000000οι</strong></span> <span class='ocrx_word' id='word_1_333' title='bbox 1431 2626 1614 2692; x_wconf 67' lang='grc'><strong>0000000000</strong></span> <span class='ocrx_word' id='word_1_334' title='bbox 1636 2621 1801 2692; x_wconf 66' lang='grc'><strong>0000000000</strong></span> 
     </span>
     <span class='ocr_line' id='line_1_28' title="bbox 136 2711 1802 2792; baseline 0.002 -25"><span class='ocrx_word' id='word_1_335' title='bbox 136 2721 161 2766; x_wconf 89' lang='lat' dir='ltr'><strong>ct</strong></span> <span class='ocrx_word' id='word_1_336' title='bbox 172 2712 343 2783; x_wconf 88' lang='lat' dir='ltr'><strong>spiritalibus</strong></span> <span class='ocrx_word' id='word_1_337' title='bbox 372 2712 505 2767; x_wconf 89' lang='lat' dir='ltr'><strong>doctrinis</strong></span> <span class='ocrx_word' id='word_1_338' title='bbox 525 2712 700 2781; x_wconf 79' lang='lat' dir='ltr'><strong>instruxerat,</strong></span> <span class='ocrx_word' id='word_1_339' title='bbox 722 2733 861 2789; x_wconf 85' lang='lat' dir='ltr'><strong>quemque</strong></span> <span class='ocrx_word' id='word_1_340' title='bbox 880 2736 943 2792; x_wconf 79' lang='lat' dir='ltr'><strong>gra·</strong></span> <span class='ocrx_word' id='word_1_341' title='bbox 992 2711 1076 2765; x_wconf 89' lang='lat' dir='ltr'><strong>victui</strong></span> <span class='ocrx_word' id='word_1_342' title='bbox 1104 2712 1276 2767; x_wconf 88' lang='lat' dir='ltr'><strong>necessarios</strong></span> <span class='ocrx_word' id='word_1_343' title='bbox 1301 2711 1463 2778; x_wconf 90' lang='lat' dir='ltr'><strong>instituisse,</strong></span> <span class='ocrx_word' id='word_1_344' title='bbox 1481 2713 1627 2784; x_wconf 87' lang='lat' dir='ltr'><strong>ipsumque</strong></span> <span class='ocrx_word' id='word_1_345' title='bbox 1653 2731 1802 2771; x_wconf 90' lang='lat' dir='ltr'><strong>numerum</strong></span> 
     </span>
     <span class='ocr_line' id='line_1_29' title="bbox 137 2801 1800 2879; baseline 0.01 -20"><span class='ocrx_word' id='word_1_346' title='bbox 137 2805 173 2859; x_wconf 91' lang='lat' dir='ltr'><strong>tia</strong></span> <span class='ocrx_word' id='word_1_347' title='bbox 198 2804 369 2859; x_wconf 89' lang='lat' dir='ltr'><strong>curationum</strong></span> <span class='ocrx_word' id='word_1_348' title='bbox 400 2803 534 2873; x_wconf 89' lang='lat' dir='ltr'><strong>repletum</strong></span> <span class='ocrx_word' id='word_1_349' title='bbox 551 2801 683 2870; x_wconf 85' lang='lat' dir='ltr'><strong>uidebat,</strong></span> <span class='ocrx_word' id='word_1_350' title='bbox 709 2805 849 2879; x_wconf 85' lang='lat' dir='ltr'><strong>negotium</strong></span> <span class='ocrx_word' id='word_1_351' title='bbox 867 2808 941 2878; x_wconf 90' lang='lat' dir='ltr'><strong>quod</strong></span> <span class='ocrx_word' id='word_1_352' title='bbox 992 2803 1138 2859; x_wconf 71' lang='lat' dir='ltr'><strong>viduarum</strong></span> <span class='ocrx_word' id='word_1_353' title='bbox 1148 2804 1283 2875; x_wconf 69' lang='lat' dir='ltr'><strong>perpetim</strong></span> <span class='ocrx_word' id='word_1_354' title='bbox 1300 2819 1422 2868; x_wconf 88' lang='lat' dir='ltr'><strong>manere,</strong></span> <span class='ocrx_word' id='word_1_355' title='bbox 1435 2806 1563 2861; x_wconf 69' lang='grc'><strong>00110000</strong></span> <span class='ocrx_word' id='word_1_356' title='bbox 1573 2823 1686 2879; x_wconf 70' lang='lat' dir='ltr'><strong>quoque</strong></span> <span class='ocrx_word' id='word_1_357' title='bbox 1697 2815 1800 2875; x_wconf 68' lang='grc' dir='ltr'><strong>1110110οι</strong></span> 
     </span>
     <span class='ocr_line' id='line_1_30' title="bbox 136 2890 1799 2970; baseline 0.002 -24"><span class='ocrx_word' id='word_1_358' title='bbox 136 2893 291 2967; x_wconf 88' lang='lat' dir='ltr'><strong>petebatur,</strong></span> <span class='ocrx_word' id='word_1_359' title='bbox 303 2899 333 2947; x_wconf 94' lang='lat' dir='ltr'><strong>ut</strong></span> <span class='ocrx_word' id='word_1_360' title='bbox 358 2898 435 2963; x_wconf 88' lang='lat' dir='ltr'><strong>pater</strong></span> <span class='ocrx_word' id='word_1_361' title='bbox 465 2890 533 2958; x_wconf 85' lang='lat' dir='ltr'><strong>silio,</strong></span> <span class='ocrx_word' id='word_1_362' title='bbox 550 2893 733 2947; x_wconf 90' lang='lat' dir='ltr'><strong>commendat.</strong></span> <span class='ocrx_word' id='word_1_363' title='bbox 750 2895 800 2958; x_wconf 77' lang='lat' dir='ltr'><strong>Qui</strong></span> <span class='ocrx_word' id='word_1_364' title='bbox 819 2898 940 2970; x_wconf 85' lang='lat' dir='ltr'><strong>magistri</strong></span> <span class='ocrx_word' id='word_1_365' title='bbox 992 2893 1310 2949; x_wconf 80' lang='lat' dir='ltr'><strong>decreuissellamdum</strong></span> <span class='ocrx_word' id='word_1_366' title='bbox 1321 2899 1431 2947; x_wconf 89' lang='lat' dir='ltr'><strong>sanctus</strong></span> <span class='ocrx_word' id='word_1_367' title='bbox 1442 2893 1583 2967; x_wconf 87' lang='lat' dir='ltr'><strong>Remigius</strong></span> <span class='ocrx_word' id='word_1_368' title='bbox 1598 2894 1799 2952; x_wconf 89' lang='lat' dir='ltr'><strong>monasterinm</strong></span> 
     </span>
     <span class='ocr_line' id='line_1_31' title="bbox 132 2979 1802 3059; baseline 0.002 -20"><span class='ocrx_word' id='word_1_369' title='bbox 132 2986 209 3054; x_wconf 84' lang='lat' dir='ltr'><strong>jussa</strong></span> <span class='ocrx_word' id='word_1_370' title='bbox 228 2985 343 3055; x_wconf 92' lang='lat' dir='ltr'><strong>cupiens</strong></span> <span class='ocrx_word' id='word_1_371' title='bbox 355 2986 471 3040; x_wconf 86' lang='lat' dir='ltr'><strong>solerter</strong></span> <span class='ocrx_word' id='word_1_372' title='bbox 485 2984 607 3056; x_wconf 79' lang='lat' dir='ltr'><strong>explere,</strong></span> <span class='ocrx_word' id='word_1_373' title='bbox 629 2983 694 3035; x_wconf 90' lang='lat' dir='ltr'><strong>dum</strong></span> <span class='ocrx_word' id='word_1_374' title='bbox 718 2979 834 3037; x_wconf 82' lang='lat' dir='ltr'><strong>festinus</strong></span> <span class='ocrx_word' id='word_1_375' title='bbox 845 2984 940 3043; x_wconf 91' lang='lat' dir='ltr'><strong>iterad</strong></span> <span class='ocrx_word' id='word_1_376' title='bbox 970 2985 1078 3054; x_wconf 77' lang='lat' dir='ltr'><strong>,sancti</strong></span> <span class='ocrx_word' id='word_1_377' title='bbox 1094 2985 1255 3041; x_wconf 88' lang='lat' dir='ltr'><strong>Theoderici</strong></span> <span class='ocrx_word' id='word_1_378' title='bbox 1270 2984 1395 3050; x_wconf 88' lang='lat' dir='ltr'><strong>visitans,</strong></span> <span class='ocrx_word' id='word_1_379' title='bbox 1415 3001 1497 3041; x_wconf 91' lang='lat' dir='ltr'><strong>secus</strong></span> <span class='ocrx_word' id='word_1_380' title='bbox 1519 2985 1718 3053; x_wconf 91' lang='lat' dir='ltr'><strong>meretricium,</strong></span> <span class='ocrx_word' id='word_1_381' title='bbox 1734 2987 1802 3059; x_wconf 87' lang='lat' dir='ltr'><strong>psal·</strong></span> 
     </span>
     <span class='ocr_line' id='line_1_32' title="bbox 135 3074 1799 3152; baseline 0.004 -24"><span class='ocrx_word' id='word_1_382' title='bbox 135 3074 267 3145; x_wconf 89' lang='lat' dir='ltr'><strong>palatium</strong></span> <span class='ocrx_word' id='word_1_383' title='bbox 287 3075 359 3151; x_wconf 89' lang='lat' dir='ltr'><strong>regis</strong></span> <span class='ocrx_word' id='word_1_384' title='bbox 369 3085 473 3152; x_wconf 90' lang='lat' dir='ltr'><strong>ageret,</strong></span> <span class='ocrx_word' id='word_1_385' title='bbox 491 3077 646 3132; x_wconf 83' lang='lat' dir='ltr'><strong>adiuturam</strong></span> <span class='ocrx_word' id='word_1_386' title='bbox 663 3074 717 3131; x_wconf 91' lang='lat' dir='ltr'><strong>sibi</strong></span> <span class='ocrx_word' id='word_1_387' title='bbox 733 3075 853 3131; x_wconf 89' lang='lat' dir='ltr'><strong>divinam</strong></span> <span class='ocrx_word' id='word_1_388' title='bbox 872 3095 940 3136; x_wconf 91' lang='lat' dir='ltr'><strong>con-</strong></span> <span class='ocrx_word' id='word_1_389' title='bbox 974 3074 1051 3132; x_wconf 82' lang='lat' dir='ltr'><strong>&#39;mos</strong></span> <span class='ocrx_word' id='word_1_390' title='bbox 1065 3077 1231 3132; x_wconf 90' lang='lat' dir='ltr'><strong>cumeodem</strong></span> <span class='ocrx_word' id='word_1_391' title='bbox 1242 3076 1403 3133; x_wconf 91' lang='lat' dir='ltr'><strong>charissimo</strong></span> <span class='ocrx_word' id='word_1_392' title='bbox 1413 3076 1550 3149; x_wconf 91' lang='lat' dir='ltr'><strong>discipulo</strong></span> <span class='ocrx_word' id='word_1_393' title='bbox 1559 3094 1609 3135; x_wconf 90' lang='lat' dir='ltr'><strong>sno</strong></span> <span class='ocrx_word' id='word_1_394' title='bbox 1623 3079 1799 3136; x_wconf 90' lang='lat' dir='ltr'><strong>concinendo</strong></span> 
     </span>
     <span class='ocr_line' id='line_1_33' title="bbox 135 3165 1802 3249; baseline 0.005 -30"><span class='ocrx_word' id='word_1_395' title='bbox 135 3167 223 3223; x_wconf 81' lang='lat' dir='ltr'><strong>ridens</strong></span> <span class='ocrx_word' id='word_1_396' title='bbox 243 3165 418 3221; x_wconf 88' lang='lat' dir='ltr'><strong>clementiam</strong></span> <span class='ocrx_word' id='word_1_397' title='bbox 444 3169 549 3225; x_wconf 86' lang='lat' dir='ltr'><strong>nuntiis</strong></span> <span class='ocrx_word' id='word_1_398' title='bbox 559 3173 659 3245; x_wconf 77' lang='lat' dir='ltr'><strong>accipit</strong></span> <span class='ocrx_word' id='word_1_399' title='bbox 674 3175 776 3232; x_wconf 70' lang='lat' dir='ltr'><strong>obiisse</strong></span> <span class='ocrx_word' id='word_1_400' title='bbox 800 3179 939 3249; x_wconf 52' lang='lat' dir='ltr'><strong>puellum</strong></span> <span class='ocrx_word' id='word_1_401' title='bbox 992 3169 1131 3238; x_wconf 86' lang='lat' dir='ltr'><strong>transiret,</strong></span> <span class='ocrx_word' id='word_1_402' title='bbox 1145 3177 1282 3225; x_wconf 87' lang='lat' dir='ltr'><strong>acsanoto</strong></span> <span class='ocrx_word' id='word_1_403' title='bbox 1297 3169 1468 3224; x_wconf 87' lang='lat' dir='ltr'><strong>Theoderico</strong></span> <span class='ocrx_word' id='word_1_404' title='bbox 1488 3186 1539 3224; x_wconf 85' lang='lat' dir='ltr'><strong>vox</strong></span> <span class='ocrx_word' id='word_1_405' title='bbox 1564 3169 1692 3227; x_wconf 78' lang='lat' dir='ltr'><strong>faucibus</strong></span> <span class='ocrx_word' id='word_1_406' title='bbox 1703 3171 1802 3228; x_wconf 84' lang='lat' dir='ltr'><strong>haesis·</strong></span> 
     </span>
     <span class='ocr_line' id='line_1_34' title="bbox 135 3255 1799 3344; baseline 0.009 -28"><span class='ocrx_word' id='word_1_407' title='bbox 135 3271 162 3316; x_wconf 93' lang='lat' dir='ltr'><strong>et</strong></span> <span class='ocrx_word' id='word_1_408' title='bbox 185 3277 220 3314; x_wconf 90' lang='lat' dir='ltr'><strong>ne</strong></span> <span class='ocrx_word' id='word_1_409' title='bbox 242 3259 349 3334; x_wconf 90' lang='lat' dir='ltr'><strong>latigari</strong></span> <span class='ocrx_word' id='word_1_410' title='bbox 369 3260 478 3328; x_wconf 83' lang='lat' dir='ltr'><strong>debeat,</strong></span> <span class='ocrx_word' id='word_1_411' title='bbox 505 3266 637 3322; x_wconf 89' lang='lat' dir='ltr'><strong>suadetur</strong></span> <span class='ocrx_word' id='word_1_412' title='bbox 656 3270 795 3340; x_wconf 89' lang='lat' dir='ltr'><strong>propriam</strong></span> <span class='ocrx_word' id='word_1_413' title='bbox 815 3280 940 3344; x_wconf 91' lang='lat' dir='ltr'><strong>repetere</strong></span> <span class='ocrx_word' id='word_1_414' title='bbox 991 3255 1408 3330; x_wconf 55' lang='grc'><strong>001000000000010000000000</strong></span> <span class='ocrx_word' id='word_1_415' title='bbox 1435 3258 1549 3325; x_wconf 69' lang='grc' dir='ltr'><strong>5011ῑο00,</strong></span> <span class='ocrx_word' id='word_1_416' title='bbox 1562 3259 1636 3314; x_wconf 60' lang='lat' dir='ltr'><strong>idem</strong></span> <span class='ocrx_word' id='word_1_417' title='bbox 1649 3259 1799 3331; x_wconf 90' lang='lat' dir='ltr'><strong>ineodem,</strong></span> 
     </span>
     <span class='ocr_line' id='line_1_35' title="bbox 134 3349 1803 3426; baseline 0.007 -20"><span class='ocrx_word' id='word_1_418' title='bbox 134 3349 241 3406; x_wconf 89' lang='lat' dir='ltr'><strong>cellam.</strong></span> <span class='ocrx_word' id='word_1_419' title='bbox 258 3350 306 3406; x_wconf 87' lang='lat' dir='ltr'><strong>llle</strong></span> <span class='ocrx_word' id='word_1_420' title='bbox 322 3366 386 3406; x_wconf 90' lang='lat' dir='ltr'><strong>vero</strong></span> <span class='ocrx_word' id='word_1_421' title='bbox 402 3354 581 3424; x_wconf 81' lang='lat' dir='ltr'><strong>praeceptoris</strong></span> <span class='ocrx_word' id='word_1_422' title='bbox 610 3371 705 3426; x_wconf 88' lang='lat' dir='ltr'><strong>parere</strong></span> <span class='ocrx_word' id='word_1_423' title='bbox 722 3374 777 3414; x_wconf 91' lang='lat' dir='ltr'><strong>non</strong></span> <span class='ocrx_word' id='word_1_424' title='bbox 802 3361 939 3417; x_wconf 89' lang='lat' dir='ltr'><strong>desistens</strong></span> <span class='ocrx_word' id='word_1_425' title='bbox 991 3363 1040 3402; x_wconf 90' lang='grc'><strong>000</strong></span> <span class='ocrx_word' id='word_1_426' title='bbox 1053 3358 1229 3415; x_wconf 65' lang='grc'><strong>0000000000,</strong></span> <span class='ocrx_word' id='word_1_427' title='bbox 1245 3350 1305 3404; x_wconf 64' lang='grc'><strong>1000</strong></span> <span class='ocrx_word' id='word_1_428' title='bbox 1320 3357 1347 3404; x_wconf 74' lang='grc'><strong>00</strong></span> <span class='ocrx_word' id='word_1_429' title='bbox 1362 3349 1498 3406; x_wconf 63' lang='grc' dir='ltr'><strong>00000οῙ0</strong></span> <span class='ocrx_word' id='word_1_430' title='bbox 1522 3350 1694 3425; x_wconf 63' lang='grc'><strong>0000800500,</strong></span> <span class='ocrx_word' id='word_1_431' title='bbox 1711 3352 1803 3408; x_wconf 66' lang='lat' dir='ltr'><strong>admi·</strong></span> 
     </span>
     <span class='ocr_line' id='line_1_36' title="bbox 135 3443 1806 3524; baseline 0.004 -27"><span class='ocrx_word' id='word_1_432' title='bbox 135 3445 261 3516; x_wconf 91' lang='lat' dir='ltr'><strong>imporio,</strong></span> <span class='ocrx_word' id='word_1_433' title='bbox 284 3445 409 3516; x_wconf 87' lang='lat' dir='ltr'><strong>pervenit</strong></span> <span class='ocrx_word' id='word_1_434' title='bbox 437 3445 470 3500; x_wconf 93' lang='lat' dir='ltr'><strong>ad</strong></span> <span class='ocrx_word' id='word_1_435' title='bbox 491 3447 623 3519; x_wconf 89' lang='lat' dir='ltr'><strong>palatium</strong></span> <span class='ocrx_word' id='word_1_436' title='bbox 656 3469 664 3504; x_wconf 91' lang='lat'><strong>:</strong></span> <span class='ocrx_word' id='word_1_437' title='bbox 684 3467 802 3507; x_wconf 79' lang='lat' dir='ltr'><strong>moerore</strong></span> <span class='ocrx_word' id='word_1_438' title='bbox 811 3464 940 3524; x_wconf 57' lang='lat' dir='ltr'><strong>parentes</strong></span> <span class='ocrx_word' id='word_1_439' title='bbox 993 3443 1365 3513; x_wconf 87' lang='lat' dir='ltr'><strong>ratuspatersanctissimus.</strong></span> <span class='ocrx_word' id='word_1_440' title='bbox 1383 3450 1409 3498; x_wconf 95' lang='lat' dir='ltr'><strong>et</strong></span> <span class='ocrx_word' id='word_1_441' title='bbox 1424 3444 1568 3516; x_wconf 88' lang='lat' dir='ltr'><strong>requirens</strong></span> <span class='ocrx_word' id='word_1_442' title='bbox 1586 3461 1636 3500; x_wconf 89' lang='lat' dir='ltr'><strong>cur</strong></span> <span class='ocrx_word' id='word_1_443' title='bbox 1648 3445 1806 3517; x_wconf 91' lang='lat' dir='ltr'><strong>discipulus</strong></span> 
     </span>
     <span class='ocr_line' id='line_1_37' title="bbox 133 3531 1804 3615; baseline 0.008 -34"><span class='ocrx_word' id='word_1_444' title='bbox 133 3532 216 3600; x_wconf 79' lang='lat' dir='ltr'><strong>attici,</strong></span> <span class='ocrx_word' id='word_1_445' title='bbox 236 3534 465 3605; x_wconf 61' lang='lat' dir='ltr'><strong>{aucupatoriam</strong></span> <span class='ocrx_word' id='word_1_446' title='bbox 487 3535 752 3610; x_wconf 63' lang='lat' dir='ltr'><strong>inventicompfimj</strong></span> <span class='ocrx_word' id='word_1_447' title='bbox 778 3541 834 3614; x_wconf 59' lang='grc' dir='ltr'><strong>[Μ</strong></span> <span class='ocrx_word' id='word_1_448' title='bbox 846 3543 871 3613; x_wconf 72' lang='lat' dir='ltr'><strong>j,</strong></span> <span class='ocrx_word' id='word_1_449' title='bbox 887 3558 941 3615; x_wconf 72' lang='lat' dir='ltr'><strong>op.</strong></span> <span class='ocrx_word' id='word_1_450' title='bbox 993 3531 1079 3585; x_wconf 88' lang='lat' dir='ltr'><strong>solers</strong></span> <span class='ocrx_word' id='word_1_451' title='bbox 1103 3532 1130 3586; x_wconf 91' lang='lat' dir='ltr'><strong>in</strong></span> <span class='ocrx_word' id='word_1_452' title='bbox 1153 3533 1200 3587; x_wconf 86' lang='lat' dir='ltr'><strong>boi</strong></span> <span class='ocrx_word' id='word_1_453' title='bbox 1227 3531 1357 3588; x_wconf 87' lang='lat' dir='ltr'><strong>laudibus</strong></span> <span class='ocrx_word' id='word_1_454' title='bbox 1384 3539 1480 3588; x_wconf 88' lang='lat' dir='ltr'><strong>contra</strong></span> <span class='ocrx_word' id='word_1_455' title='bbox 1503 3549 1608 3589; x_wconf 91' lang='lat' dir='ltr'><strong>morem</strong></span> <span class='ocrx_word' id='word_1_456' title='bbox 1623 3535 1804 3603; x_wconf 85' lang='lat' dir='ltr'><strong>titubaverat,</strong></span> 
     </span>
     <span class='ocr_line' id='line_1_38' title="bbox 133 3623 1805 3704; baseline 0.008 -31"><span class='ocrx_word' id='word_1_457' title='bbox 133 3629 234 3701; x_wconf 61' lang='lat' dir='ltr'><strong>primu,</strong></span> <span class='ocrx_word' id='word_1_458' title='bbox 251 3630 371 3695; x_wconf 69' lang='lat' dir='ltr'><strong>Quorum</strong></span> <span class='ocrx_word' id='word_1_459' title='bbox 388 3629 515 3700; x_wconf 69' lang='lat' dir='ltr'><strong>lacrymis</strong></span> <span class='ocrx_word' id='word_1_460' title='bbox 529 3639 556 3684; x_wconf 72' lang='lat' dir='ltr'><strong>ea</strong></span> <span class='ocrx_word' id='word_1_461' title='bbox 569 3629 627 3701; x_wconf 78' lang='lat' dir='ltr'><strong>ipse</strong></span> <span class='ocrx_word' id='word_1_462' title='bbox 643 3639 753 3686; x_wconf 70' lang='lat' dir='ltr'><strong>sancius</strong></span> <span class='ocrx_word' id='word_1_463' title='bbox 767 3633 814 3688; x_wconf 60' lang='lat' dir='ltr'><strong>pei</strong></span> <span class='ocrx_word' id='word_1_464' title='bbox 832 3651 942 3704; x_wconf 67' lang='lat' dir='ltr'><strong>permo.</strong></span> <span class='ocrx_word' id='word_1_465' title='bbox 992 3623 1093 3696; x_wconf 89' lang='lat' dir='ltr'><strong>accipit</strong></span> <span class='ocrx_word' id='word_1_466' title='bbox 1106 3625 1201 3681; x_wconf 89' lang='lat' dir='ltr'><strong>dolere</strong></span> <span class='ocrx_word' id='word_1_467' title='bbox 1216 3624 1329 3680; x_wconf 88' lang='lat' dir='ltr'><strong>beatum</strong></span> <span class='ocrx_word' id='word_1_468' title='bbox 1344 3624 1434 3680; x_wconf 88' lang='lat' dir='ltr'><strong>virum</strong></span> <span class='ocrx_word' id='word_1_469' title='bbox 1446 3625 1480 3680; x_wconf 93' lang='lat' dir='ltr'><strong>de</strong></span> <span class='ocrx_word' id='word_1_470' title='bbox 1490 3624 1643 3680; x_wconf 90' lang='lat' dir='ltr'><strong>animarum</strong></span> <span class='ocrx_word' id='word_1_471' title='bbox 1654 3625 1805 3698; x_wconf 92' lang='lat' dir='ltr'><strong>dispendio</strong></span> 
     </span>
     <span class='ocr_line' id='line_1_39' title="bbox 133 3713 1803 3792; baseline 0.006 -20"><span class='ocrx_word' id='word_1_472' title='bbox 133 3727 185 3786; x_wconf 86' lang='lat' dir='ltr'><strong>tus,</strong></span> <span class='ocrx_word' id='word_1_473' title='bbox 202 3718 295 3791; x_wconf 91' lang='lat' dir='ltr'><strong>plures</strong></span> <span class='ocrx_word' id='word_1_474' title='bbox 302 3718 433 3774; x_wconf 90' lang='lat' dir='ltr'><strong>secedere</strong></span> <span class='ocrx_word' id='word_1_475' title='bbox 444 3719 580 3791; x_wconf 86' lang='lat' dir='ltr'><strong>praecipit,</strong></span> <span class='ocrx_word' id='word_1_476' title='bbox 591 3736 653 3776; x_wconf 91' lang='lat' dir='ltr'><strong>cum</strong></span> <span class='ocrx_word' id='word_1_477' title='bbox 668 3721 803 3792; x_wconf 88' lang='lat' dir='ltr'><strong>paucisad</strong></span> <span class='ocrx_word' id='word_1_478' title='bbox 812 3722 940 3782; x_wconf 77' lang='lat' dir='ltr'><strong>funebria</strong></span> <span class='ocrx_word' id='word_1_479' title='bbox 992 3713 1172 3781; x_wconf 65' lang='grc'><strong>0000000010,</strong></span> <span class='ocrx_word' id='word_1_480' title='bbox 1189 3723 1217 3771; x_wconf 65' lang='lat' dir='ltr'><strong>el</strong></span> <span class='ocrx_word' id='word_1_481' title='bbox 1232 3716 1331 3772; x_wconf 69' lang='grc'><strong>1110001</strong></span> <span class='ocrx_word' id='word_1_482' title='bbox 1346 3715 1433 3771; x_wconf 65' lang='grc'><strong>000000</strong></span> <span class='ocrx_word' id='word_1_483' title='bbox 1450 3716 1535 3787; x_wconf 61' lang='lat' dir='ltr'><strong>pallis</strong></span> <span class='ocrx_word' id='word_1_484' title='bbox 1550 3716 1662 3782; x_wconf 67' lang='lat' dir='ltr'><strong>licinia,</strong></span> <span class='ocrx_word' id='word_1_485' title='bbox 1675 3727 1732 3774; x_wconf 77' lang='lat' dir='ltr'><strong>lam</strong></span> <span class='ocrx_word' id='word_1_486' title='bbox 1752 3719 1803 3777; x_wconf 78' lang='lat' dir='ltr'><strong>soe·</strong></span> 
     </span>
     <span class='ocr_line' id='line_1_40' title="bbox 132 3801 1800 3884; baseline 0.008 -32"><span class='ocrx_word' id='word_1_487' title='bbox 132 3810 242 3865; x_wconf 63' lang='lat' dir='ltr'><strong>resedit,</strong></span> <span class='ocrx_word' id='word_1_488' title='bbox 269 3808 321 3865; x_wconf 63' lang='lat' dir='ltr'><strong>cof</strong></span> <span class='ocrx_word' id='word_1_489' title='bbox 331 3816 358 3864; x_wconf 66' lang='lat' dir='ltr'><strong>et</strong></span> <span class='ocrx_word' id='word_1_490' title='bbox 372 3809 510 3865; x_wconf 66' lang='lat' dir='ltr'><strong>oculosad</strong></span> <span class='ocrx_word' id='word_1_491' title='bbox 526 3809 626 3866; x_wconf 69' lang='lat' dir='ltr'><strong>coelum</strong></span> <span class='ocrx_word' id='word_1_492' title='bbox 637 3826 700 3866; x_wconf 66' lang='lat' dir='ltr'><strong>cum</strong></span> <span class='ocrx_word' id='word_1_493' title='bbox 708 3811 834 3869; x_wconf 69' lang='lat' dir='ltr'><strong>manibus</strong></span> <span class='ocrx_word' id='word_1_494' title='bbox 844 3823 938 3870; x_wconf 59' lang='lat' dir='ltr'><strong>exten.</strong></span> <span class='ocrx_word' id='word_1_495' title='bbox 990 3801 1032 3857; x_wconf 83' lang='lat' dir='ltr'><strong>doe</strong></span> <span class='ocrx_word' id='word_1_496' title='bbox 1047 3805 1228 3875; x_wconf 89' lang='lat' dir='ltr'><strong>turpitudinis</strong></span> <span class='ocrx_word' id='word_1_497' title='bbox 1242 3812 1317 3862; x_wconf 90' lang='lat' dir='ltr'><strong>tanta</strong></span> <span class='ocrx_word' id='word_1_498' title='bbox 1331 3806 1444 3862; x_wconf 82' lang='lat' dir='ltr'><strong>diabolo</strong></span> <span class='ocrx_word' id='word_1_499' title='bbox 1460 3822 1584 3863; x_wconf 87' lang='lat' dir='ltr'><strong>crescere</strong></span> <span class='ocrx_word' id='word_1_500' title='bbox 1597 3809 1673 3864; x_wconf 90' lang='lat' dir='ltr'><strong>lucra</strong></span> <span class='ocrx_word' id='word_1_501' title='bbox 1696 3810 1800 3884; x_wconf 88' lang='lat' dir='ltr'><strong>Sioque</strong></span> 
     </span>
     <span class='ocr_line' id='line_1_41' title="bbox 130 3892 1800 3983; baseline 0.007 -39"><span class='ocrx_word' id='word_1_502' title='bbox 130 3902 180 3966; x_wconf 68' lang='lat' dir='ltr'><strong>dig</strong></span> <span class='ocrx_word' id='word_1_503' title='bbox 191 3902 305 3960; x_wconf 63' lang='lat' dir='ltr'><strong>devoras</strong></span> <span class='ocrx_word' id='word_1_504' title='bbox 321 3901 348 3956; x_wconf 69' lang='lat' dir='ltr'><strong>in</strong></span> <span class='ocrx_word' id='word_1_505' title='bbox 367 3900 609 3960; x_wconf 67' lang='lat' dir='ltr'><strong>cubiculomenijs</strong></span> <span class='ocrx_word' id='word_1_506' title='bbox 625 3904 680 3961; x_wconf 62' lang='lat'><strong>020</strong></span> <span class='ocrx_word' id='word_1_507' title='bbox 694 3922 790 3978; x_wconf 64' lang='lat' dir='ltr'><strong>preces</strong></span> <span class='ocrx_word' id='word_1_508' title='bbox 801 3892 937 3983; x_wconf 58' lang='lat' dir='ltr'><strong>compgn,</strong></span> <span class='ocrx_word' id='word_1_509' title='bbox 988 3908 1151 3962; x_wconf 87' lang='lat' dir='ltr'><strong>persuasum</strong></span> <span class='ocrx_word' id='word_1_510' title='bbox 1162 3896 1232 3967; x_wconf 90' lang='lat' dir='ltr'><strong>patri</strong></span> <span class='ocrx_word' id='word_1_511' title='bbox 1246 3896 1381 3967; x_wconf 90' lang='lat' dir='ltr'><strong>piissimo,</strong></span> <span class='ocrx_word' id='word_1_512' title='bbox 1410 3896 1547 3969; x_wconf 90' lang='lat' dir='ltr'><strong>discipulo</strong></span> <span class='ocrx_word' id='word_1_513' title='bbox 1563 3908 1733 3973; x_wconf 86' lang='lat' dir='ltr'><strong>suggerente</strong></span> <span class='ocrx_word' id='word_1_514' title='bbox 1749 3916 1800 3956; x_wconf 88' lang='lat' dir='ltr'><strong>ea·</strong></span> 
     </span>
     <span class='ocr_line' id='line_1_42' title="bbox 116 3984 1796 4064; baseline 0.011 -36"><span class='ocrx_word' id='word_1_515' title='bbox 116 3991 239 4055; x_wconf 82' lang='lat' dir='ltr'><strong>-ctionis,</strong></span> <span class='ocrx_word' id='word_1_516' title='bbox 268 3989 397 4062; x_wconf 65' lang='lat' dir='ltr'><strong>perfusus</strong></span> <span class='ocrx_word' id='word_1_517' title='bbox 420 3989 518 4046; x_wconf 63' lang='lat' dir='ltr'><strong>faeiem</strong></span> <span class='ocrx_word' id='word_1_518' title='bbox 549 3992 684 4064; x_wconf 57' lang='lat' dir='ltr'><strong>lacrymis,</strong></span> <span class='ocrx_word' id='word_1_519' title='bbox 714 3993 818 4050; x_wconf 60' lang='lat' dir='ltr'><strong>effudit,</strong></span> <span class='ocrx_word' id='word_1_520' title='bbox 835 3997 867 4052; x_wconf 64' lang='lat' dir='ltr'><strong>A,</strong></span> <span class='ocrx_word' id='word_1_521' title='bbox 886 3999 934 4056; x_wconf 66' lang='lat' dir='ltr'><strong>„bi</strong></span> <span class='ocrx_word' id='word_1_522' title='bbox 986 3984 1293 4052; x_wconf 84' lang='lat' dir='ltr'><strong>stissimo,subvertere</strong></span> <span class='ocrx_word' id='word_1_523' title='bbox 1324 3986 1439 4042; x_wconf 91' lang='lat' dir='ltr'><strong>latibula</strong></span> <span class='ocrx_word' id='word_1_524' title='bbox 1464 3989 1578 4059; x_wconf 90' lang='lat' dir='ltr'><strong>diaboli,</strong></span> <span class='ocrx_word' id='word_1_525' title='bbox 1607 4000 1635 4046; x_wconf 91' lang='lat' dir='ltr'><strong>et</strong></span> <span class='ocrx_word' id='word_1_526' title='bbox 1661 3991 1796 4063; x_wconf 88' lang='lat' dir='ltr'><strong>deceptas</strong></span> 
     </span>
     <span class='ocr_line' id='line_1_43' title="bbox 130 4076 1794 4161; baseline -0.002 -19"><span class='ocrx_word' id='word_1_527' title='bbox 130 4087 289 4142; x_wconf 86' lang='lat' dir='ltr'><strong>exauditum</strong></span> <span class='ocrx_word' id='word_1_528' title='bbox 302 4102 331 4140; x_wconf 93' lang='lat' dir='ltr'><strong>se</strong></span> <span class='ocrx_word' id='word_1_529' title='bbox 347 4086 447 4157; x_wconf 90' lang='lat' dir='ltr'><strong>spiritu</strong></span> <span class='ocrx_word' id='word_1_530' title='bbox 463 4086 558 4152; x_wconf 89' lang='lat' dir='ltr'><strong>sentit,</strong></span> <span class='ocrx_word' id='word_1_531' title='bbox 575 4086 609 4140; x_wconf 92' lang='lat' dir='ltr'><strong>ad</strong></span> <span class='ocrx_word' id='word_1_532' title='bbox 630 4086 756 4142; x_wconf 83' lang='lat' dir='ltr'><strong>exanime</strong></span> <span class='ocrx_word' id='word_1_533' title='bbox 776 4103 877 4161; x_wconf 88' lang='lat' dir='ltr'><strong>corpus</strong></span> <span class='ocrx_word' id='word_1_534' title='bbox 888 4108 933 4149; x_wconf 53' lang='grc' dir='ltr'><strong>ὃς.</strong></span> <span class='ocrx_word' id='word_1_535' title='bbox 984 4083 1067 4148; x_wconf 89' lang='lat' dir='ltr'><strong>atque</strong></span> <span class='ocrx_word' id='word_1_536' title='bbox 1078 4076 1252 4148; x_wconf 89' lang='lat' dir='ltr'><strong>decipientes</strong></span> <span class='ocrx_word' id='word_1_537' title='bbox 1264 4080 1601 4139; x_wconf 90' lang='lat' dir='ltr'><strong>animasincastimoniam</strong></span> <span class='ocrx_word' id='word_1_538' title='bbox 1612 4083 1794 4139; x_wconf 86' lang='lat' dir='ltr'><strong>transducere</strong></span> 
     </span>
     <span class='ocr_line' id='line_1_44' title="bbox 129 4171 1795 4251; baseline 0.009 -18"><span class='ocrx_word' id='word_1_539' title='bbox 129 4177 285 4241; x_wconf 90' lang='lat' dir='ltr'><strong>cedit,oleo</strong></span> <span class='ocrx_word' id='word_1_540' title='bbox 306 4185 402 4231; x_wconf 90' lang='lat' dir='ltr'><strong>sancto</strong></span> <span class='ocrx_word' id='word_1_541' title='bbox 424 4191 555 4230; x_wconf 90' lang='lat' dir='ltr'><strong>sensuum</strong></span> <span class='ocrx_word' id='word_1_542' title='bbox 571 4176 630 4230; x_wconf 90' lang='lat' dir='ltr'><strong>vias</strong></span> <span class='ocrx_word' id='word_1_543' title='bbox 645 4192 707 4231; x_wconf 90' lang='lat' dir='ltr'><strong>cum</strong></span> <span class='ocrx_word' id='word_1_544' title='bbox 732 4188 804 4234; x_wconf 90' lang='lat' dir='ltr'><strong>tactu</strong></span> <span class='ocrx_word' id='word_1_545' title='bbox 826 4182 934 4251; x_wconf 89' lang='lat' dir='ltr'><strong>pollicis</strong></span> <span class='ocrx_word' id='word_1_546' title='bbox 984 4171 1093 4227; x_wconf 66' lang='grc'><strong>000000·</strong></span> <span class='ocrx_word' id='word_1_547' title='bbox 1108 4173 1204 4229; x_wconf 70' lang='grc' dir='ltr'><strong>0001ῑο5</strong></span> <span class='ocrx_word' id='word_1_548' title='bbox 1232 4183 1364 4245; x_wconf 68' lang='grc'><strong>00000000</strong></span> <span class='ocrx_word' id='word_1_549' title='bbox 1379 4183 1485 4231; x_wconf 72' lang='grc' dir='ltr'><strong>00000οῑ</strong></span> <span class='ocrx_word' id='word_1_550' title='bbox 1511 4177 1641 4232; x_wconf 70' lang='grc'><strong>00000000</strong></span> <span class='ocrx_word' id='word_1_551' title='bbox 1656 4193 1705 4248; x_wconf 90' lang='lat' dir='ltr'><strong>per</strong></span> <span class='ocrx_word' id='word_1_552' title='bbox 1718 4178 1795 4234; x_wconf 77' lang='grc'><strong>0000</strong></span> 
     </span>
     <span class='ocr_line' id='line_1_45' title="bbox 130 4259 1795 4340; baseline 0.002 -19"><span class='ocrx_word' id='word_1_553' title='bbox 130 4267 210 4323; x_wconf 90' lang='lat' dir='ltr'><strong>illinit</strong></span> <span class='ocrx_word' id='word_1_554' title='bbox 225 4286 231 4322; x_wconf 92' lang='lat'>:</span> <span class='ocrx_word' id='word_1_555' title='bbox 246 4268 407 4340; x_wconf 90' lang='lat' dir='ltr'><strong>mirumque</strong></span> <span class='ocrx_word' id='word_1_556' title='bbox 423 4266 450 4320; x_wconf 91' lang='lat' dir='ltr'><strong>in</strong></span> <span class='ocrx_word' id='word_1_557' title='bbox 465 4266 578 4322; x_wconf 91' lang='lat' dir='ltr'><strong>modum</strong></span> <span class='ocrx_word' id='word_1_558' title='bbox 594 4267 719 4323; x_wconf 87' lang='lat' dir='ltr'><strong>membra</strong></span> <span class='ocrx_word' id='word_1_559' title='bbox 733 4279 841 4328; x_wconf 69' lang='lat' dir='ltr'><strong>mortua</strong></span> <span class='ocrx_word' id='word_1_560' title='bbox 852 4274 933 4331; x_wconf 62' lang='lat' dir='ltr'><strong>inre.</strong></span> <span class='ocrx_word' id='word_1_561' title='bbox 983 4259 1094 4318; x_wconf 82' lang='lat' dir='ltr'><strong>fidelem</strong></span> <span class='ocrx_word' id='word_1_562' title='bbox 1122 4263 1170 4319; x_wconf 84' lang='lat' dir='ltr'><strong>Dei</strong></span> <span class='ocrx_word' id='word_1_563' title='bbox 1192 4264 1325 4322; x_wconf 91' lang='lat' dir='ltr'><strong>lamulum</strong></span> <span class='ocrx_word' id='word_1_564' title='bbox 1352 4274 1473 4339; x_wconf 89' lang='lat' dir='ltr'><strong>patratas</strong></span> <span class='ocrx_word' id='word_1_565' title='bbox 1495 4268 1681 4338; x_wconf 87' lang='lat' dir='ltr'><strong>operationes.</strong></span> <span class='ocrx_word' id='word_1_566' title='bbox 1706 4270 1795 4326; x_wconf 80' lang='lat' dir='ltr'><strong>Caecis</strong></span> 
     </span>
     <span class='ocr_line' id='line_1_46' title="bbox 128 4351 1793 4431; baseline 0.009 -26"><span class='ocrx_word' id='word_1_567' title='bbox 128 4353 218 4409; x_wconf 83' lang='lat' dir='ltr'><strong>diviua</strong></span> <span class='ocrx_word' id='word_1_568' title='bbox 230 4363 393 4427; x_wconf 90' lang='lat' dir='ltr'><strong>reparantur</strong></span> <span class='ocrx_word' id='word_1_569' title='bbox 405 4352 505 4410; x_wconf 84' lang='lat' dir='ltr'><strong>ollieia.</strong></span> <span class='ocrx_word' id='word_1_570' title='bbox 518 4354 594 4410; x_wconf 90' lang='lat' dir='ltr'><strong>Oculi</strong></span> <span class='ocrx_word' id='word_1_571' title='bbox 614 4355 706 4410; x_wconf 90' lang='lat' dir='ltr'><strong>lumen</strong></span> <span class='ocrx_word' id='word_1_572' title='bbox 723 4358 865 4430; x_wconf 89' lang='lat' dir='ltr'><strong>hauriunt,</strong></span> <span class='ocrx_word' id='word_1_573' title='bbox 881 4381 931 4421; x_wconf 87' lang='lat' dir='ltr'><strong>vox</strong></span> <span class='ocrx_word' id='word_1_574' title='bbox 984 4365 1083 4421; x_wconf 74' lang='grc'><strong>000000</strong></span> <span class='ocrx_word' id='word_1_575' title='bbox 1098 4351 1199 4418; x_wconf 69' lang='lat' dir='ltr'><strong>Visum,</strong></span> <span class='ocrx_word' id='word_1_576' title='bbox 1222 4355 1314 4410; x_wconf 72' lang='lat' dir='ltr'><strong>surdis</strong></span> <span class='ocrx_word' id='word_1_577' title='bbox 1334 4355 1471 4419; x_wconf 89' lang='lat' dir='ltr'><strong>anditum,</strong></span> <span class='ocrx_word' id='word_1_578' title='bbox 1488 4355 1595 4411; x_wconf 71' lang='lat' dir='ltr'><strong>claudis</strong></span> <span class='ocrx_word' id='word_1_579' title='bbox 1604 4372 1730 4431; x_wconf 68' lang='grc'><strong>3105511111</strong></span> <span class='ocrx_word' id='word_1_580' title='bbox 1745 4373 1793 4413; x_wconf 76' lang='lat' dir='ltr'><strong>re·</strong></span> 
     </span>
     <span class='ocr_line' id='line_1_47' title="bbox 127 4441 1792 4537; baseline -0.002 -33"><span class='ocrx_word' id='word_1_581' title='bbox 127 4448 240 4504; x_wconf 87' lang='lat' dir='ltr'><strong>admoto</strong></span> <span class='ocrx_word' id='word_1_582' title='bbox 268 4449 388 4520; x_wconf 90' lang='lat' dir='ltr'><strong>pectoris</strong></span> <span class='ocrx_word' id='word_1_583' title='bbox 415 4447 534 4520; x_wconf 87' lang='lat' dir='ltr'><strong>impulsu</strong></span> <span class='ocrx_word' id='word_1_584' title='bbox 559 4448 723 4520; x_wconf 88' lang='lat' dir='ltr'><strong>prorumpit,</strong></span> <span class='ocrx_word' id='word_1_585' title='bbox 752 4462 778 4506; x_wconf 84' lang='lat' dir='ltr'><strong>ot</strong></span> <span class='ocrx_word' id='word_1_586' title='bbox 798 4455 890 4524; x_wconf 64' lang='lat' dir='ltr'><strong>puella</strong></span> <span class='ocrx_word' id='word_1_587' title='bbox 902 4441 971 4537; x_wconf 56' lang='lat'><strong>501)</strong></span> <span class='ocrx_word' id='word_1_588' title='bbox 983 4447 1119 4509; x_wconf 87' lang='lat' dir='ltr'><strong>staurans,</strong></span> <span class='ocrx_word' id='word_1_589' title='bbox 1135 4443 1227 4499; x_wconf 87' lang='lat' dir='ltr'><strong>aridas</strong></span> <span class='ocrx_word' id='word_1_590' title='bbox 1247 4452 1459 4517; x_wconf 89' lang='lat' dir='ltr'><strong>contractasque</strong></span> <span class='ocrx_word' id='word_1_591' title='bbox 1474 4462 1572 4501; x_wconf 92' lang='lat' dir='ltr'><strong>manus</strong></span> <span class='ocrx_word' id='word_1_592' title='bbox 1587 4446 1722 4513; x_wconf 88' lang='lat' dir='ltr'><strong>relaxans,</strong></span> <span class='ocrx_word' id='word_1_593' title='bbox 1735 4445 1792 4502; x_wconf 93' lang='lat' dir='ltr'><strong>ob-</strong></span> 
     </span>
    </p>
   </div>
   <div class='ocr_carea' id='block_1_3' title="bbox 119 4537 933 5717">
    <p class='ocr_par' dir='ltr' id='par_1_3' title="bbox 119 4537 933 5717">
     <span class='ocr_line' id='line_1_48' title="bbox 128 4537 933 4618; baseline 0.017 -28"><span class='ocrx_word' id='word_1_594' title='bbox 128 4537 200 4593; x_wconf 88' lang='lat' dir='ltr'><strong>beati</strong></span> <span class='ocrx_word' id='word_1_595' title='bbox 216 4538 379 4595; x_wconf 87' lang='lat' dir='ltr'><strong>Theoderici</strong></span> <span class='ocrx_word' id='word_1_596' title='bbox 400 4542 471 4597; x_wconf 90' lang='lat' dir='ltr'><strong>votis</strong></span> <span class='ocrx_word' id='word_1_597' title='bbox 498 4544 632 4600; x_wconf 88' lang='lat' dir='ltr'><strong>redditam</strong></span> <span class='ocrx_word' id='word_1_598' title='bbox 662 4546 759 4618; x_wconf 90' lang='lat' dir='ltr'><strong>pandit</strong></span> <span class='ocrx_word' id='word_1_599' title='bbox 772 4547 863 4602; x_wconf 90' lang='lat' dir='ltr'><strong>saluti.</strong></span> <span class='ocrx_word' id='word_1_600' title='bbox 880 4550 933 4605; x_wconf 84' lang='lat' dir='ltr'><strong>hc-</strong></span> 
     </span>
     <span class='ocr_line' id='line_1_49' title="bbox 126 4629 930 4710; baseline 0.017 -26"><span class='ocrx_word' id='word_1_601' title='bbox 126 4638 239 4685; x_wconf 91' lang='lat' dir='ltr'><strong>currunt</strong></span> <span class='ocrx_word' id='word_1_602' title='bbox 254 4629 395 4705; x_wconf 89' lang='lat' dir='ltr'><strong>genitores</strong></span> <span class='ocrx_word' id='word_1_603' title='bbox 410 4646 470 4686; x_wconf 92' lang='lat' dir='ltr'><strong>cum</strong></span> <span class='ocrx_word' id='word_1_604' title='bbox 486 4633 589 4706; x_wconf 88' lang='lat' dir='ltr'><strong>gaudio</strong></span> <span class='ocrx_word' id='word_1_605' title='bbox 604 4635 768 4693; x_wconf 86' lang='lat' dir='ltr'><strong>miraculum</strong></span> <span class='ocrx_word' id='word_1_606' title='bbox 778 4646 930 4710; x_wconf 82' lang='lat' dir='ltr'><strong>stupentes3</strong></span> 
     </span>
     <span class='ocr_line' id='line_1_50' title="bbox 125 4720 931 4793; baseline 0.019 -21"><span class='ocrx_word' id='word_1_607' title='bbox 125 4720 341 4776; x_wconf 80' lang='lat' dir='ltr'><strong>omniseasultat</strong></span> <span class='ocrx_word' id='word_1_608' title='bbox 359 4720 432 4790; x_wconf 90' lang='lat' dir='ltr'><strong>aula,</strong></span> <span class='ocrx_word' id='word_1_609' title='bbox 446 4720 602 4793; x_wconf 89' lang='lat' dir='ltr'><strong>tripudians</strong></span> <span class='ocrx_word' id='word_1_610' title='bbox 622 4725 730 4781; x_wconf 84' lang='lat' dir='ltr'><strong>laetatur</strong></span> <span class='ocrx_word' id='word_1_611' title='bbox 749 4726 862 4785; x_wconf 80' lang='lat' dir='ltr'><strong>familia.</strong></span> <span class='ocrx_word' id='word_1_612' title='bbox 880 4731 931 4787; x_wconf 85' lang='lat' dir='ltr'><strong>Ve-</strong></span> 
     </span>
     <span class='ocr_line' id='line_1_51' title="bbox 125 4819 929 4891; baseline 0.017 -27"><span class='ocrx_word' id='word_1_613' title='bbox 125 4819 237 4866; x_wconf 90' lang='lat' dir='ltr'><strong>neratur</strong></span> <span class='ocrx_word' id='word_1_614' title='bbox 265 4823 385 4880; x_wconf 91' lang='lat' dir='ltr'><strong>sanctus,</strong></span> <span class='ocrx_word' id='word_1_615' title='bbox 412 4821 466 4868; x_wconf 92' lang='lat' dir='ltr'><strong>tam</strong></span> <span class='ocrx_word' id='word_1_616' title='bbox 493 4831 586 4888; x_wconf 90' lang='lat' dir='ltr'><strong>arege</strong></span> <span class='ocrx_word' id='word_1_617' title='bbox 609 4834 690 4889; x_wconf 87' lang='lat' dir='ltr'><strong>quarn</strong></span> <span class='ocrx_word' id='word_1_618' title='bbox 716 4835 732 4873; x_wconf 90' lang='lat' dir='ltr'><strong>a</strong></span> <span class='ocrx_word' id='word_1_619' title='bbox 756 4821 929 4891; x_wconf 69' lang='lat' dir='ltr'><strong>proceribus</strong></span> 
     </span>
     <span class='ocr_line' id='line_1_52' title="bbox 124 4898 930 4976; baseline 0.019 -23"><span class='ocrx_word' id='word_1_620' title='bbox 124 4898 322 4976; x_wconf 83' lang='lat' dir='ltr'><strong>glorificatura</strong></span> <span class='ocrx_word' id='word_1_621' title='bbox 338 4901 467 4972; x_wconf 88' lang='lat' dir='ltr'><strong>palatinis</strong></span> <span class='ocrx_word' id='word_1_622' title='bbox 482 4904 622 4960; x_wconf 89' lang='lat' dir='ltr'><strong>omnibus.</strong></span> <span class='ocrx_word' id='word_1_623' title='bbox 641 4907 930 4968; x_wconf 80' lang='lat' dir='ltr'><strong>Laudibuscffertura</strong></span> 
     </span>
     <span class='ocr_line' id='line_1_53' title="bbox 124 4990 927 5072; baseline 0.016 -29"><span class='ocrx_word' id='word_1_624' title='bbox 124 4990 222 5045; x_wconf 90' lang='lat' dir='ltr'><strong>turmis</strong></span> <span class='ocrx_word' id='word_1_625' title='bbox 232 4991 400 5058; x_wconf 79' lang='lat' dir='ltr'><strong>vulgaribus.</strong></span> <span class='ocrx_word' id='word_1_626' title='bbox 410 4993 466 5049; x_wconf 85' lang='lat' dir='ltr'><strong>llex</strong></span> <span class='ocrx_word' id='word_1_627' title='bbox 478 4996 571 5068; x_wconf 90' lang='lat' dir='ltr'><strong>itaque</strong></span> <span class='ocrx_word' id='word_1_628' title='bbox 583 5013 638 5052; x_wconf 93' lang='lat' dir='ltr'><strong>non</strong></span> <span class='ocrx_word' id='word_1_629' title='bbox 653 4997 927 5072; x_wconf 89' lang='lat' dir='ltr'><strong>solumdiscipulum,</strong></span> 
     </span>
     <span class='ocr_line' id='line_1_54' title="bbox 123 5079 928 5162; baseline 0.015 -30"><span class='ocrx_word' id='word_1_630' title='bbox 123 5087 246 5133; x_wconf 90' lang='lat' dir='ltr'><strong>sanctum</strong></span> <span class='ocrx_word' id='word_1_631' title='bbox 263 5079 368 5136; x_wconf 85' lang='lat' dir='ltr'><strong>scilicet</strong></span> <span class='ocrx_word' id='word_1_632' title='bbox 396 5082 607 5153; x_wconf 90' lang='lat' dir='ltr'><strong>Theodericum,</strong></span> <span class='ocrx_word' id='word_1_633' title='bbox 623 5087 671 5141; x_wconf 91' lang='lat' dir='ltr'><strong>sed</strong></span> <span class='ocrx_word' id='word_1_634' title='bbox 688 5096 715 5143; x_wconf 93' lang='lat' dir='ltr'><strong>et</strong></span> <span class='ocrx_word' id='word_1_635' title='bbox 728 5088 759 5143; x_wconf 81' lang='lat' dir='ltr'><strong>tt.</strong></span> <span class='ocrx_word' id='word_1_636' title='bbox 772 5087 928 5162; x_wconf 82' lang='lat' dir='ltr'><strong>Remigium</strong></span> 
     </span>
     <span class='ocr_line' id='line_1_55' title="bbox 122 5171 926 5255; baseline 0.012 -28"><span class='ocrx_word' id='word_1_637' title='bbox 122 5171 240 5245; x_wconf 90' lang='lat' dir='ltr'><strong>cupiens</strong></span> <span class='ocrx_word' id='word_1_638' title='bbox 253 5172 615 5234; x_wconf 86' lang='lat' dir='ltr'><strong>munificentiaesublimare</strong></span> <span class='ocrx_word' id='word_1_639' title='bbox 630 5179 715 5249; x_wconf 90' lang='lat' dir='ltr'><strong>dono,</strong></span> <span class='ocrx_word' id='word_1_640' title='bbox 736 5181 827 5237; x_wconf 89' lang='lat' dir='ltr'><strong>villam</strong></span> <span class='ocrx_word' id='word_1_641' title='bbox 844 5197 926 5255; x_wconf 89' lang='lat' dir='ltr'><strong>quarn</strong></span> 
     </span>
     <span class='ocr_line' id='line_1_56' title="bbox 122 5264 925 5346; baseline 0.014 -27"><span class='ocrx_word' id='word_1_642' title='bbox 122 5264 217 5320; x_wconf 88' lang='lat' dir='ltr'><strong>dicunt</strong></span> <span class='ocrx_word' id='word_1_643' title='bbox 236 5265 389 5322; x_wconf 89' lang='lat' dir='ltr'><strong>Venderam</strong></span> <span class='ocrx_word' id='word_1_644' title='bbox 419 5270 568 5343; x_wconf 85' lang='lat' dir='ltr'><strong>[Vendier],</strong></span> <span class='ocrx_word' id='word_1_645' title='bbox 588 5271 668 5328; x_wconf 89' lang='lat' dir='ltr'><strong>sitam</strong></span> <span class='ocrx_word' id='word_1_646' title='bbox 697 5290 780 5346; x_wconf 89' lang='lat' dir='ltr'><strong>super</strong></span> <span class='ocrx_word' id='word_1_647' title='bbox 811 5273 925 5330; x_wconf 88' lang='lat' dir='ltr'><strong>lluvium</strong></span> 
     </span>
     <span class='ocr_line' id='line_1_57' title="bbox 121 5353 924 5443; baseline 0.021 -35"><span class='ocrx_word' id='word_1_648' title='bbox 121 5353 279 5424; x_wconf 91' lang='lat' dir='ltr'><strong>llaternam,</strong></span> <span class='ocrx_word' id='word_1_649' title='bbox 309 5358 460 5415; x_wconf 90' lang='lat' dir='ltr'><strong>reverendo</strong></span> <span class='ocrx_word' id='word_1_650' title='bbox 490 5361 560 5432; x_wconf 89' lang='lat' dir='ltr'><strong>patri</strong></span> <span class='ocrx_word' id='word_1_651' title='bbox 592 5362 924 5443; x_wconf 83' lang='lat' dir='ltr'><strong>Remigio;Gaugiacum</strong></span> 
     </span>
     <span class='ocr_line' id='line_1_58' title="bbox 119 5449 921 5527; baseline 0.021 -24"><span class='ocrx_word' id='word_1_652' title='bbox 119 5449 225 5505; x_wconf 89' lang='lat' dir='ltr'><strong>veroin</strong></span> <span class='ocrx_word' id='word_1_653' title='bbox 240 5465 311 5524; x_wconf 84' lang='lat' dir='ltr'><strong>pago</strong></span> <span class='ocrx_word' id='word_1_654' title='bbox 338 5449 483 5519; x_wconf 83' lang='lat' dir='ltr'><strong>Remensi,</strong></span> <span class='ocrx_word' id='word_1_655' title='bbox 518 5464 655 5526; x_wconf 78' lang='lat' dir='ltr'><strong>praecepto</strong></span> <span class='ocrx_word' id='word_1_656' title='bbox 668 5474 725 5513; x_wconf 84' lang='lat' dir='ltr'><strong>suae</strong></span> <span class='ocrx_word' id='word_1_657' title='bbox 742 5461 921 5527; x_wconf 83' lang='lat' dir='ltr'><strong>auctoritatis,</strong></span> 
     </span>
     <span class='ocr_line' id='line_1_59' title="bbox 119 5541 924 5627; baseline 0.021 -31"><span class='ocrx_word' id='word_1_658' title='bbox 119 5550 214 5598; x_wconf 90' lang='lat' dir='ltr'><strong>sancto</strong></span> <span class='ocrx_word' id='word_1_659' title='bbox 229 5541 346 5598; x_wconf 90' lang='lat' dir='ltr'><strong>contulit</strong></span> <span class='ocrx_word' id='word_1_660' title='bbox 367 5544 547 5602; x_wconf 90' lang='lat' dir='ltr'><strong>Theoderico.</strong></span> <span class='ocrx_word' id='word_1_661' title='bbox 573 5547 704 5606; x_wconf 86' lang='lat' dir='ltr'><strong>Processu</strong></span> <span class='ocrx_word' id='word_1_662' title='bbox 719 5552 841 5627; x_wconf 89' lang='lat' dir='ltr'><strong>denique</strong></span> <span class='ocrx_word' id='word_1_663' title='bbox 853 5563 924 5613; x_wconf 92' lang='lat' dir='ltr'><strong>tem-</strong></span> 
     </span>
     <span class='ocr_line' id='line_1_60' title="bbox 119 5631 922 5717; baseline 0.021 -33"><span class='ocrx_word' id='word_1_664' title='bbox 119 5631 204 5707; x_wconf 89' lang='lat' dir='ltr'><strong>poris,</strong></span> <span class='ocrx_word' id='word_1_665' title='bbox 219 5633 331 5700; x_wconf 84' lang='lat' dir='ltr'><strong>Karolo,</strong></span> <span class='ocrx_word' id='word_1_666' title='bbox 362 5632 490 5690; x_wconf 84' lang='lat' dir='ltr'><strong>budovici</strong></span> <span class='ocrx_word' id='word_1_667' title='bbox 520 5636 696 5710; x_wconf 91' lang='lat' dir='ltr'><strong>imperatoris</strong></span> <span class='ocrx_word' id='word_1_668' title='bbox 724 5637 791 5711; x_wconf 82' lang='lat' dir='ltr'><strong>lilio,</strong></span> <span class='ocrx_word' id='word_1_669' title='bbox 815 5654 922 5717; x_wconf 88' lang='lat' dir='ltr'><strong>sceptra</strong></span> 
     </span>
    </p>
   </div>
   <div class='ocr_carea' id='block_1_4' title="bbox 974 4535 1795 5700">
    <p class='ocr_par' dir='ltr' id='par_1_4' title="bbox 974 4535 1795 5700">
     <span class='ocr_line' id='line_1_61' title="bbox 982 4535 1794 4606; baseline 0.012 -19"><span class='ocrx_word' id='word_1_670' title='bbox 982 4549 1074 4589; x_wconf 90' lang='lat' dir='ltr'><strong>sessos</strong></span> <span class='ocrx_word' id='word_1_671' title='bbox 1089 4535 1288 4594; x_wconf 80' lang='lat' dir='ltr'><strong>adaemonibus</strong></span> <span class='ocrx_word' id='word_1_672' title='bbox 1315 4539 1447 4606; x_wconf 90' lang='lat' dir='ltr'><strong>liberans,</strong></span> <span class='ocrx_word' id='word_1_673' title='bbox 1463 4538 1537 4594; x_wconf 87' lang='lat' dir='ltr'><strong>mille</strong></span> <span class='ocrx_word' id='word_1_674' title='bbox 1549 4539 1667 4594; x_wconf 91' lang='lat' dir='ltr'><strong>nocendi</strong></span> <span class='ocrx_word' id='word_1_675' title='bbox 1682 4539 1794 4597; x_wconf 82' lang='lat' dir='ltr'><strong>Satanae</strong></span> 
     </span>
     <span class='ocr_line' id='line_1_62' title="bbox 982 4618 1795 4698; baseline 0.015 -25"><span class='ocrx_word' id='word_1_676' title='bbox 982 4618 1093 4676; x_wconf 83' lang='lat' dir='ltr'><strong>fraudes</strong></span> <span class='ocrx_word' id='word_1_677' title='bbox 1107 4640 1158 4694; x_wconf 91' lang='lat' dir='ltr'><strong>per</strong></span> <span class='ocrx_word' id='word_1_678' title='bbox 1172 4625 1272 4680; x_wconf 82' lang='lat' dir='ltr'><strong>divinae</strong></span> <span class='ocrx_word' id='word_1_679' title='bbox 1301 4626 1447 4682; x_wconf 85' lang='lat' dir='ltr'><strong>medicinae</strong></span> <span class='ocrx_word' id='word_1_680' title='bbox 1462 4626 1621 4683; x_wconf 88' lang='lat' dir='ltr'><strong>destruebat</strong></span> <span class='ocrx_word' id='word_1_681' title='bbox 1635 4628 1795 4698; x_wconf 90' lang='lat' dir='ltr'><strong>oppositio·</strong></span> 
     </span>
     <span class='ocr_line' id='line_1_63' title="bbox 982 4714 1792 4804; baseline 0.015 -38"><span class='ocrx_word' id='word_1_682' title='bbox 982 4728 1041 4767; x_wconf 87' lang='lat' dir='ltr'><strong>nes.</strong></span> <span class='ocrx_word' id='word_1_683' title='bbox 1059 4714 1090 4770; x_wconf 83' lang='lat' dir='ltr'><strong>Et</strong></span> <span class='ocrx_word' id='word_1_684' title='bbox 1106 4731 1200 4771; x_wconf 89' lang='lat' dir='ltr'><strong>revera</strong></span> <span class='ocrx_word' id='word_1_685' title='bbox 1215 4717 1322 4798; x_wconf 82' lang='lat' dir='ltr'><strong>felicem</strong></span> <span class='ocrx_word' id='word_1_686' title='bbox 1337 4720 1430 4795; x_wconf 88' lang='lat' dir='ltr'><strong>gregis</strong></span> <span class='ocrx_word' id='word_1_687' title='bbox 1450 4719 1548 4804; x_wconf 80' lang='lat' dir='ltr'><strong>Christi</strong></span> <span class='ocrx_word' id='word_1_688' title='bbox 1572 4721 1728 4788; x_wconf 89' lang='lat' dir='ltr'><strong>ductorem,</strong></span> <span class='ocrx_word' id='word_1_689' title='bbox 1744 4722 1792 4778; x_wconf 94' lang='lat' dir='ltr'><strong>cui</strong></span> 
     </span>
     <span class='ocr_line' id='line_1_64' title="bbox 981 4802 1793 4881; baseline 0.012 -24"><span class='ocrx_word' id='word_1_690' title='bbox 981 4802 1075 4858; x_wconf 91' lang='lat' dir='ltr'><strong>datum</strong></span> <span class='ocrx_word' id='word_1_691' title='bbox 1085 4813 1126 4860; x_wconf 89' lang='lat' dir='ltr'><strong>est</strong></span> <span class='ocrx_word' id='word_1_692' title='bbox 1139 4813 1192 4861; x_wconf 90' lang='lat' dir='ltr'><strong>tam</strong></span> <span class='ocrx_word' id='word_1_693' title='bbox 1222 4807 1386 4880; x_wconf 90' lang='lat' dir='ltr'><strong>corporibus</strong></span> <span class='ocrx_word' id='word_1_694' title='bbox 1406 4825 1487 4881; x_wconf 90' lang='lat' dir='ltr'><strong>quam</strong></span> <span class='ocrx_word' id='word_1_695' title='bbox 1501 4808 1647 4865; x_wconf 91' lang='lat' dir='ltr'><strong>animabus</strong></span> <span class='ocrx_word' id='word_1_696' title='bbox 1660 4810 1793 4868; x_wconf 80' lang='lat' dir='ltr'><strong>conferre</strong></span> 
     </span>
     <span class='ocr_line' id='line_1_65' title="bbox 980 4897 1792 4977; baseline 0.014 -26"><span class='ocrx_word' id='word_1_697' title='bbox 980 4897 1097 4955; x_wconf 85' lang='lat' dir='ltr'><strong>salutem</strong></span> <span class='ocrx_word' id='word_1_698' title='bbox 1114 4900 1120 4954; x_wconf 94' lang='lat' dir='ltr'><strong>l</strong></span> <span class='ocrx_word' id='word_1_699' title='bbox 1135 4901 1326 4958; x_wconf 85' lang='lat' dir='ltr'><strong>Perseveravit</strong></span> <span class='ocrx_word' id='word_1_700' title='bbox 1341 4910 1434 4959; x_wconf 90' lang='lat' dir='ltr'><strong>autem</strong></span> <span class='ocrx_word' id='word_1_701' title='bbox 1455 4903 1483 4957; x_wconf 92' lang='lat' dir='ltr'><strong>in</strong></span> <span class='ocrx_word' id='word_1_702' title='bbox 1496 4903 1544 4958; x_wconf 85' lang='lat' dir='ltr'><strong>llei</strong></span> <span class='ocrx_word' id='word_1_703' title='bbox 1559 4903 1689 4959; x_wconf 86' lang='lat' dir='ltr'><strong>larnulatu</strong></span> <span class='ocrx_word' id='word_1_704' title='bbox 1699 4921 1792 4977; x_wconf 88' lang='lat' dir='ltr'><strong>usque</strong></span> 
     </span>
     <span class='ocr_line' id='line_1_66' title="bbox 980 4982 1793 5062; baseline 0.012 -23"><span class='ocrx_word' id='word_1_705' title='bbox 980 4984 1008 5040; x_wconf 89' lang='lat' dir='ltr'><strong>in</strong></span> <span class='ocrx_word' id='word_1_706' title='bbox 1024 4984 1118 5056; x_wconf 88' lang='lat' dir='ltr'><strong>linem,</strong></span> <span class='ocrx_word' id='word_1_707' title='bbox 1130 4997 1158 5045; x_wconf 88' lang='lat' dir='ltr'><strong>et</strong></span> <span class='ocrx_word' id='word_1_708' title='bbox 1173 4991 1247 5061; x_wconf 89' lang='lat' dir='ltr'><strong>quod</strong></span> <span class='ocrx_word' id='word_1_709' title='bbox 1261 5006 1308 5046; x_wconf 91' lang='lat' dir='ltr'><strong>ore</strong></span> <span class='ocrx_word' id='word_1_710' title='bbox 1323 4992 1417 5047; x_wconf 89' lang='lat' dir='ltr'><strong>docuit</strong></span> <span class='ocrx_word' id='word_1_711' title='bbox 1429 4982 1793 5062; x_wconf 86' lang='lat' dir='ltr'><strong>exemplisovidentissimis</strong></span> 
     </span>
     <span class='ocr_line' id='line_1_67' title="bbox 978 5076 1793 5157; baseline 0.012 -25"><span class='ocrx_word' id='word_1_712' title='bbox 978 5076 1186 5138; x_wconf 88' lang='lat' dir='ltr'><strong>demonstravit.</strong></span> <span class='ocrx_word' id='word_1_713' title='bbox 1216 5085 1342 5157; x_wconf 80' lang='lat' dir='ltr'><strong>Quipost</strong></span> <span class='ocrx_word' id='word_1_714' title='bbox 1371 5086 1517 5142; x_wconf 89' lang='lat' dir='ltr'><strong>multarum</strong></span> <span class='ocrx_word' id='word_1_715' title='bbox 1540 5085 1672 5141; x_wconf 90' lang='lat' dir='ltr'><strong>virtutum</strong></span> <span class='ocrx_word' id='word_1_716' title='bbox 1702 5101 1793 5157; x_wconf 89' lang='lat' dir='ltr'><strong>opera</strong></span> 
     </span>
     <span class='ocr_line' id='line_1_68' title="bbox 977 5175 1791 5254; baseline 0.009 -27"><span class='ocrx_word' id='word_1_717' title='bbox 977 5184 1041 5243; x_wconf 89' lang='lat' dir='ltr'><strong>post</strong></span> <span class='ocrx_word' id='word_1_718' title='bbox 1055 5175 1249 5234; x_wconf 89' lang='lat' dir='ltr'><strong>miraculorum</strong></span> <span class='ocrx_word' id='word_1_719' title='bbox 1265 5178 1477 5254; x_wconf 89' lang='lat' dir='ltr'><strong>insignia,bono</strong></span> <span class='ocrx_word' id='word_1_720' title='bbox 1489 5178 1641 5234; x_wconf 90' lang='lat' dir='ltr'><strong>certamine</strong></span> <span class='ocrx_word' id='word_1_721' title='bbox 1652 5177 1685 5231; x_wconf 88' lang='lat' dir='ltr'><strong>ad</strong></span> <span class='ocrx_word' id='word_1_722' title='bbox 1697 5178 1791 5234; x_wconf 88' lang='lat' dir='ltr'><strong>victo·</strong></span> 
     </span>
     <span class='ocr_line' id='line_1_69' title="bbox 977 5262 1790 5336; baseline 0.011 -21"><span class='ocrx_word' id='word_1_723' title='bbox 977 5262 1045 5317; x_wconf 91' lang='lat' dir='ltr'><strong>riam</strong></span> <span class='ocrx_word' id='word_1_724' title='bbox 1064 5265 1209 5336; x_wconf 89' lang='lat' dir='ltr'><strong>perducto,</strong></span> <span class='ocrx_word' id='word_1_725' title='bbox 1226 5267 1299 5324; x_wconf 89' lang='lat' dir='ltr'><strong>lelici</strong></span> <span class='ocrx_word' id='word_1_726' title='bbox 1320 5285 1401 5326; x_wconf 90' lang='lat' dir='ltr'><strong>cursu</strong></span> <span class='ocrx_word' id='word_1_727' title='bbox 1414 5276 1618 5334; x_wconf 89' lang='lat' dir='ltr'><strong>consummato,</strong></span> <span class='ocrx_word' id='word_1_728' title='bbox 1643 5268 1751 5324; x_wconf 90' lang='lat' dir='ltr'><strong>sanctis</strong></span> <span class='ocrx_word' id='word_1_729' title='bbox 1763 5269 1790 5324; x_wconf 92' lang='lat' dir='ltr'><strong>ei</strong></span> 
     </span>
     <span class='ocr_line' id='line_1_70' title="bbox 975 5353 1790 5433; baseline 0.01 -25"><span class='ocrx_word' id='word_1_730' title='bbox 975 5353 1154 5412; x_wconf 87' lang='lat' dir='ltr'><strong>obviantibus</strong></span> <span class='ocrx_word' id='word_1_731' title='bbox 1173 5358 1328 5428; x_wconf 89' lang='lat' dir='ltr'><strong>spiritibus,</strong></span> <span class='ocrx_word' id='word_1_732' title='bbox 1359 5365 1386 5414; x_wconf 90' lang='lat' dir='ltr'><strong>et</strong></span> <span class='ocrx_word' id='word_1_733' title='bbox 1411 5359 1565 5432; x_wconf 89' lang='lat' dir='ltr'><strong>gaudenter</strong></span> <span class='ocrx_word' id='word_1_734' title='bbox 1588 5375 1649 5415; x_wconf 91' lang='lat' dir='ltr'><strong>oum</strong></span> <span class='ocrx_word' id='word_1_735' title='bbox 1676 5359 1790 5433; x_wconf 88' lang='lat' dir='ltr'><strong>angelis</strong></span> 
     </span>
     <span class='ocr_line' id='line_1_71' title="bbox 975 5443 1789 5524; baseline 0.012 -28"><span class='ocrx_word' id='word_1_736' title='bbox 975 5443 1205 5515; x_wconf 89' lang='lat' dir='ltr'><strong>suscipientibus,</strong></span> <span class='ocrx_word' id='word_1_737' title='bbox 1222 5449 1268 5505; x_wconf 90' lang='lat' dir='ltr'><strong>dio</strong></span> <span class='ocrx_word' id='word_1_738' title='bbox 1281 5451 1465 5506; x_wconf 89' lang='lat' dir='ltr'><strong>llalendarum</strong></span> <span class='ocrx_word' id='word_1_739' title='bbox 1476 5447 1611 5505; x_wconf 82' lang='lat' dir='ltr'><strong>luliarum</strong></span> <span class='ocrx_word' id='word_1_740' title='bbox 1627 5450 1789 5524; x_wconf 88' lang='lat' dir='ltr'><strong>cnmgloria</strong></span> 
     </span>
     <span class='ocr_line' id='line_1_72' title="bbox 976 5531 1790 5610; baseline 0.016 -26"><span class='ocrx_word' id='word_1_741' title='bbox 976 5531 1104 5607; x_wconf 89' lang='lat' dir='ltr'><strong>migravit</strong></span> <span class='ocrx_word' id='word_1_742' title='bbox 1114 5534 1148 5590; x_wconf 88' lang='lat' dir='ltr'><strong>ad</strong></span> <span class='ocrx_word' id='word_1_743' title='bbox 1162 5534 1310 5595; x_wconf 82' lang='lat' dir='ltr'><strong>Christum.</strong></span> <span class='ocrx_word' id='word_1_744' title='bbox 1327 5540 1410 5610; x_wconf 79' lang='lat' dir='ltr'><strong>Cujus</strong></span> <span class='ocrx_word' id='word_1_745' title='bbox 1432 5540 1527 5595; x_wconf 91' lang='lat' dir='ltr'><strong>audito</strong></span> <span class='ocrx_word' id='word_1_746' title='bbox 1546 5536 1663 5593; x_wconf 88' lang='lat' dir='ltr'><strong>transitu</strong></span> <span class='ocrx_word' id='word_1_747' title='bbox 1679 5540 1790 5608; x_wconf 89' lang='lat' dir='ltr'><strong>pretio-</strong></span> 
     </span>
     <span class='ocr_line' id='line_1_73' title="bbox 974 5623 1787 5700; baseline 0.015 -22"><span class='ocrx_word' id='word_1_748' title='bbox 974 5623 1095 5696; x_wconf 91' lang='lat' dir='ltr'><strong>sissimo,</strong></span> <span class='ocrx_word' id='word_1_749' title='bbox 1112 5631 1299 5700; x_wconf 87' lang='lat' dir='ltr'><strong>praelatusrex</strong></span> <span class='ocrx_word' id='word_1_750' title='bbox 1324 5633 1512 5690; x_wconf 90' lang='lat' dir='ltr'><strong>Theodericus</strong></span> <span class='ocrx_word' id='word_1_751' title='bbox 1536 5633 1571 5690; x_wconf 89' lang='lat' dir='ltr'><strong>ad</strong></span> <span class='ocrx_word' id='word_1_752' title='bbox 1584 5632 1787 5690; x_wconf 87' lang='lat' dir='ltr'><strong>monasterium</strong></span> 
     </span>
    </p>
   </div>
   <div class='ocr_carea' id='block_1_5' title="bbox 0 0 1924 6105">
    <p class='ocr_par' dir='ltr' id='par_1_5' title="bbox 0 0 1924 6105">
     <span class='ocr_line' id='line_1_74' title="bbox 0 0 1924 6105; baseline 0 0"><span class='ocrx_word' id='word_1_753' title='bbox 0 0 1924 6105; x_wconf 95' lang='lat' dir='ltr'><strong> </strong></span> 
     </span>
    </p>
   </div>
  </div>
 </body>
</html>
