3840 6106
76 279 131 335 '153

75 407 159 462 lstius
173 407 280 470 Petrus,
294 405 453 477 Paulusque
462 405 586 461 sciuntur
599 405 715 462 alumni.

75 496 127 562 Qui
147 495 247 550 Christi
257 495 353 551 divina
367 495 415 549 Dei
428 495 557 568 gentibus
567 495 647 550 isthic

74 589 272 651 hlonstrarunt,
289 587 444 658 orbemque
461 587 507 657 pio
518 587 666 658 splendore
682 596 847 655 venustant:

75 682 145 736 ilinc
158 687 245 735 testes
260 680 380 746 Domini,
394 681 533 754 primique
551 680 659 735 insede
674 696 794 752 superna

74 773 238 827 Sanctorum
253 771 343 838 asciti,
358 772 422 827 coeli
434 772 601 828 dominatur
615 772 643 826 in
658 787 730 838 arce,

74 868 253 924 Summarum
267 865 368 922 surnmi
380 880 526 937 procerum
542 864 747 940 omniregentis
761 867 851 921 amici.
874 887 885 919 ι

73 958 209 1014 Caesarad
226 959 302 1015 haec:
323 981 337 1005 «
358 958 457 1012 horum
470 957 550 1012 robis
566 974 632 1012 nunr
646 957 718 1012 livea
731 957 823 1013 vultus

76 1047 233 1120 Exprimit?
252 1068 267 1098 s
287 1047 458 1119 ostendique
473 1046 526 1102 sihi
544 1055 705 1122 argumenta
720 1048 854 1120 reposcit:

16 1168 23 1179 ·
74 1144 202 1200 Visorum
217 1144 322 1198 intutus
337 1158 409 1215 papa
423 1150 595 1198 monstrante
609 1142 723 1219 figuras:

73 1256 86 1279 a
110 1232 208 1287 Verius
221 1231 294 1287 fraud
310 1231 462 1304 quidquam
478 1232 529 1287 hos
545 1232 655 1304 (inquit)
671 1230 737 1286 mihi
751 1232 828 1301 jussa
841 1231 892 1286 de-

759 1323 852 1395 [disse

71 1417 109 1470 Te
125 1432 187 1470 mon
203 1415 311 1480 ascisci,
326 1413 429 1469 debere
442 1414 551 1469 lavacra
564 1414 663 1468 salutis

71 1505 109 1559 Te
126 1503 207 1558 nobis
219 1503 316 1569 nostri,
332 1503 434 1575 quibus
455 1504 549 1558 ulcera
566 1509 663 1558 cuncta
679 1502 814 1558 fatiscant.
836 1523 849 1552 ι

71 1596 163 1651 Laetus
178 1595 212 1649 ad
226 1595 289 1660 ista,
306 1610 385 1650 sacer
399 1592 464 1649 fnlci
481 1595 534 1650 fert
554 1595 641 1649 ubera
658 1595 726 1666 regi,

73 1692 255 1762 llortaturquc
270 1689 352 1744 fidem
371 1698 499 1761 prompta
509 1689 709 1761 comprendere
721 1697 823 1743 mente.

72 1782 193 1836 Credere
208 1796 238 1836 se
253 1781 298 1836 ille
313 1781 407 1847 refert,
423 1782 541 1853 ideoque
553 1797 667 1836 vocasse
679 1789 823 1852 patronum

39 1886 46 1898 “
73 1869 159 1939 liujus
174 1887 237 1925 eum
253 1869 333 1945 legis,
347 1870 415 1925 ritus
427 1886 482 1944 qno
493 1872 556 1940 iure
566 1878 699 1942 capessat.

73 1966 215 2020 Dietantur
230 1981 291 2019 mox
306 1971 450 2019 mansueto
466 1974 604 2036 precepta
618 1974 752 2034 tyranno:

70 2059 231 2130 tironique,
249 2074 321 2114 novo
331 2057 495 2113 submittere
508 2058 577 2113 colla
592 2067 698 2129 rrarato,

22 2196 25 2201 .
71 2150 154 2204 ‚frida
176 2166 225 2221 pro
238 2149 358 2221 dapibus
374 2151 473 2204 dantur
484 2149 591 2218 ieiunia
602 2149 717 2204 summis
729 2166 736 2213 ;

71 2243 242 2314 hircinoque
257 2242 377 2317 flagrans
386 2248 491 2297 ostrum
507 2248 626 2297 mutatur
640 2241 761 2307 amictu;

71 2335 226 2408 hmplivagi
244 2349 294 2404 pro
314 2334 416 2389 lascire
431 2333 540 2407 fulgore
553 2335 647 2405 palati.

49 2496 54 2500 ·
72 2424 151 2479 invia
170 2424 337 2481 mandantur
350 2425 435 2480 stricti
453 2432 558 2481 secreta
572 2425 689 2491 cubilis:

71 2518 124 2573 Pro
141 2518 264 2588 pompis,
281 2532 330 2589 pro
343 2517 458 2587 judiciis
471 2518 640 2586 crudelibus,
656 2521 727 2576 alma

72 2605 125 2660 Dra
140 2604 336 2676 triumphantis
350 2612 460 2661 resonet
475 2606 613 2664 confessio
629 2607 737 2665 Christi.

74 2697 200 2752 tomenti
216 2697 336 2772 gemitus
350 2697 472 2752 mulctati
484 2699 628 2772 sanguinis
641 2717 728 2768 error,

74 2788 195 2843 Delubra
210 2788 390 2854 claudantur:
406 2789 543 2845 larvarum
559 2790 615 2845 liba
628 2791 781 2861 facessant:

72 2880 174 2935 Debita
189 2879 358 2950 pauperihus
374 2879 441 2937 fisco
453 2879 592 2935 donentur
606 2881 640 2936 ab
656 2884 747 2950 omni;

73 2972 193 3027 t'incula
208 2972 367 3027 carceribus
381 2979 437 3029 tota
453 2983 611 3032 reserentur
626 2977 654 3032 in
669 2977 736 3033 urbo
754 2995 761 3043 ς

75 3064 187 3119 Exsiliis
198 3065 293 3132 etiam,
314 3072 342 3119 et
352 3065 434 3121 variis
444 3067 614 3124 cruciatibus
629 3070 681 3125 aeti

74 3152 208 3208 Solantur
216 3153 314 3218 reuia;
325 3154 570 3211 dentursolamina
582 3156 675 3222 fessis:

74 3247 219 3319 Degentur
232 3245 308 3317 digni
318 3246 402 3322 digne
417 3247 476 3302 haee
490 3248 524 3302 ad
536 3250 643 3322 agenda
657 3251 787 3306 ministri.

75 3336 184 3406 Excipit
199 3336 347 3410 Augustus,
369 3336 423 3392 fida
439 3354 550 3410 quoque
570 3347 663 3395 mente
680 3349 818 3405 retractat,

76 3428 108 3484 Et
130 3427 269 3483 Christum
297 3444 392 3485 verum
417 3430 621 3505 bominumque
650 3433 797 3506 Deumque
826 3450 892 3506 pro·

747 3525 855 3597 [fessus

78 3615 155 3669 Vana
168 3615 290 3685 probans
305 3615 462 3683 simulacra,
478 3616 567 3671 erneis
582 3616 724 3690 signacula
738 3619 822 3674 sumit

79 3706 280 3778 Pontificisque
295 3723 377 3762 manu
390 3707 507 3781 insignis
522 3709 739 3764 catechumenus
754 3710 819 3765 exit.

80 3800 154 3871 Papa
171 3798 257 3854 sacris
273 3808 370 3856 cautus
384 3801 460 3856 ducit
472 3801 578 3871 jejunia
589 3802 678 3869 laetus,

79 3893 289 3964 Ecclesiamque
303 3893 348 3963 pio
363 3893 416 3949 sibi
430 3895 522 3969 jungit
532 3895 629 3949 adesse
644 3895 750 3964 labore,

79 3982 190 4035 llitlhns
200 3981 338 4052 explicitis
352 3998 401 4054 per
415 3989 476 4038 vota
488 3983 608 4038 celebria
622 3984 714 4059 dignis

79 4077 197 4130 Conscia
212 4077 350 4146 surgentis
365 4076 462 4132 Christi
480 4077 563 4132 instat
577 4094 693 4149 vespera
709 4078 783 4145 felix,

80 4168 221 4223 llclnctnra
236 4167 324 4243 nigris
338 4167 469 4223 altissima
484 4175 592 4239 sceptra
608 4169 739 4236 tenebris,

80 4260 211 4330 l'onsquc
223 4259 353 4330 perennis
368 4252 446 4330 aquae
463 4260 593 4330 praecelso
607 4276 723 4315 munere
739 4261 857 4333 lymphae

80 4355 197 4409 Fontem
210 4353 316 4425 implet,
331 4360 423 4425 pestes
434 4354 608 4428 exstinguere
620 4370 675 4409 non
690 4355 771 4411 modo
782 4355 892 4426 mentis,

78 4445 214 4516 Corporis
230 4453 257 4500 at
272 4447 365 4502 valido
379 4447 536 4503 morborum
554 4447 613 4501 dira
629 4447 731 4502 levare.

78 4539 215 4593 Summos
229 4537 251 4593 it
264 4539 379 4593 antistes
392 4554 528 4593 summurn
544 4554 652 4594 sacrare
666 4539 849 4610 Toparcham,

79 4627 128 4682 llle
142 4627 192 4681 Dei
206 4626 308 4681 summi
318 4627 448 4682 virtutem
461 4627 550 4682 lassus
564 4627 692 4696 herilem,

77 4716 355 4787 Sordihustimpuris,
371 4717 509 4788 saevisque
519 4723 656 4773 renuntiat
671 4718 726 4773 aris
741 4738 749 4782 ς

79 4806 209 4881 fingitur
223 4815 253 4861 et
266 4807 352 4862 sacris
367 4808 438 4864 trino
454 4809 619 4864 mersamine
635 4808 663 4862 in
674 4808 768 4876 undis,

81 4898 110 4952 Et
131 4899 228 4954 subito
241 4900 320 4955 centis
333 4900 368 4954 ad
383 4908 457 4966 rota,
469 4902 503 4955 ad
519 4903 645 4971 praesulis
665 4917 737 4967 orsa,

82 4988 136 5044 lux
154 4989 244 5043 radiat
258 4988 377 5044 celebris
388 5005 524 5059 superans
535 4989 692 5045 rutilamina
703 4990 779 5046 solis.

82 5082 149 5136 Tum
165 5081 289 5151 crepitus
304 5080 388 5135 fontis
402 5081 548 5136 stridentia
564 5082 634 5136 frixa
648 5084 774 5150 resultat,

83 5173 139 5235 Quo
154 5186 275 5241 surgens
290 5170 418 5225 lotusrex
438 5178 530 5226 mente
545 5187 577 5226 ac
590 5187 706 5244 corpore
721 5175 842 5229 mundus

87 5262 235 5337 Egreditur
248 5260 350 5326 salvus,
366 5261 465 5316 Christi
473 5263 531 5317 visa
541 5277 589 5317 ora
604 5263 753 5333 professus.

85 5358 175 5413 llente
191 5357 266 5411 nitet
277 5372 374 5428 purus,
389 5357 468 5429 pueri
488 5358 571 5412 micat
589 5374 638 5413 oro
658 5374 788 5426 serenus;

86 5450 161 5504 iliius
177 5448 253 5503 intus
268 5447 408 5518 splendet,
423 5449 529 5504 lorisac
543 5465 607 5505 caro
623 5449 728 5522 fulgida
742 5453 859 5519 candet,

86 5541 191 5596 Czrnrlet
210 5547 238 5594 at
247 5539 347 5594 eximia
359 5540 477 5597 donatus
489 5541 618 5613 utrinque
631 5543 750 5598 medela.

87 5634 212 5689 Candida
225 5633 310 5689 sumit
322 5649 416 5700 ovans,
433 5640 460 5689 et
475 5634 583 5708 legibus
598 5636 668 5690 alma
682 5645 833 5709 propagat:

89 5719 281 5777 lluncdehere
297 5721 350 5776 oeli
371 5719 449 5776 latus
468 5737 522 5792 qna
536 5722 744 5778 tenditrrrerhis

388 276 429 330 illi
448 272 577 331 etthtstt
596 276 776 333 TlilUllPlllS
796 279 882 334 APUD
903 276 1037 336 trattati
1058 276 1147 332 itaut
1170 276 1239 332 xlv,
1260 306 1297 317 -
1316 275 1379 331 bib.
1400 275 1444 330 tx,

902 414 924 481 Α
939 409 988 474 Qui
1005 407 1058 462 sibi
1071 423 1143 462 saera
1154 405 1253 479 fugans
1267 401 1482 459 tribuissetlrets
1489 402 1587 458 salutis
1601 418 1609 456 t

1700 273 1754 330 titt

941 499 1019 552 fiune
1034 495 1080 568 qui
1096 494 1271 564 blasphemet
1283 492 1391 563 punitio
1406 492 1491 568 digna
1506 499 1662 563 sequatur:

937 585 1106 642 Christicolae
1121 583 1240 639 afflictor
1253 589 1470 638 censussactore
1486 588 1643 653 prematur:

938 685 1113 742 Romulidum
1130 699 1229 755 papam
1244 689 1392 738 veneretur
1406 681 1555 753 episcopus
1574 677 1680 738 omnis:

938 775 965 830 Si
978 790 1040 829 reus
1056 772 1203 829 Ecclesiam
1220 777 1306 842 petat,
1322 777 1353 826 ut
1366 784 1484 826 censore
1499 775 1624 846 tegatur:

940 863 1068 921 Praesulis
1083 863 1183 918 annisu
1198 860 1282 917 modo
1297 859 1401 932 templa
1411 859 1577 916 locenturin
1588 857 1676 914 urba:

940 956 1072 1013 Caesareae
1084 953 1204 1011 fabricas
1218 952 1333 1008 decime
1349 951 1509 1025 redigantur
1522 949 1553 1006 in
1574 950 1672 1008 almas.
1729 938 1732 948 '

941 1051 1017 1107 hlbis
1027 1050 1173 1122 depositis,
1193 1047 1319 1104 ardentia
1334 1052 1448 1102 ntostra
1463 1045 1591 1113 resumit,

944 1146 1063 1202 blundus
1081 1152 1109 1200 et
1123 1143 1273 1201 incolumis
1284 1141 1358 1197 Petri
1376 1142 1520 1196 mausolea
1532 1140 1636 1199 visens.

942 1245 1079 1300 Sternitur
1094 1243 1121 1297 in
1141 1240 1250 1308 faciem,
1267 1240 1351 1312 capiti
1367 1237 1523 1294 diademate
1539 1237 1664 1308 dempto.

941 1341 971 1395 Et
981 1337 1108 1411 lacrymis
1121 1343 1234 1393 stratum
1253 1335 1405 1407 Tyriosque
1416 1333 1537 1389 infundit
1550 1333 1681 1400 amictus,

940 1433 1030 1504 Seque
1041 1447 1118 1486 reum
1134 1443 1290 1485 memorans
1300 1433 1395 1482 sancte
1408 1424 1443 1480 de
1454 1424 1590 1497 sangnine
1605 1420 1679 1492 fuse,

941 1523 1051 1578 Excibat
1064 1522 1158 1594 populi
1172 1520 1253 1576 hctus
1271 1519 1448 1594 gemitusque
1459 1520 1591 1573 sonantes

939 1616 1020 1670 hlirto
1034 1614 1182 1688 pangentis
1204 1611 1280 1668 luctu
1300 1628 1372 1666 nora
1390 1610 1492 1686 gaudia
1507 1608 1586 1665 laetis.

939 1705 995 1759 Rex
1014 1703 1112 1758 servile
1126 1715 1272 1776 aggressus
1290 1715 1370 1770 opus,
1386 1696 1598 1770 chlamydisque
1612 1694 1730 1751 nitorem

938 1792 1087 1863 dejiciens,
1103 1792 1210 1845 insueta
1223 1788 1302 1861 petit,
1319 1786 1466 1860 fossorque
1481 1786 1623 1843 bidentem

936 1894 1047 1965 hrripit,
1069 1899 1096 1948 et
1110 1892 1205 1965 glebas
1220 1906 1307 1962 prono
1320 1889 1466 1945 conamine
1482 1886 1575 1953 vertit,

936 1986 1024 2055 hique
1039 1982 1109 2037 riam
1126 1981 1221 2052 pandit
1231 1979 1301 2034 sacri
1316 1976 1480 2033 fundamina
1494 1975 1592 2047 templi

937 2082 993 2144 Qua
1003 2073 1288 2152 liganturapostolici,
1304 2089 1359 2146 quo
1378 2088 1479 2128 currus
1494 2071 1611 2138 honore,

939 2173 1035 2243 Egesta
1051 2167 1223 2224 fundamenti
1243 2166 1341 2221 scrobe
1353 2164 1403 2220 rite
1419 2162 1541 2230 locandi,

936 2261 983 2314 Dis
997 2275 1044 2314 sex
1059 2258 1111 2313 fert
1125 2256 1246 2312 humeris
1261 2252 1399 2324 cophinos
1415 2252 1512 2306 tellure
1527 2254 1666 2327 gravatos.

938 2352 1079 2406 Curriculo
1095 2348 1221 2405 residens
1232 2345 1321 2401 aulam
1334 2344 1398 2400 hinc
1413 2359 1475 2399 cum
1487 2341 1606 2413 presule
1623 2337 1751 2397 scandit:

937 2443 1028 2495 Altera
1043 2439 1088 2493 lux
1102 2445 1187 2493 terras
1203 2450 1283 2492 roseo
1297 2431 1447 2505 spargebat
1459 2430 1572 2487 amictu.

938 2541 1054 2595 Sanctus
1070 2543 1098 2592 et
1107 2535 1236 2592 Ecclesiae
1251 2549 1360 2590 sacrare
1374 2531 1476 2605 palatia
1489 2530 1577 2605 surgit

940 2630 994 2685 Rex
1015 2624 1209 2683 lateranensis
1221 2623 1342 2689 fabricae,
1358 2623 1518 2695 passimque
1535 2619 1639 2676 revelat

939 2718 1085 2775 altithroni
1095 2719 1162 2792 juga
1177 2715 1228 2772 sub
1241 2713 1350 2771 Domini
1362 2730 1391 2769 se
1403 2711 1474 2769 eolla
1490 2711 1611 2767 dedisse.

943 2825 1015 2900 Lege
1030 2824 1093 2880 data
1109 2838 1214 2894 pauper
1223 2819 1245 2876 si
1256 2819 1317 2893 quis
1327 2834 1357 2875 se
1367 2815 1488 2873 subdere
1502 2814 1610 2872 Christo

942 2916 1057 2990 Deligat,
1073 2920 1103 2968 ut
1120 2920 1224 2967 vestem
1237 2909 1328 2980 capiat
1340 2906 1461 2964 candore
1475 2905 1624 2961 micantem
1704 2978 1707 2983 Ι

941 3012 1053 3067 Munere
1068 3009 1192 3064 Caesareo
1208 3004 1368 3076 solidosque
1383 3000 1479 3058 decem
1492 2999 1661 3076 geminatos.

902 3100 1076 3181 checrescit
1091 3097 1199 3154 Domini
1219 3094 1330 3163 messis,
1346 3091 1508 3166 populique,
1525 3091 1648 3146 nitentes

940 3193 1023 3247 Sacra
1042 3187 1091 3242 Dei
1101 3185 1214 3253 summi,
1227 3183 1359 3256 linquunt
1373 3179 1508 3237 scelerata
1522 3177 1642 3246 sacella;

940 3293 1024 3349 llillia
1038 3291 1206 3347 candentum
1222 3285 1342 3342 renitent
1357 3282 1486 3340 duodena
1497 3282 1633 3348 virerum,

943 3387 1078 3444 infantum
1095 3389 1195 3456 praeter
1204 3386 1321 3435 matrum
1332 3393 1445 3450 quoque
1458 3375 1552 3433 debile
1562 3374 1672 3451 vulgus,

942 3478 1062 3543 Duorum
1077 3480 1131 3529 stat
1145 3486 1277 3528 numerus
1291 3467 1354 3525 coeli
1369 3481 1497 3523 mensore
1516 3464 1642 3532 libratus,

943 3570 1121 3627 Romulidum
1136 3563 1263 3622 Patribus
1278 3559 1343 3616 fidei
1355 3557 1525 3636 fugientibus
1539 3556 1605 3624 alta,

944 3667 1019 3722 llaud
1035 3664 1102 3720 sinit
1120 3664 1271 3737 Augustum
1287 3655 1547 3731 Paterindignarier
1560 3654 1664 3713 almus.

944 3756 991 3811 llle
1011 3756 1111 3810 throno
1123 3749 1248 3807 residens
1262 3748 1332 3804 aulae
1351 3744 1519 3818 plebemque
1535 3751 1683 3818 patresque

944 3848 1047 3902 Lumen
1062 3845 1089 3899 in
1101 3843 1251 3899 aethereum
1267 3836 1439 3895 radiantibus
1448 3835 1549 3892 excitat
1557 3835 1645 3893 orsis:

943 3940 1001 3994 Non
1016 3937 1120 3993 debere
1136 3934 1203 3990 deos
1214 3940 1319 3988 testans
1331 3929 1422 3986 dicire
1435 3928 1526 3985 colive

944 4031 1126 4098 Duimanibus
1137 4027 1204 4083 hant
1219 4025 1374 4090 hominurn,
1390 4029 1558 4079 tueanturet
1572 4027 1646 4088 actu,
1720 4087 1722 4092 ,

945 4132 1017 4196 Quos
1027 4126 1232 4185 conservandos
1244 4129 1400 4179 restaurent
1414 4120 1525 4179 casibus
1537 4126 1628 4186 actos:
1687 4145 1698 4154 ν

946 4225 992 4279 llis
1006 4239 1036 4280 se
1055 4221 1195 4290 conjicere
1210 4218 1341 4294 indignos
1354 4217 1508 4289 placamina
1523 4215 1586 4272 diro

944 4316 994 4383 Qui
1011 4329 1139 4386 reparare
1153 4319 1237 4385 queat
1249 4311 1341 4366 tritum
1355 4315 1384 4365 et
1399 4322 1529 4365 revocare
1538 4306 1675 4373 satalon:

945 4413 1079 4485 Quodque
1091 4410 1119 4465 in
1128 4425 1158 4465 se
1171 4409 1273 4464 factum
1288 4406 1394 4480 liquida
1406 4411 1460 4461 stet
1474 4406 1535 4461 luce
1546 4404 1667 4476 probari,

902 4494 930 4563 D
944 4503 1083 4559 Artificem
1099 4501 1237 4557 Christum
1251 4500 1305 4554 ritu
1316 4498 1476 4554 venerarier
1489 4512 1583 4569 equo,

947 4596 1025 4651 b'nde
1040 4592 1232 4667 superstitiosa
1246 4596 1341 4662 petant
1351 4589 1408 4661 jam
1418 4587 1535 4643 numina
1549 4585 1644 4652 huam,

946 4688 1026 4744 Solus
1045 4687 1177 4744 adoretur
1189 4684 1237 4757 qui
1252 4690 1350 4739 cuncta
1364 4680 1426 4754 quit
1443 4679 1529 4736 edere
1543 4678 1636 4745 solus:

945 4780 994 4846 Qui
1010 4787 1100 4835 servat
1112 4778 1223 4852 dignus,
1239 4790 1295 4831 non
1309 4773 1355 4846 qui
1370 4780 1505 4839 servatur,
1522 4771 1645 4841 bonore:

943 4879 983 4933 Sit
996 4876 1076 4933 eaecis
1090 4876 1165 4930 risus
1180 4874 1283 4929 ianime
1298 4872 1356 4943 (sic)
1370 4869 1546 4943 imperitetur

944 4971 1061 5025 Auditus
1071 4987 1078 5035 ;
1090 4968 1206 5024 desistat
1224 4966 1259 5021 ab
1275 4965 1319 5022 his
1333 4965 1471 5037 sapientia
1486 4970 1597 5028 nostra:

946 5062 1073 5118 Ecclesiae
1089 5067 1202 5132 pateant
1217 5058 1325 5126 Christi,
1340 5073 1402 5131 qua
1415 5058 1478 5127 jura
1493 5053 1618 5128 profanis

947 5159 1115 5216 flaminibus
1128 5164 1246 5225 serrata,
1262 5157 1317 5229 piis
1335 5156 1392 5211 sint
1401 5170 1480 5211 cessa
1498 5149 1643 5210 ministris.

948 5251 1087 5323 Coepimus
1097 5260 1163 5326 ergo
1178 5265 1291 5322 operam
1306 5248 1417 5314 Christi,
1432 5260 1488 5320 qno
1503 5243 1579 5319 regia
1591 5240 1698 5311 templo

948 5341 1045 5397 Nostra
1055 5339 1149 5407 micet,
1168 5338 1260 5394 rideat
1274 5336 1377 5409 passim
1392 5334 1637 5403 romanapotestas

948 5429 1026 5484 Nulla
1036 5427 1153 5484 subesse
1166 5426 1259 5482 animo
1274 5423 1353 5480 dubii
1368 5421 1486 5494 uestigia
1498 5425 1607 5476 nosne.

949 5516 1128 5573 Conclamant
1141 5516 1175 5570 ad
1191 5516 1264 5570 dicta
1279 5513 1382 5578 Patres,
1403 5510 1546 5579 fortesque
1560 5506 1690 5574 Quirites,

948 5617 1086 5672 Christum
1097 5616 1264 5681 attollentes,
1277 5613 1424 5684 claudique
1436 5608 1537 5665 sacella
1549 5612 1686 5684 petentes,

947 5707 1059 5779 Templa
1074 5713 1168 5780 patere
1180 5705 1226 5761 Dei
1238 5705 1348 5771 Christi,
1364 5701 1410 5776 qui
1423 5714 1507 5758 verus
1520 5707 1549 5759 et
1558 5712 1640 5763 uuus.
1693 5746 1698 5756 .
