3840 6106
120 217 169 271 unt
498 209 681 269 ltuuutttttt
702 207 858 266 Cthutttt
878 206 1042 264 heduusts
1060 207 1229 266 OPUSCULA
1247 207 1402 265 uitulus.

119 344 139 397 Α
154 341 246 397 Calida
259 355 369 395 manum
384 339 479 414 tingue
487 337 565 394 lovis
578 337 607 393 in
621 335 745 392 nomine.

121 432 204 487 Dictis
217 430 316 486 relisus
330 429 377 485 ille
392 426 644 500 suspensumiubct

120 523 201 580 Uncis
219 523 350 579 athletam
362 521 496 578 lancinari
512 519 621 586 terreis,

118 613 265 669 Atrocitatc
275 613 340 667 duni
353 609 457 667 fatiscit
469 607 609 676 carniiex;

118 703 224 758 Deinde
235 709 326 757 trusus
341 701 464 757 cecitate
476 696 594 755 carceris
677 694 681 702 '

119 790 316 846 corroboratur
328 807 344 845 a
363 789 418 845 lieo
432 787 505 843 datis
519 785 593 842 uiris.

119 884 196 949 ltem,
217 882 348 937 reductus
364 880 399 936 ad
411 879 545 946 duellum,
555 875 704 948 exponitur

118 977 266 1047 spectante
279 975 353 1030 binis
367 973 470 1046 oppido
485 971 624 1038 leonibus,

118 1065 179 1132 Qui,
195 1063 332 1120 mausueti
347 1062 475 1134 martyris
495 1060 558 1117 lacti
578 1060 643 1129 fide,

116 1153 208 1209 Vitant
222 1153 297 1208 beati
311 1151 434 1208 membra
449 1150 529 1207 testis
544 1158 667 1226 tangere.

117 1245 208 1303 Coetus
224 1254 305 1302 tuens
324 1247 397 1301 brec:
421 1266 432 1296 r
455 1242 671 1300 Christianorum
689 1243 770 1312 Deus,

118 1337 264 1405 Exclamat,
280 1336 342 1392 altis
356 1351 473 1411 magnus
483 1341 524 1391 est
537 1333 716 1390 elamoribus.
740 1354 751 1384 r

118 1426 219 1482 lterum
234 1426 331 1481 beatus
344 1440 455 1481 carcere
465 1423 632 1490 remittitur;

119 1517 163 1572 Bis
176 1532 224 1571 sex
238 1515 337 1571 diebus
347 1515 421 1570 bunc
432 1512 555 1570 tenebris
574 1511 696 1568 obsitum

118 1607 249 1664 Homines
261 1613 389 1663 rotantur
402 1606 522 1661 allevare
541 1602 678 1660 affatibus.

118 1703 218 1777 Nequit
236 1702 287 1758 sed
299 1703 354 1758 alta
365 1699 526 1758 coelicorum
541 1698 661 1754 charitas

938 340 963 407 Α
981 333 1112 390 claustris
1126 334 1234 405 repelli,
1246 333 1289 390 rel
1303 334 1425 391 coerceri
1439 336 1527 405 seris;

977 425 1046 491 Quin
1062 426 1107 481 cui
1123 427 1202 497 dapis
1213 436 1330 503 negatur
1340 443 1404 484 esca
1418 434 1515 484 terrear

977 518 1082 588 Supero
1093 517 1230 574 ministrat
1241 517 1374 575 ferculum
1386 520 1534 588 solamine,

977 608 1100 681 Cculiqne
1116 626 1233 681 pascens
1250 610 1364 667 roborat
1379 613 1560 669 saturamine.

979 701 1032 754 lsto
1045 700 1154 756 dierum
1171 701 1300 758 devoluto
1316 712 1451 775 tempore,

978 793 1045 847 lium
1058 793 1114 862 jam
1136 800 1264 864 putantes
1279 795 1354 850 hune
1366 794 1474 852 lanistae
1489 807 1646 868 manuum,

976 879 1091 938 Auferre
1102 896 1202 954 corpus
1218 899 1248 938 sc
1259 882 1371 938 latebris
1386 885 1527 961 ingerunt.

977 972 1084 1028 Laudes
1098 980 1243 1029 canentem
1255 984 1452 1046 perstupentes
1466 977 1599 1045 audiunt,

977 1061 1096 1118 dductus
1110 1070 1187 1119 actus
1205 1071 1248 1119 est
1261 1065 1375 1139 grabato
1391 1064 1494 1134 farreo,

950 1166 955 1177 ·
977 1147 1246 1222 Plumhoquedorsa
1257 1168 1370 1224 sparsus
1385 1152 1449 1230 igne
1467 1153 1596 1223 lcrvido;

979 1241 1046 1297 [tunt
1063 1242 1268 1315 parvipendens
1279 1245 1332 1301 ista
1346 1245 1420 1302 ridet
1433 1248 1538 1305 arduus

978 1335 1107 1405 Bellator,
1124 1335 1179 1392 alta
1197 1344 1290 1394 mente
1305 1339 1416 1395 calcans
1427 1340 1561 1410 tormina,

978 1427 1116 1484 Confusus
1129 1429 1188 1485 edit
1200 1446 1300 1487 censor
1314 1440 1390 1488 atrox
1407 1432 1495 1503 pretii

978 1518 1108 1575 llucrone
1128 1528 1230 1577 metam
1242 1539 1248 1576 :
1260 1523 1311 1590 sic,
1328 1523 1451 1581 minutus
1461 1525 1580 1592 vertice,

981 1612 1078 1684 liudpr
1097 1630 1224 1686 supernas
1240 1632 1326 1694 regna
1339 1619 1447 1674 scandit
1460 1619 1558 1692 gloriae
1571 1638 1579 1687 ;

942 1676 967 1745 Β
979 1698 1106 1757 Gaudent
1120 1714 1233 1777 recepto
1247 1707 1412 1764 consodales
1426 1707 1554 1782 pignore.

842 1797 946 1855 caetu
964 1801 1057 1858 XVlll.

686 1901 726 1961 De
739 1901 856 1962 tuitione
869 1912 985 1980 quarte
996 1907 1226 1981 persecutionis.

120 2014 211 2071 'lnrbo
226 2012 321 2070 uolans
333 2012 379 2069 bic
393 2011 522 2067 dividuus
539 2009 598 2068 sola
612 2010 714 2066 Gallica
730 2016 843 2083 quassat

121 2106 208 2176 Atque
226 2102 308 2170 Asiae,
319 2101 476 2172 multosque
487 2099 546 2156 lero
559 2105 661 2157 tortore
676 2107 790 2155 coronat

121 2197 284 2252 Sanctorum
303 2192 402 2250 validis
414 2191 573 2248 vincentum
588 2197 677 2247 terrea
696 2190 787 2247 bellis.

121 2287 208 2344 Pestis
219 2295 246 2344 at
258 2286 414 2359 insequitur
424 2284 587 2358 regionibus
595 2292 654 2340 acta
665 2300 715 2356 per
727 2283 823 2340 orbem

123 2384 263 2450 Romanis,
280 2382 345 2439 tabo
356 2379 485 2437 inliciens
501 2380 563 2436 data
577 2394 694 2451 corpora
708 2380 817 2446 morbo,

122 2477 269 2532 vermibus
280 2484 365 2549 atque
378 2475 504 2550 adigens,
518 2473 585 2530 olim
601 2489 653 2530 ceu
668 2489 754 2550 regna
770 2471 872 2545 Canopi

126 2565 255 2639 improba
266 2565 388 2637 corrupit
396 2579 489 2620 verme
502 2568 585 2635 atquc
598 2561 746 2633 putredine
758 2578 863 2618 musca.

124 2656 206 2711 llissa
219 2655 280 2712 lues
294 2655 382 2727 ipsam
397 2667 472 2720 mox,
488 2667 550 2726 quae
564 2656 647 2723 caput
659 2651 810 2724 impietatis

128 2746 244 2814 institit,
260 2745 408 2803 Ausoniam
422 2752 498 2801 vasta
512 2743 553 2800 sic
568 2741 645 2799 clade
661 2742 796 2810 trucidat;

981 2012 1039 2078 Qua
1054 2014 1113 2070 sine
1128 2016 1246 2073 ruricola
1261 2018 1363 2090 passim
1377 2035 1452 2088 rura,
1466 2020 1584 2092 oppida,
1598 2022 1683 2092 ville,

981 2105 1136 2175 Desertum,
1151 2108 1246 2177 silvas,
1268 2125 1382 2186 magnas
1397 2119 1425 2167 et
1437 2128 1518 2168 versa
1530 2114 1638 2183 ruinas,

982 2193 1222 2254 Occideriutacies
1232 2198 1285 2254 late
1300 2207 1462 2271 cunctaeque
1473 2200 1631 2276 phalanges

985 2287 1134 2356 Romulea,
1145 2288 1297 2365 longinqua
1313 2292 1409 2362 procul
1424 2291 1531 2348 libema
1546 2294 1683 2362 colentes,

986 2374 1107 2433 Vindicis
1122 2377 1275 2450 absumptae
1291 2387 1367 2435 tanto
1382 2380 1488 2437 tersere
1504 2381 1657 2451 ieruntnr;

988 2466 1074 2540 thue
1094 2476 1188 2525 exorta
1201 2480 1314 2543 crepant
1325 2487 1389 2528 mox
1401 2471 1605 2531 llarcomanica
1621 2475 1703 2544 bella,

987 2555 1102 2612 Nonnisi
1122 2557 1231 2614 delectu
1248 2557 1353 2615 inerint
1366 2567 1480 2617 tractata
1493 2564 1615 2633 recenti,

989 2651 1073 2716 Quem
1094 2652 1226 2710 struxisse
1241 2655 1321 2710 datur
1334 2656 1441 2712 Marcus
1459 2663 1516 2713 tres
1527 2657 1635 2735 jugiter
1648 2676 1739 2718 annos.

864 2811 969 2871 eleut
992 2813 1059 2869 lllll.

402 2916 442 3011 lle
453 2915 563 2995 pluuia
577 2923 604 2976 et
618 2916 750 2976 victoria
762 2913 913 2976 militibus
925 2933 980 2994 per
995 2914 1218 2975 invocationem
1237 2913 1352 2976 Christi
1365 2932 1513 2978 caucaso.

129 3030 191 3086 llaec
209 3027 309 3086 Christi
320 3027 407 3084 virtus
422 3024 531 3082 llamini
546 3023 688 3081 moderate
707 3023 850 3095 probatur,

126 3121 186 3176 lion
200 3118 302 3176 nostris
317 3124 436 3183 tantum,
450 3114 572 3171 externis
586 3114 654 3186 quin
671 3113 827 3190 relligione,

127 3212 281 3268 Castrorum
295 3218 325 3266 ut
344 3218 473 3284 retegens
491 3208 613 3264 ductoris
632 3207 750 3280 epistola
766 3208 877 3284 signet:

128 3305 250 3370 Qualiter
268 3309 363 3360 exusto
378 3302 475 3358 cuneis
490 3300 646 3357 sitientibus
659 3317 735 3369 arro,

129 3395 254 3467 Undique
268 3395 334 3450 dnm
348 3391 514 3449 circumfuso
535 3396 726 3462 premerentur
741 3390 776 3446 ab
792 3390 890 3460 hoste,

127 3484 232 3540 Cleusis
243 3482 371 3538 barbarie
384 3487 499 3537 mortem
520 3481 644 3553 eoeloque
662 3478 796 3548 minante,

128 3578 295 3634 Christicolae
309 3576 418 3633 attrtete
432 3572 556 3646 quidam,
574 3573 676 3645 pietate
690 3572 825 3646 uigentes,

129 3674 281 3748 Poplitibus
295 3672 376 3729 ilcxis
389 3673 418 3729 in
428 3671 543 3745 publica
555 3675 619 3727 vota
634 3668 751 3743 prolusi,

130 3766 268 3823 lnrbribus
282 3765 405 3823 obtentis
418 3764 542 3822 sedarint
556 3762 681 3820 nubibus
694 3767 795 3831 aestus;

988 3023 1062 3079 Caelo
1077 3021 1205 3078 deductis
1221 3022 1348 3078 satiarint
1362 3024 1472 3097 agmina
1488 3025 1605 3092 nimbis,

951 3098 976 3165 C
987 3113 1159 3170 Fulminibus
1171 3114 1266 3170 hostes
1276 3130 1308 3170 ac
1318 3114 1429 3171 coelitus
1441 3115 1506 3191 igne
1519 3116 1642 3194 fugarint

990 3202 1117 3259 Crebrius
1132 3218 1273 3274 expresso,
1287 3201 1427 3277 legionem
1444 3213 1471 3261 et
1485 3205 1521 3262 ab
1537 3206 1606 3264 inde
1619 3216 1733 3265 romum

989 3294 1167 3362 Fulmineam,
1180 3310 1231 3367 per
1244 3311 1327 3367 quam
1342 3295 1454 3353 victoria
1467 3296 1558 3355 milite
1571 3316 1660 3372 pauco

989 3388 1067 3445 Parte
1081 3387 1205 3461 quidem,
1224 3398 1251 3444 at
1266 3388 1351 3445 multa
1361 3388 1460 3445 Christi
1477 3389 1604 3450 bonitate
1616 3394 1719 3463 tributa,

990 3477 1090 3539 Priscis
1104 3476 1280 3533 llomulidum
1292 3476 1376 3533 nullis
1386 3481 1523 3551 aequanda
1533 3482 1657 3553 tropaeis,

987 3570 1062 3627 luris
1076 3570 1220 3642 inexperta
1229 3569 1363 3626 bellorum
1377 3581 1455 3644 gesta
1464 3572 1592 3630 cohorte.

989 3664 1122 3721 ttnlminis
1135 3672 1163 3721 at
1176 3664 1277 3722 Christi
1292 3665 1374 3724 solito
1389 3674 1497 3738 patrata
1512 3668 1620 3745 rigore.

753 3919 915 3977 eaettutl
935 3916 1023 3974 ttulit
1041 3913 1172 3982 QUllll'l'l.

193 4015 258 4074 Cre.
314 3976 342 4071 l:
351 4044 387 4055 -
399 4017 438 4071 lle
448 4018 541 4071 sancto
555 4012 711 4138 Apollonia.

311 4086 345 4142 ll.
361 4116 396 4126 —
408 4088 446 4142 tie
459 4087 560 4141 sanctis
601 4087 721 4144 antiano.
738 4083 852 4140 Eusebia
869 4087 896 4140 et
913 4086 994 4141 sociis
1006 4097 1106 4139 eonon.

310 4156 355 4212 lll.
371 4186 406 4197 -
423 4160 458 4213 lte
471 4156 593 4210 uindicta
610 4157 735 4224 praesuta
753 4154 931 4211 cmtdelitatis.

285 4226 291 4237 '
309 4227 351 4284 tv.
368 4257 401 4268 -
421 4230 458 4283 De
469 4229 562 4281 sancto
571 4227 685 4282 dnicae
696 4241 772 4296 papa
785 4230 811 4281 ct
822 4228 956 4298 Baesippo
970 4226 1087 4282 doctore.

311 4296 342 4352 v.
363 4328 396 4338 -
405 4300 443 4352 lie
455 4301 548 4352 sancta
562 4296 721 4367 Polpcarpo,

312 4367 356 4425 Vl.
371 4398 407 4409 -
419 4371 458 4425 De
471 4369 573 4424 sanctis
591 4368 691 4436 sotere,
702 4366 856 4424 Eleutherio
868 4374 894 4425 et
908 4371 1015 4428 Victore
1028 4371 1079 4424 PP.

308 4440 365 4495 Vll.
378 4470 411 4483 -
420 4443 459 4497 De
467 4439 591 4495 uindicta
602 4441 704 4511 quinta
716 4442 919 4511 permanetis.

308 4511 364 4567 Vll.
384 4541 420 4552 -
431 4514 470 4568 De
488 4511 633 4582 zephirino
642 4527 719 4583 papa
733 4516 757 4566 et
769 4514 862 4568 sancto
876 4514 995 4573 Catiuto.

311 4583 388 4639 lll-
406 4586 445 4640 De
457 4586 552 4641 sancta
565 4584 698 4639 llartina.

314 4654 346 4710 X.
362 4685 398 4696 -
412 4657 450 4711 lie
463 4657 556 4711 sancto
572 4654 680 4712 Urbano
691 4669 768 4726 papa
782 4658 807 4709 et
821 4654 936 4712 cerrita.

311 4724 356 4781 xt.
371 4756 407 4767 -
419 4729 458 4783 De
472 4727 574 4783 sanctu
587 4727 719 4783 Pontiano
735 4740 812 4796 papa
826 4730 852 4781 et
870 4716 1018 4797 Hippolyto
1030 4727 1194 4797 presbytero.

310 4796 367 4854 llll.
384 4828 418 4839 -
431 4800 470 4854 De
483 4799 587 4854 Antero
597 4813 674 4868 papa
687 4802 712 4852 et
725 4798 827 4851 auara
843 4803 925 4853 mate
938 4800 1140 4867 persecutionis.

309 4868 380 4924 lllll.
396 4899 431 4910 -
441 4872 479 4924 lie
496 4869 602 4924 duobus
611 4869 748 4938 Philippis
763 4870 971 4937 imperatoribus
985 4874 1010 4924 et
1024 4872 1118 4925 Pontio
1137 4874 1256 4940 martyre
1270 4873 1351 4939 atque
1364 4867 1494 4925 natam

311 4939 376 4994 lllll.
396 4970 421 4980 -
441 4941 586 4996 Desanctis
600 4940 721 4997 Cornelio
735 4954 809 5008 papa
823 4944 848 4995 et
862 4942 998 5010 Cypriane
1012 4945 1134 5010 marture
1146 4943 1279 5012 sociisque
1292 4942 1424 5011 ipsoram.

310 5010 362 5066 xv.
388 5042 418 5051 -
433 5014 471 5066 lte
485 5013 586 5067 sanctis
595 5011 694 5066 Ahdmr
708 5015 733 5066 et
748 5013 862 5066 Sertrten.

310 5081 375 5138 llVl.
399 5113 427 5123 -
444 5086 482 5138 De
493 5084 596 5138 sanctis
611 5083 756 5137 Parthenia
775 5085 799 5136 et
814 5084 958 5139 Catacerio.

309 5154 387 5209 xtttt.
404 5184 438 5194 -
452 5156 490 5209 lie
504 5155 607 5209 sanctis
619 5154 752 5209 Anatolio
765 5157 790 5208 et
807 5155 934 5209 Victoria.

309 5225 390 5280 xvttt
414 5255 447 5266 -
459 5227 496 5280 lie
509 5227 611 5281 sannis
623 5227 786 5293 Perpentino
800 5230 825 5281 et
838 5226 1015 5281 Laurentina.

519 5361 790 5461 ructata,
824 5362 1008 5452 uruat
1059 5362 1397 5476 Quattuus

828 5510 933 5569 CAPUT
957 5511 1099 5568 Putuutt.

784 5608 824 5670 lle
843 5616 947 5672 sancto
968 5605 1136 5684 Apollonio.

126 5722 251 5779 Flamma
265 5718 403 5776 duelliferi
413 5715 525 5792 paulum
537 5715 628 5789 sopita
641 5714 752 5787 vaporis

115 5809 148 5863 ln
161 5815 277 5867 nostros
290 5817 377 5868 tentat
394 5807 567 5867 recalescere
576 5804 741 5869 Commodus
752 5804 814 5861 orbi

989 5710 1056 5766 itum
1072 5708 1222 5782 imperitat,
1240 5709 1737 5787 magnisiamconiplectcutibnsalu

987 5804 1051 5859 lura
1062 5802 1129 5860 uiris
1143 5802 1219 5871 tidei,
1231 5802 1386 5876 Christique
1397 5805 1553 5864 nitentibus
1562 5808 1657 5875 annis,
