3840 6106
126 305 195 361 tote
662 308 689 363 S.
712 268 865 362 uht'thtut
885 303 1072 360 AUGUSTth
1094 304 1249 359 aetstott.
1724 306 1792 362 tuat

104 481 109 489 .
127 434 179 488 nisi
190 449 251 488 cum
269 433 324 488 lleo
337 439 364 488 et
379 433 483 488 sanctis
506 434 578 502 ejus,
599 450 686 507 usque
701 436 734 490 ad
749 435 861 490 alterius
874 431 930 489 diei
942 435 970 504 Α
982 431 1159 497 desisterent,
1173 439 1359 504 caeterumque
1378 434 1511 504 populum
1526 435 1608 488 Pater
1626 439 1719 487 noster
1732 450 1790 489 cum

119 521 242 576 ‘Primam
259 530 395 592 peractam
411 523 525 578 omnino
539 524 679 579 devitavit.
705 524 760 579 lloc
775 525 857 580 modo
873 524 933 578 dies
983 534 1081 590 magna
1095 520 1249 574 humililate
1265 521 1412 575 decantate
1426 521 1542 594 tOgavll·
1555 522 1616 586 Qut>
1632 522 1788 584 benedicto,

128 613 347 684 Quadragesimae
360 614 491 685 explevit,
508 630 595 686 usque
615 615 642 669 in
663 615 735 670 diem
753 614 933 689 indulgentiae
982 620 1010 669 ct
1024 614 1126 685 populo
1141 630 1218 671 sacro
1234 615 1333 671 viatico
1354 626 1489 682 recreato,
1504 618 1683 688 vesperaque
1700 617 1791 688 exple-

127 719 212 775 quem
240 704 334 759 dicunt
349 704 451 759 Pascha
467 705 630 775 palmarum,
646 721 680 760 eo
708 705 934 760 diemaoedilu·
984 711 1020 772 ta,
1049 707 1247 762 adsacrarium
1266 707 1342 763 venit
1368 709 1488 762 chrisma
1521 718 1549 764 et
1571 708 1666 764 oleum
1688 709 1791 764 clericis

126 793 189 849 culo
204 794 240 849 ad
262 795 389 850 Sanctam
405 794 494 851 hiram
512 796 565 866 (25)
580 796 719 862 veniebat,
736 797 757 850 si
773 797 801 850 in
814 803 934 866 praeter·
985 793 1212 865 dispensandum.
1236 796 1281 850 llis
1309 796 1487 868 dispensatis,
1503 797 1537 851 ad
1564 797 1718 868 hospitium
1732 814 1792 869 pau-

128 885 165 940 ila
188 893 269 941 nocte
299 886 335 940 ibi
364 901 419 942 nco
445 888 597 955 manebat,
632 889 744 943 missam
775 889 809 943 de
836 888 935 944 Sancta
984 885 1226 957 peramoenum
1246 885 1382 941 eissolito
1409 903 1484 943 more
1506 887 1716 943 mininistravit.
1734 889 1792 943 lnde

127 977 255 1032 Trinitatc
270 979 407 1045 cantabat,
429 987 458 1033 ct
474 995 564 1034 ramos
579 979 730 1049 palmarum
745 979 934 1035 diversarum·

100 1129 101 1133 ,
127 1085 181 1140 que
195 1068 333 1124 hundium
359 1070 553 1137 benedicebat,
574 1071 776 1146 Evangelioque
803 1079 831 1126 et
847 1069 937 1126 cruci·

128 1166 179 1219 bus
194 1172 220 1218 et
232 1164 381 1220 fanonibus
395 1166 459 1234 (26),
476 1175 577 1221 etcum
594 1164 685 1238 effigie
701 1166 825 1221 sedentis
839 1165 934 1222 Domi·

129 1251 156 1307 ni
184 1270 267 1325 super
286 1254 403 1319 asinum,
417 1270 478 1309 cum
498 1255 607 1309 clericis
633 1261 660 1308 et
675 1255 850 1310 multitudine
880 1270 933 1325 po-

128 1348 186 1418 puli
202 1364 291 1403 ramos
303 1349 454 1418 palmarum
471 1349 498 1402 hr
516 1349 644 1403 manibus
664 1350 809 1419 portantis,
827 1357 854 1405 et
872 1367 934 1406 cum

128 1437 333 1491 cantationibus
353 1436 378 1490 in
396 1437 528 1490 honorem
545 1438 668 1505 ejusdem
691 1438 746 1492 diei
762 1439 932 1510 compositis,

128 1533 230 1582 etcum
253 1542 352 1600 magno
374 1527 476 1581 decore
505 1527 637 1601 pergebat
666 1529 807 1599 usquead
833 1528 933 1584 collem

127 1631 188 1687 quac
215 1615 316 1671 dicitur
342 1615 475 1680 Perleich,
504 1615 598 1686 ibique
615 1615 724 1670 obviam
749 1616 774 1670 ei
806 1615 935 1670 veniebat

985 976 1120 1031 autemin
1146 976 1289 1032 eeclesiam
1320 977 1480 1046 ambulavit,
1498 988 1526 1034 et
1556 988 1619 1034 ante
1649 979 1791 1035 sacrarium

985 1067 1071 1132 venit,
1086 1066 1182 1138 ibique
1194 1083 1210 1121 a
1223 1069 1373 1124 camerario
1388 1069 1478 1125 allatis
1491 1071 1616 1125 vestibus
1632 1071 1714 1125 novis
1728 1072 1791 1126 duo·

986 1159 1074 1240 decim
1092 1176 1229 1231 pauperes
1248 1161 1368 1228 vestivit,
1388 1170 1415 1217 ct
1430 1164 1590 1218 acervulum
1616 1163 1705 1218 aceoli
1736 1164 1792 1219 aliis

986 1254 1164 1324 dispensavit,
1182 1261 1209 1309 ct
1225 1270 1258 1311 ec
1279 1255 1325 1310 die
1353 1255 1457 1310 nullum
1474 1257 1509 1312 ab
1523 1272 1557 1312 eo
1588 1273 1708 1311 vacuum
1723 1258 1793 1312 abire

986 1341 1101 1406 dimisit,
1117 1342 1244 1412 quamvis
1263 1358 1361 1398 eorum
1386 1345 1534 1399 multitudo
1551 1361 1654 1418 magna
1679 1346 1792 1400 adesset.

986 1433 1083 1489 Postea
1097 1433 1130 1488 ad
1144 1433 1236 1490 cibum
1252 1435 1337 1497 venit,
1354 1435 1509 1507 cibatisque
1523 1438 1660 1491 omnibus
1681 1455 1742 1493 cum
1764 1454 1793 1493 ec

985 1525 1170 1584 manentibus.
1196 1528 1323 1597 exemplo
1351 1528 1459 1583 Domini
1485 1529 1573 1599 perles
1597 1529 1793 1600 discipulorum

984 1632 1096 1672 sitorum
1113 1617 1204 1672 lavare
1224 1618 1318 1689 coepit.
1338 1618 1541 1690 lavationeque
1556 1637 1620 1676 cum
1642 1623 1796 1692 antiphonis

127 1707 228 1761 chorus
255 1705 451 1759 canonicorum
467 1721 528 1759 cum
549 1704 754 1772 pulchritudino
769 1721 878 1776 magna,
908 1711 935 1759 cl
947 1734 972 1801 B
984 1709 1234 1782 congruentibuset
1248 1710 1409 1764 versibuset
1421 1711 1591 1766 lectionibus
1604 1713 1794 1768 ‹lecentissima

128 1815 189 1854 cum
204 1798 309 1854 civibus
322 1798 370 1868 qui
395 1797 546 1852 incivitate
562 1804 760 1863 remanserant,
777 1805 803 1852 et
829 1797 876 1869 qui
901 1798 935 1852 de

129 1890 240 1960 oppidis
250 1889 510 1955 circumjacentibus
525 1889 594 1959 ipsis
605 1904 635 1943 se
647 1889 765 1961 jungere
778 1889 934 1955 voluerunt,

129 1978 179 2038 ihi,
195 1979 227 2031 ad
251 1978 414 2032 imitandum
440 1978 623 2032 humilitatem
653 1994 800 2048 puerorum
821 1987 937 2034 caetero-

127 2089 245 2144 rumque
261 2060 437 2143 popul'orum,
450 2073 533 2126 ramis
549 2074 700 2143 palmarum
721 2083 749 2128 et
763 2073 935 2130 vestimentis

125 2162 182 2216 suis
203 2161 275 2216 viam
298 2160 492 2216 sternentium.
522 2161 558 2215 lis
585 2161 723 2232 expletis,
755 2161 797 2215 vir
824 2168 936 2216 sanctus

123 2252 399 2324 congruentissimam
427 2251 645 2307 admonitionem
677 2252 711 2307 dc
731 2252 862 2323 passione
882 2253 936 2309 llo·

121 2346 188 2400 mini
205 2347 240 2400 ad
268 2362 365 2401 omnes
390 2346 464 2411 lecit,
488 2361 612 2417 eousque
628 2363 701 2416 saepe
731 2352 758 2400 el
779 2347 826 2401 ille
843 2346 933 2411 heret,

123 2437 245 2508 fletuque
260 2453 310 2493 suo
324 2437 425 2493 multos
440 2437 506 2492 llere
521 2437 644 2493 lecisset.
662 2439 857 2494 Admonitione
871 2455 936 2510 per·

123 2535 183 2581 acta
206 2541 304 2581 omues
332 2526 415 2580 sinrul
439 2527 523 2581 licum
553 2526 696 2582 laudantes
720 2528 753 2582 ad
789 2527 934 2583 ecclesiam

125 2613 297 2669 matriculam
315 2622 509 2683 peruenerunt,
526 2615 619 2687 ibique
633 2616 745 2671 missam
755 2632 818 2671 cum
835 2631 868 2671 eo
884 2632 935 2671 cc·

126 2704 311 2767 lebraveruut,
328 2710 355 2757 et
369 2703 434 2758 iude
449 2718 547 2758 omnes
563 2704 591 2757 in
606 2720 655 2759 sua
669 2705 820 2759 redierunt.
839 2705 936 2760 Postea

987 1809 1109 1871 peracta,
1126 1801 1224 1871 pocula
1238 1801 1342 1871 optima
1369 1802 1396 1857 iu
1426 1803 1483 1856 suis
1505 1804 1629 1858 cellariis
1660 1805 1796 1858 recondita

986 1909 1047 1947 cum
1064 1908 1164 1968 magna
1179 1893 1312 1948 charitate
1327 1903 1354 1948 et
1369 1895 1527 1950 humilitate
1543 1894 1719 1951 sufficienter
1734 1913 1792 1966 por-

986 1980 1065 2046 rexit,
1082 1988 1120 2046 et,
1146 1979 1330 2052 Complatorio
1346 1983 1466 2052 expleto,
1490 1984 1615 2037 membra
1632 1983 1662 2037 in
1680 1984 1725 2038 ltei
1740 2001 1794 2038 scr·

986 2071 1052 2126 vitio
1068 2070 1178 2145 fatigata
1191 2072 1276 2143 quieti
1294 2073 1386 2126 lectuli
1400 2073 1617 2128 commendavit.
1647 2074 1695 2128 llic
1711 2083 1793 2129 autem

986 2184 1145 2237 parasceve,
1161 2167 1236 2222 horis
1259 2168 1411 2222 secundnm
1428 2168 1554 2223 ordinem
1575 2178 1660 2224 caute
1675 2170 1794 2240 expletis.

986 2255 1094 2310 omissis
1109 2255 1170 2310 aliis
1189 2255 1327 2320 cursibus,
1354 2255 1435 2310 siculi
1450 2256 1478 2310 iu
1507 2271 1590 2310 coena
1612 2257 1730 2319 homini,
1746 2257 1793 2311 nisi

986 2347 1019 2401 ad
1036 2348 1164 2402 eumdem
1177 2347 1249 2402 diem
1263 2347 1480 2417 pertinentibus,
1492 2363 1576 2402 mane
1592 2348 1718 2403 diluculo
1729 2349 1794 2418 psal-

987 2437 1085 2507 terium
1110 2437 1223 2508 explerc
1253 2435 1402 2500 festinavit,
1428 2443 1466 2500 et,
1493 2452 1573 2491 sacro
1602 2436 1651 2490 Dei
1672 2438 1794 2507 mysterio

987 2531 1156 2597 perpetrato,
1169 2524 1329 2595 populoque
1342 2524 1527 2579 sacrohhristi
1537 2540 1658 2596 corpore
1667 2527 1794 2597 saginato,

987 2626 1024 2683 et,
1040 2617 1284 2675 consuetudinario
1297 2632 1384 2683 more,
1400 2618 1475 2689 quod
1493 2627 1669 2674 remanserat
1681 2620 1793 2690 sepulto,

987 2712 1086 2766 iterum
1108 2711 1179 2765 inter
1194 2709 1327 2765 ecclesias
1340 2710 1508 2767 ambulando
1526 2712 1690 2780 psalterium
1706 2713 1793 2783 exple·

126 2805 216 2853 autem
231 2797 258 2851 in
271 2797 313 2851 his
329 2797 415 2851 trihus
430 2797 529 2853 diebus
545 2798 685 2872 contiguis
700 2799 833 2869 synodale
850 2799 937 2854 collo·
986 2801 1026 2854 vit
1053 2798 1237 2863 decantando,
1268 2806 1305 2861 el,
1333 2798 1588 2868 vespertinahora,
1620 2801 1682 2853 sine
1710 2815 1794 2854 mensa

126 2888 220 2959 quium
240 2887 341 2941 hahere
365 2887 519 2951 consuevit,
539 2903 572 2942 eo
592 2888 665 2958 quod
680 2903 804 2944 canones
823 2888 876 2959 127)
892 2889 938 2943 his
987 2897 1069 2962 atque
1085 2891 1265 2963 mercatibus
1287 2891 1314 2944 in
1331 2891 1459 2946 cubiculo
1484 2906 1535 2946 suo
1551 2907 1627 2961 pane
1641 2899 1669 2946 et
1691 2892 1795 2946 cervisia

126 2978 155 3032 in
184 2992 256 3032 anno
283 2976 477 3047 episcoporum
512 2977 629 3032 concilia
664 2976 723 3031 heri
752 2977 935 3047 praecipiunt:
987 2996 1016 3034 se
1033 2968 1159 3034 recreare
1187 2980 1280 3050 caepit.
1306 2987 1334 3034 et
1362 2979 1514 3049 unicuique
1533 2979 1581 3050 qui
1612 2995 1706 3035 secum
1728 2989 1795 3034 erant

126 3083 212 3122 unum
228 3084 259 3120 xv
271 3066 327 3120 liat.
345 3067 414 3130 Oct,
436 3072 463 3120 et
482 3065 555 3120 aliod
571 3075 669 3137 quarta
685 3067 861 3121 hebdomada
875 3075 936 3139 post
948 3087 972 3154 C
985 3091 1086 3152 panem
1102 3082 1130 3126 ct
1153 3071 1302 3147 cervisiam
1316 3072 1391 3138 juxta
1414 3087 1508 3126 eorum
1531 3071 1704 3127 intitularem
1720 3074 1792 3127 appi.

129 3160 247 3230 pflschflt
266 3160 317 3214 hoc
342 3159 369 3212 iu
386 3159 438 3213 islo
461 3166 584 3229 tempora
599 3157 733 3229 perticere
752 3158 884 3224 decrevit,
900 3175 936 3215 ¹1⁰
987 3172 1053 3226 bere
1066 3165 1206 3238 praecepit.
1222 3163 1400 3218 Sanctissimo
1414 3171 1504 3218 autem
1517 3163 1633 3218 Sabbali
1648 3165 1695 3218 dic
1708 3164 1793 3235 euple-

129 3253 157 3307 ifl
185 3258 264 3305 antea
291 3251 316 3305 ⁰5
341 3249 453 3320 dlihlffld
481 3249 654 3305 ⁰b⁵1³⁰¹¹¹¹¹¹¹¹
686 3249 752 3303 iflfld
775 3248 936 3320 Pessw'fflssdi
989 3265 1023 3319 tis
1039 3258 1182 3318 nocturnis
1196 3254 1305 3321 officiis,
1328 3262 1355 3309 et
1375 3254 1493 3309 amando
1513 3256 1649 3337 psalterio
1666 3256 1789 3327 perlecto.

130 3341 359 3413 impedimentum
384 3339 496 3404 laceret,
511 3349 539 3394 et
553 3349 583 3395 ut
603 3340 630 3394 in
646 3355 724 3395 coena
738 3341 847 3395 Domini
873 3356 935 3396 cum

130 3430 227 3485 eadem
244 3429 423 3484 multitudine
442 3427 606 3484 clericorum
627 3437 654 3483 et
669 3428 764 3499 populi
779 3429 888 3499 plenius
909 3438 937 3484 et

130 3520 358 3578 honorificentius
386 3520 505 3575 chrisma
538 3529 565 3575 et
587 3521 678 3576 oleum
708 3520 935 3578 sanctificaretur.

129 3617 166 3672 Eo
185 3631 251 3672 vcro
266 3616 323 3681 die,
343 3616 409 3671 hora
425 3615 504 3672 tertia
523 3631 621 3671 omnes
641 3615 747 3682 clerici,
764 3615 937 3671 solemnissi-

127 3709 180 3763 mis
193 3708 328 3779 paraturis
343 3708 443 3773 induti,
458 3716 593 3762 venerunt
608 3707 636 3760 in
651 3707 807 3770 ecclesiam,
824 3707 933 3777 etipse,

128 3813 179 3853 suo
201 3813 278 3852 more
305 3798 504 3868 gloriosissime
527 3792 562 3853 ad
581 3798 629 3853 Ilei
655 3798 796 3853 servitium
813 3805 935 3870 paratus,

128 3905 190 3943 cnm
215 3889 256 3943 cis
271 3904 378 3943 sacrum
406 3888 567 3954 mpsterium
583 3904 665 3959 agere
680 3888 858 3944 devotissime
878 3905 936 3945 coe-

130 3976 179 4047 pit,
194 3978 371 4048 perlectoque
387 3977 545 4051 Evangelio,
568 3985 596 4032 et
609 3977 798 4032 admonitione
819 3976 889 4032 sacta
900 3977 934 4032 ad

129 4069 272 4139 populum,
295 4076 322 4122 ct
337 4069 511 4124 confessione
526 4069 622 4140 populi
647 4079 769 4140 accepta,
786 4069 934 4141 indulgen·

129 4162 193 4215 liam
209 4161 363 4216 humillime
380 4161 420 4216 eis
436 4161 511 4228 iecit,
532 4169 560 4217 et
571 4169 627 4217 tota
643 4161 749 4232 synodo
766 4161 933 4216 oblationem

987 3357 1169 3424 praeparatam
1194 3346 1246 3401 sihi
1268 3345 1398 3399 balneum
1425 3342 1544 3398 intravit.
1576 3360 1634 3416 quo
1659 3361 1790 3416 nunquam

986 3442 1025 3497 uti
1041 3438 1149 3495 solebat
1162 3452 1195 3492 co
1206 3442 1329 3505 tempore
1345 3433 1397 3487 nisi
1415 3433 1441 3487 in
1457 3432 1582 3487 Sabbato
1597 3443 1664 3488 ante
1680 3436 1791 3500 Quadra-

986 3533 1118 3606 gesimam
1134 3528 1201 3583 etin
1217 3525 1307 3581 media
1329 3523 1552 3597 Quadragesima,
1569 3534 1598 3580 et
1617 3540 1653 3580 eo
1669 3526 1725 3581 die.
1747 3525 1789 3579 la·

986 3620 1096 3677 vatione
1121 3624 1211 3671 autem
1238 3613 1362 3682 certioris
1390 3620 1513 3683 peracta,
1542 3619 1571 3667 ct
1597 3616 1790 3685 praeparatione

986 3710 1211 3764 vestimentorum
1228 3703 1335 3770 induta,
1351 3703 1385 3757 ad
1401 3718 1507 3756 sacrum
1528 3702 1655 3757 officium
1671 3704 1791 3760 solemni·

987 3806 1028 3853 tcr
1040 3814 1069 3852 se
1085 3794 1257 3868 praeparavit,
1273 3798 1301 3847 et
1328 3798 1413 3846 totum
1434 3790 1539 3846 clerum
1557 3791 1626 3847 hora
1656 3793 1712 3848 diei
1729 3807 1789 3848 nona

986 3905 1047 3944 cum
1064 3904 1096 3942 co
1114 3893 1237 3958 paratum
1253 3899 1314 3938 esse
1325 3882 1483 3948 destinavit,
1497 3883 1663 3956 statimque,
1681 3885 1790 3955 perlecta

986 3981 1055 4037 trina
1071 3981 1181 4046 letania,
1211 3991 1348 4048 cereoque
1373 3973 1543 4030 sanctificato
1573 3975 1787 4047 lectionibusque

986 4070 1119 4124 attractis
1146 4067 1353 4133 consummatis,
1370 4082 1431 4120 cum
1461 4065 1547 4135 quina
1564 4066 1670 4121 letania
1696 4074 1723 4121 et
1736 4080 1786 4120 cun

985 4159 1060 4215 omni
1076 4159 1180 4214 honore
1190 4157 1225 4212 ad
1240 4155 1406 4227 baptismum
1422 4155 1645 4209 consecrandum
1662 4155 1697 4209 ad
1710 4155 1787 4209 eccle·

127 4247 272 4317 offerente,
288 4251 440 4305 seeundum
466 4250 603 4315 ordinem,
629 4250 784 4305 cautissime
808 4250 937 4322 implevit
985 4252 1052 4306 siam
1069 4250 1160 4305 Sancti
1175 4248 1289 4305 loannis
1305 4248 1430 4317 Baptistae
1443 4246 1577 4317 perrexit,
1593 4246 1786 4318 baptizatisque

128 4357 216 4412 usque
227 4341 261 4395 ad
271 4341 494 4396 benedictionem
510 4341 667 4397 chrismatis
680 4349 707 4396 et
720 4341 790 4406 olei;
805 4342 857 4397 hoc
867 4340 933 4397 iecit
983 4342 1021 4396 ibi
1035 4343 1069 4396 ab
1085 4357 1118 4396 eo
1131 4340 1219 4396 tribus
1231 4338 1336 4409 pueris,
1352 4353 1414 4393 cum
1431 4344 1549 4407 septena
1564 4337 1679 4404 letania,
1697 4350 1785 4409 cepres

129 4448 229 4504 magua
254 4433 408 4488 reverentia
435 4432 489 4488 sihi
509 4434 658 4504 apportari,
687 4448 749 4488 cum
766 4433 893 4489 crucibus
906 4442 934 4488 ct
984 4433 1295 4492 susestadsacrarium
1323 4432 1357 4486 ad
1378 4432 1488 4486 missam
1508 4447 1538 4485 se
1571 4431 1784 4503 praeparandum,

129 4538 191 4578 cum
209 4524 303 4594 pueris
319 4525 492 4594 portantibus
517 4525 569 4581 sub
595 4524 713 4596 palliolo¹
726 4524 881 4590 occultatis,
908 4531 935 4580 et
985 4528 1058 4584 clero
1071 4526 1180 4581 interim
1195 4524 1332 4596 psallente
1352 4524 1380 4576 in
1395 4523 1489 4576 choro.
1509 4520 1656 4577 llissarum
1672 4536 1733 4576 vero
1746 4534 1785 4573 so·

129 4612 227 4678 cereis,
243 4628 304 4668 cum
314 4613 440 4668 versibus
454 4614 488 4668 ad
503 4614 556 4668 hoc
572 4613 754 4668 ministerium
774 4612 935 4682 compositis
985 4614 1336 4671 lemniissolcmnitcrcum
1346 4611 1464 4681 Vespera
1480 4610 1610 4680 peractis,
1624 4622 1786 4680 corporeque

129 4702 327 4759 formosissime
341 4705 503 4770 decantatis,
518 4711 620 4760 etcum
637 4703 815 4774 processione
827 4703 935 4759 duode-
987 4709 1084 4764 christi
1100 4709 1270 4779 dispensato,
1298 4712 1325 4761 et
1344 4704 1430 4760 sacris
1457 4703 1585 4758 vestibus
1599 4703 1744 4774 depositis,
1758 4715 1786 4755 cc

129 4797 183 4851 cim
194 4797 486 4870 presbyterorum‚qui
497 4797 739 4869 cum‘eousquehr
751 4795 833 4851 huem
845 4797 935 4851 missae
986 4801 1030 4856 die
1043 4816 1139 4855 mensa
1152 4798 1277 4870 apposita
1292 4798 1326 4851 acl
1343 4796 1521 4852 reiectionem
1536 4810 1599 4850 cum
1617 4811 1717 4870 magua
1729 4792 1788 4848 mul

129 4893 156 4947 in
172 4892 387 4949 suoministeric
401 4908 576 4963 perseverare
587 4892 752 4947 debuerunt.
770 4891 830 4946 Rite
844 4897 934 4945 autem
987 4890 1282 4956 titudineconseditct
1292 4886 1787 4949 omnibusabundanterrelectiscnm

128 4982 291 5045 sibiallato,
320 4981 475 5036 humillime
493 4981 626 5053 suscepit,
656 4988 781 5036 ettotam
798 4980 935 5052 synodum
986 4980 1088 5056 gaudio
1100 4980 1134 5035 ad
1149 4976 1355 5033 mansiunculas
1371 4976 1460 5031 redire
1476 4975 1614 5045 permisit.
1632 4975 1788 5030 ltesideran·

129 5076 234 5147 rogavit
254 5085 295 5140 ut,
311 5074 423 5146 qnando
447 5072 494 5128 ille
509 5089 619 5129 crucem
646 5072 838 5154 benedicendp
852 5087 937 5143 super
987 5068 1093 5124 tissime
1112 5074 1194 5139 atque
1206 5065 1381 5120 sanctissimo
1402 5061 1526 5118 Paschali
1553 5062 1600 5118 die
1616 5064 1787 5126 adveniente,

133 5164 199 5220 illud
214 5165 326 5232 iaceret,
343 5171 370 5219 et
385 5164 447 5236 ipsi,
463 5179 525 5219 cum
539 5162 643 5218 eisdem
659 5162 831 5235 presbyteris
846 5162 893 5235 qui
909 5162 936 5216 in
988 5168 1049 5235 post
1069 5160 1187 5215 Primam
1203 5158 1468 5215 intravitecclesiam
1479 5157 1572 5212 Sancti
1586 5155 1788 5226 Ambrosiitffll,

128 5257 307 5326 processione
322 5263 438 5312 erantet
451 5254 505 5310 sibi
514 5254 688 5320 assistebant,
704 5254 871 5310 benedicere
882 5269 937 5310 non
989 5252 1036 5308 uhi
1052 5252 1096 5307 die
1110 5251 1260 5305 Parasceve
1274 5263 1374 5320 corpus
1395 5246 1494 5301 Christi
1507 5247 1688 5318 superposito
1706 5244 1789 5317 lapide

164 5402 218 5472 (Pb)
233 5402 353 5458 Ecclesia
368 5403 395 5458 S.
407 5403 477 5458 hirae
491 5419 534 5470 ea,
547 5418 609 5476 quae
624 5418 699 5458 nunc
710 5402 792 5476 vulgo
807 5403 834 5459 S.
854 5402 934 5458 Udal·
985 5401 1107 5457 cundum
1123 5399 1216 5454 idibus
1224 5396 1272 5454 Oct
1305 5421 1316 5444 v
1339 5395 1559 5520 Apparctitaquc
1570 5395 1662 5451 hicxv
1674 5393 1786 5450 ttatuct

128 5473 179 5528 rici
206 5473 327 5531 caenobii
354 5474 402 5529 SS.
431 5474 550 5529 Udalrici
579 5481 606 5529 ct
637 5473 706 5528 hirae
728 5473 839 5539 dicitur,
867 5473 935 5528 urbe
984 5481 1124 5543 sumptum
1143 5467 1360 5542 protadteuct
1378 5465 1621 5548 qquamprrasim
1638 5463 1789 5522 etiamaliis

130 5552 195 5601 tunc
208 5561 263 5601 non
279 5546 577 5616 comprehendebatur.
985 5544 1013 5598 in
1029 5541 1220 5613 scriptoribus,
1237 5555 1333 5611 parum
1349 5539 1473 5603 latinam,
1485 5548 1526 5592 est
1546 5535 1708 5593 observare.

169 5616 221 5684 (26)
234 5617 360 5672 Fanones
375 5615 482 5670 v'exilla.
1023 5615 1074 5684 (28)
1097 5613 1181 5681 liujus
1196 5610 1320 5666 ecclcsiae
1346 5610 1448 5665 nullam
1464 5608 1627 5664 memoriam
1641 5622 1787 5680 superesse,

169 5686 447 5754 (aqueductum.
465 5687 495 5740 l:
517 5707 532 5738 a
553 5686 742 5756 Primumpost
751 5685 858 5741 tertiam
870 5687 937 5741 beb-
987 5687 1038 5741 scd
1052 5684 1162 5741 stetisse
1178 5697 1264 5758 prope
1283 5682 1470 5737 cathedralem
1481 5687 1558 5736 notat
1570 5679 1724 5737 welserus.

133 5755 278 5812 domadam
305 5756 428 5821 Paschae,
448 5766 477 5811 ut
505 5758 532 5812 in
558 5766 654 5829 quarta
680 5755 866 5827 cemplcatur3
890 5771 938 5811 sc·
