3848 6106
134 259 188 318 323
689 252 872 310 rtouohttut
893 248 1229 328 uthohtttgttattartSts
1745 254 1798 314 324

135 382 186 436 dus
201 386 282 436 esset.
299 379 345 434 llis
360 376 506 449 presbyter
521 376 757 434 admonitionibus
772 378 940 451 pavefactus,
953 386 979 455 Α
992 381 1077 452 cepit,
1093 381 1253 452 facturaque
1267 378 1351 435 fidem
1362 377 1452 446 dictis,
1468 393 1530 435 curn
1543 377 1646 433 marito
1660 375 1697 432 ad
1710 376 1800 434 vicunt

134 471 251 526 cadaver
265 467 338 540 quod
354 466 503 537 sepulturae
522 466 610 522 sancti
624 468 828 538 superpositum
841 468 940 537 iuerat,
991 474 1127 544 pervenit,
1143 481 1171 527 et
1187 473 1349 542 danssaper
1362 469 1544 542 quarumdam
1557 467 1740 525 ecclesiarum
1756 469 1799 524 al-

133 562 194 631 cjici
212 561 276 616 lecit
286 576 348 615 cum
365 559 552 627 testinatione,
567 567 595 615 et
609 568 704 631 aperta
719 561 786 615 alibi
798 561 942 633 sepultura
993 561 1059 617 laria
1071 561 1275 632 jusjurandum,
1289 559 1401 616 tandem
1415 558 1543 630 pervenit
1562 558 1597 614 ad
1612 558 1698 627 hujus
1713 558 1799 613 ecclc-

133 649 297 705 recondidit.
309 649 389 704 Visus
399 655 441 703 est
455 649 527 703 idem
537 657 649 704 sanctus
661 650 876 721 bominipostea
885 651 942 706 cui·
991 654 1038 708 siae
1053 653 1177 721 domum,
1200 652 1337 708 accedens
1359 651 1393 706 ad
1411 652 1506 718 altare,
1534 651 1599 705 dum
1618 649 1691 705 lalsa
1710 658 1800 704 mente

134 741 195 795 dam
211 740 324 806 rustico,
341 738 507 810 praecipiens
522 738 548 794 ei
563 745 594 794 ut
609 739 661 794 iret
676 738 710 794 ad
721 741 882 811 episcopum
893 741 942 795 dr·
991 742 1095 811 dejerat
1110 740 1246 813 improba,
1262 746 1376 812 repente
1394 746 1473 796 utero
1488 738 1615 811 disrupto
1630 738 1695 808 ojus
1705 736 1800 793 labnn·

131 830 463 899 toldum,etindicaretei
475 847 507 886 ex
516 830 610 885 verbis
621 831 693 900 ejus,
703 838 732 886 ut
744 831 941 902 corpusipsius
991 830 1035 886 iur
1050 832 1134 887 humo
1162 832 1297 898 intranea,
1317 828 1520 901 procidensque
1543 835 1655 885 mortua
1680 827 1800 884 ostendit

132 925 205 997 quod
217 933 294 980 extra
307 923 426 995 jacebat,
443 924 515 978 intra
526 923 669 978 ecclesiam
681 923 850 978 transferret.
863 924 940 988 Quod
991 940 1073 995 quarn
1088 939 1153 979 vera
1167 930 1260 979 essent
1271 938 1332 995 quae
1343 922 1378 978 de
1388 938 1418 978 se
1433 922 1531 978 marito
1541 920 1651 976 fuerant
1664 921 1797 976 intimata.

133 1019 205 1072 idem
221 1017 340 1072 rusticus
363 1016 488 1072 intimare
506 1015 615 1082 timeus,
633 1015 754 1087 neglexit
769 1016 938 1070 mandatum.
991 1016 1040 1071 llle
1055 1023 1121 1071 nutu
1136 1016 1183 1071 bei
1194 1020 1376 1086 compunctus
1390 1015 1425 1069 ad
1440 1013 1614 1081 miraculum,
1629 1013 1740 1069 vovisse
1751 1018 1799 1069 tra·

132 1107 187 1163 Noc
201 1108 283 1181 longe
292 1114 355 1178 post
366 1106 465 1161 iterum
476 1120 613 1175 apparens
623 1104 775 1178 evigilanti,
788 1103 891 1158 duriter
901 1104 941 1158 iu·
990 1108 1065 1162 ditur
1076 1124 1107 1163 se
1129 1107 1246 1163 ulterius
1262 1107 1406 1162 mulierem
1424 1121 1479 1162 non
1506 1105 1665 1160 habiturum
1682 1123 1690 1172 ;
1719 1103 1798 1160 lami·

133 1201 255 1272 crepavit
269 1200 356 1263 illum,
378 1214 463 1271 quare
479 1205 645 1268 praeceptum
661 1196 791 1271 neglexit,
807 1205 834 1250 et
849 1196 938 1252 corri-
990 1199 1111 1270 liamque
1125 1199 1204 1255 uxori
1224 1198 1378 1274 delegatam
1398 1197 1489 1253 eidem
1507 1196 1642 1252 addicens
1662 1195 1794 1260 ecclesia,

132 1293 213 1364 piens
223 1289 515 1363 alapaejuspercussit
527 1288 673 1343 maxillam.
686 1287 735 1353 Qui
747 1288 939 1342 moxarrditum
990 1289 1061 1343 hanc
1075 1287 1116 1342 eis
1129 1287 1205 1342 dedit
1221 1287 1322 1361 legem,
1336 1292 1366 1341 ut
1377 1285 1477 1357 capitis
1497 1300 1610 1340 censam
1624 1284 1731 1340 ibidem
1746 1285 1794 1340 de·

133 1382 225 1436 amisit
241 1381 327 1452 ipsius
341 1380 415 1435 auris
428 1380 456 1433 in
472 1395 527 1450 qua
542 1393 688 1448 percussus
703 1383 743 1432 est
762 1383 849 1448 parte,
864 1376 940 1446 capi·
990 1378 1154 1450 penderent,
1165 1376 1289 1446 nullique
1299 1373 1554 1447 praeteridobuoxii
1565 1374 1680 1429 servitio
1695 1373 1792 1430 loreut.

134 1469 225 1539 visque
241 1468 337 1524 dolore
354 1483 403 1539 per
417 1466 562 1521 dimidium
573 1464 631 1520 scre
646 1472 760 1520 vexatus
774 1472 815 1520 est
826 1481 941 1519 annum.
992 1465 1076 1530 Quael
1083 1464 1175 1520 amilia
1190 1465 1242 1519 hac
1253 1463 1306 1519 sibi
1318 1464 1379 1537 lege
1394 1471 1511 1527 servata,
1526 1462 1561 1517 ad
1572 1461 1628 1518 duo
1644 1462 1744 1530 millia,
1756 1462 1795 1518 vel

131 1561 238 1616 Deinde
266 1561 376 1616 cuidam
397 1560 559 1631 presbytero
572 1559 600 1613 in
614 1558 711 1615 eadem
736 1559 864 1625 ccclesia,
889 1556 940 1613 sub
993 1554 1110 1625 amplius
1124 1554 1279 1609 excrevisse
1294 1552 1430 1623 reperitur
1443 1551 1543 1622 capita,
1560 1559 1590 1606 ut
1602 1551 1681 1617 olim,
1694 1549 1795 1607 scilicet

131 1649 274 1720 praemisso
295 1649 437 1704 sacerdote
463 1647 606 1716 servienti,
625 1663 764 1719 apparens
792 1646 941 1701 invisione
992 1651 1138 1714 antequam
1169 1649 1322 1698 vastaretur
1346 1658 1361 1696 a
1381 1639 1517 1708 barbaris,
1541 1639 1690 1696 duodecim
1716 1639 1795 1694 libras

132 1739 252 1809 quadam
266 1738 409 1794 [lominica
426 1745 517 1804 nocte,
532 1737 758 1804 admonuiteum‚
773 1735 941 1807 utepiscopo
954 1707 979 1776 Β
992 1739 1097 1812 argenti
1111 1737 1236 1809 partibus
1251 1742 1393 1810 praestaret
1408 1735 1543 1792 ecclesiae.

130 1826 276 1894 indicaret,
293 1835 430 1898 quatenus
446 1842 547 1897 corpus
560 1827 648 1898 ipsius
666 1825 694 1880 in
715 1825 873 1896 praedictam
893 1838 941 1878 ec-
1317 1850 1422 1907 CAPUT
1440 1849 1470 1905 g·

133 1917 247 1973 clesiam
263 1918 444 1986 translcrrct;
473 1919 563 1974 locum
580 1933 690 1990 quoque
717 1917 765 1971 abi
781 1915 940 1988 ponendum
1044 1927 1081 1980 nu
1101 1925 1241 1980 miraculis
1268 1925 1357 1978 suncti
1376 1924 1492 1977 Martini
1512 1920 1748 1979 nemausense.

132 2007 205 2065 s⁰let
219 2011 368 2065 0⁸100d0t0
388 2025 446 2066 ¹¹0ss
460 2010 563 2077 Omisit,
578 2010 708 2065 intimans
724 2009 749 2064 θῑ
771 2008 888 2077 obitum,
913 2016 942 2063 θῑ
1026 2017 1093 2072 ttiis
1105 2018 1187 2073 etiam
1203 2015 1344 2072 nonnullis
1359 2015 1433 2070 beati
1453 2014 1542 2070 Patris
1557 2014 1641 2084 huius
1653 2011 1735 2069 urbis
1748 2026 1794 2067 no·

131 2116 242 2157 causam
258 2101 362 2170 obitus,
376 2102 420 2158 vel
435 2102 570 2158 adventus
588 2103 641 2170 sui,
662 2099 821 2177 significans
835 2117 865 2156 se
876 2101 942 2156 Sco-
990 2112 1045 2160 stra
1061 2105 1147 2161 fertur
1162 2104 1292 2178 insignita
1317 2103 1468 2159 miraculis.
1494 2104 1530 2158 Ex
1556 2103 1659 2175 quibus
1686 2117 1721 2157 ea
1739 2117 1795 2173 quaa

130 2190 252 2263 tigcnam
270 2189 365 2256 luisse,
383 2190 553 2262 Romamque
568 2191 702 2247 orationis
718 2190 804 2266 gratia
819 2206 880 2245 cum
896 2203 942 2244 so-
990 2201 1102 2250 sanctus
1129 2194 1277 2268 Gregorius
1287 2193 1457 2250 Turonensis
1485 2193 1577 2265 (Gneo.
1592 2194 1641 2248 tat.
1658 2208 1687 2247 ιε·
1703 2193 1794 2248 llaec.

130 2280 181 2336 ciis
195 2281 311 2352 petendi
327 2282 426 2337 itinere
456 2291 631 2354 occupatum,
653 2299 669 2337 a
687 2281 841 2338 latronibus
859 2297 942 2353 super
991 2285 1019 2341 S.
1033 2286 1157 2351 Martini,
1168 2301 1193 2340 c.
1213 2282 1259 2353 26)
1275 2283 1303 2337 in
1318 2283 1376 2338 suis
1392 2282 1585 2338 miraculorum
1597 2280 1679 2336 libris
1692 2286 1798 2336 enarrat

129 2373 250 2427 Axonam
266 2371 379 2428 fluvium
401 2372 488 2429 fuisse
504 2383 690 2446 peremptum,
708 2375 828 2446 indeque
840 2390 942 2445 corpus
991 2376 1036 2432 hic
1056 2376 1152 2431 indere
1168 2375 1283 2447 placuit,
1307 2381 1337 2429 ut
1351 2374 1374 2429 si
1389 2375 1436 2446 qui
1452 2374 1510 2429 haec
1532 2373 1670 2449 legentes,
1687 2387 1720 2427 ea
1734 2370 1800 2427 forte

129 2475 236 2516 suuma
250 2461 334 2517 sociis
349 2462 545 2532 buodelatum,
556 2463 652 2535 ibique
667 2464 804 2534 sepultum
818 2481 826 2529 ς
841 2478 942 2534 propa·
991 2483 1045 2523 uon
1058 2467 1238 2543 legerint,bic
1248 2466 1371 2539 reperire
1385 2466 1502 2539 possint.
1514 2465 1622 2521 llerlert
1633 2463 1712 2519 enim
1727 2461 1799 2535 quod

130 2551 191 2608 lans
201 2553 283 2608 etiam
298 2569 399 2609 nomen
411 2571 504 2623 suum,
520 2556 595 2627 quod
610 2564 754 2611 vocaretur
764 2555 941 2610 llorolilanus
991 2564 1150 2612 transeunte
1165 2557 1344 2628 sequendam
1357 2572 1516 2629 perpagum
1531 2555 1711 2614 llemenscm,
1729 2557 1803 2606 reta·

132 2643 202 2715 [scit.
217 2645 406 2717 llerolianust,
415 2646 518 2719 jubens
532 2655 561 2702 ut
572 2647 600 2701 id
616 2663 729 2714 nomen,
746 2664 781 2702 ne
797 2648 865 2702 forte
880 2662 941 2701 me·
991 2650 1053 2706 terit
1066 2650 1091 2704 ei
1112 2649 1224 2721 quidam
1239 2648 1394 2713 tiernensis,
1410 2663 1548 2703 carcerem
1568 2648 1595 2701 iu
1610 2661 1670 2718 quo
1684 2643 1801 2701 samalus

129 2736 217 2793 moria
245 2737 432 2806 delaberetur,
448 2740 587 2794 ascribere
609 2747 728 2808 curaret,
750 2739 941 2810 inclinansque
991 2739 1079 2810 ipsius
1093 2738 1214 2794 hominis
1226 2736 1542 2808 interreliquosv'mctus
1557 2735 1715 2803 tenebatur,
1727 2733 1800 2790 beati

131 2842 161 2881 se
181 2835 343 2901 partemque
372 2837 465 2897 cretae,
486 2847 547 2903 quae
570 2829 682 2886 fortuitu
693 2830 813 2900 jacebat,
841 2846 942 2901 appre-
990 2828 1099 2885 Martini
1112 2828 1213 2883 virtute
1233 2826 1411 2897 patefactum,
1432 2826 1594 2896 vinctosque
1608 2824 1645 2879 ab
1666 2824 1803 2898 ergastulo

129 2915 256 2972 bendens
266 2917 343 2973 dedit
356 2918 392 2982 ei,
406 2919 572 2990 praecipiens
583 2925 613 2975 ut
626 2919 693 2973 illud
707 2919 840 2975 contiuuo
853 2919 940 2975 adno·
991 2921 1143 2988 absolutos,
1157 2919 1261 2976 liberos
1276 2918 1455 2974 abscessisse.
1477 2918 1539 2973 Erat
1554 2917 1627 2972 enirn
1645 2916 1803 2987 hujusmodi

129 3007 240 3062 taretin
255 3024 318 3063 arca
341 3025 402 3080 quaa
417 3010 488 3065 lecto
502 3008 589 3080 ipsius
609 3009 775 3064 adhaerebat.
793 3009 877 3074 Quam
893 3008 940 3063 ille
991 3027 1094 3077 carcer,
1111 3017 1141 3064 ut
1160 3025 1244 3079 super
1255 3015 1359 3063 struem
1376 3007 1515 3082 tignorum
1529 3022 1594 3062 axcs
1603 3006 1689 3061 validi
1705 3020 1804 3077 super-

129 3109 231 3156 cretam
246 3100 322 3156 visus
346 3107 386 3156 cst
401 3100 553 3172 accepisse,
571 3117 729 3173 nomenque
745 3101 938 3172 descripsisse.
954 3079 1074 3174 Cpositi
1096 3101 1316 3172 pulpitarentur:
1333 3116 1365 3155 ac
1379 3100 1501 3171 desuper
1513 3099 1560 3171 qni
1577 3098 1707 3154 eumdem
1724 3098 1801 3169 [ertu.

130 3188 162 3244 Iu
181 3207 235 3262 quo
252 3191 316 3245 dum
332 3192 414 3262 proL
430 3190 531 3259 littera,
546 3192 565 3246 ll
580 3191 724 3260 scriberet,
740 3190 877 3265 corrigere
887 3191 940 3246 hoc
990 3193 1111 3264 eosdem]
1128 3191 1465 3264 opprimerent,insignes
1477 3190 1585 3246 lucrant
1595 3190 1707 3261 lapides
1717 3189 1832 3245 collo-

131 3299 194 3338 curn
210 3283 328 3349 monuit,
354 3283 434 3338 etita
450 3283 477 3337 in
494 3284 643 3338 crastinum
658 3284 711 3339 boc
735 3298 835 3338 nomen
850 3283 938 3339 aseri·
990 3285 1054 3342 cati.
1072 3284 1260 3339 Nihilominus
1272 3293 1300 3338 et
1314 3284 1414 3339 ostium
1433 3283 1552 3339 carceris
1566 3297 1629 3337 sera
1647 3281 1723 3337 lerro
1742 3298 1823 3337 mu-

130 3381 207 3446 ptum
223 3375 364 3431 inventum
387 3382 438 3442 est,
468 3382 663 3431 attestaretur
683 3376 756 3431 idem
784 3375 938 3448 presbyter,
990 3379 1057 3442 nita,
1074 3377 1206 3444 obducto,
1221 3376 1296 3432 clave
1316 3376 1438 3448 pessulo,
1458 3374 1654 3431 obserabatur.
1672 3374 1730 3429 Sed
1749 3376 1816 3430 vir-

130 3464 203 3533 quod
221 3462 361 3538 vigilando
377 3481 428 3534 per
442 3463 514 3519 diem
545 3473 598 3519 tam
615 3464 687 3521 bene
702 3465 824 3521 scribere
839 3466 939 3536 nequi·
991 3477 1034 3524 tus
1044 3465 1186 3527 antistitis.
1200 3472 1231 3520 ut
1245 3466 1304 3537 ipse
1320 3465 1423 3521 relator
1437 3464 1567 3532 asseruit,
1587 3462 1698 3535 lapides
1711 3463 1809 3535 pulpi-

129 3555 225 3609 visset.
244 3556 348 3620 Quibus
361 3557 578 3613 revelationibus
588 3557 711 3613 monitus
725 3557 883 3629 episcopua,
897 3574 940 3613 ec·
990 3566 1072 3628 taque
1088 3555 1208 3625 disjecit,
1225 3563 1336 3610 catenas
1351 3553 1498 3628 confregit,
1512 3553 1616 3609 trabem
1627 3553 1803 3625 quaevincto

129 3641 240 3697 clesiam
253 3645 365 3716 quidem
382 3646 530 3701 restaurari
547 3646 622 3713 lecit,
638 3647 686 3702 sed
702 3662 803 3718 corpus
814 3657 938 3703 sanctum
990 3666 1049 3705 rum
1065 3648 1221 3705 coarctabat
1234 3649 1321 3719 pedes
1333 3648 1452 3717 aporuit,
1468 3663 1501 3702 ac
1517 3662 1569 3701 nec
1583 3655 1711 3703 reserato
1721 3647 1794 3716 ostio,

129 3751 184 3791 non
205 3740 355 3795 transtulit.
373 3740 429 3795 Nec
444 3740 491 3795 diu
504 3746 600 3811 postca
627 3740 667 3796 sic
682 3741 707 3796 ci
722 3741 849 3814 contigit,
865 3749 895 3796 ut
911 3742 939 3796 in
990 3739 1117 3794 homines
1146 3753 1196 3809 per
1213 3753 1278 3792 aera
1291 3736 1452 3792 sublevatos
1476 3735 1559 3803 foras,
1576 3743 1651 3792 tecto
1676 3743 1793 3808 patente,

127 3830 225 3886 eadem
245 3833 362 3889 ecclesia
373 3850 465 3889 eoram
482 3834 595 3908 llugone
611 3834 737 3907 principe
752 3851 781 3890 se
797 3834 939 3891 abdicaret
989 3831 1127 3903 produxit,
1139 3830 1254 3885 dicens:
1273 3830 1351 3902 «Ego
1367 3845 1426 3884 sum
1438 3829 1580 3896 llartiuus,
1595 3829 1679 3884 miles
1691 3829 1793 3896 Christi,

126 3919 261 3992 episcopii
275 3922 487 3998 gubernatione.
988 3922 1240 3987 absolutorvcstcr,
1249 3921 1390 3977 abscedite
1399 3938 1462 3977 cum
1473 3937 1551 3992 pace,
1566 3928 1592 3976 et
1607 3920 1686 3976 abite
1698 3921 1792 3977 securi.

426 4033 530 4089 ggpgp
549 4034 636 4089 ggpg,
987 4012 1042 4068 Sed
1055 4028 1116 4067 cum
1137 4026 1200 4076 noS,
1222 4009 1312 4082 inquit
1328 4010 1486 4086 Gregorius,
1502 4011 1536 4065 ad
1552 4026 1647 4083 regem
1661 4010 1792 4067 acceden-

160 4121 329 4175 90200103553
345 4123 375 4175 i„
388 4121 487 4175 pono„
503 4126 592 4176 ,augg
604 4125 720 4178 Mamm·
734 4127 903 4194 circum,
987 4108 1029 4157 tes
1040 4102 1121 4170 hujus
1135 4100 1245 4157 virtutis
1264 4098 1426 4154 miraculum
1440 4097 1656 4162 diffamaremus,
1678 4098 1793 4156 affirma·

179 4207 230 4260 que
242 4207 291 4261 per
306 4197 389 4246 totum
408 4195 515 4247 circiter
532 4196 696 4263 episcopiam
710 4200 881 4250 consumes.
986 4190 1026 4246 vit
1041 4207 1087 4246 rex
1103 4189 1238 4262 quosdam
1258 4205 1290 4245 ex
1305 4189 1349 4244 his
1374 4189 1421 4261 qui
1448 4188 1568 4244 absoluti
1588 4189 1701 4245 lucrant
1723 4190 1756 4245 ad
1767 4206 1792 4246 sc

162 4284 192 4336 ln
220 4283 448 4355 honorequoque
477 4284 550 4339 beati
568 4285 674 4339 hlartini
700 4287 792 4342 multae
816 4286 935 4341 circum·
986 4281 1108 4349 venisse,
1129 4288 1211 4354 atque
1226 4281 1456 4353 compositionem
1474 4279 1539 4336 liaeo
1559 4281 1696 4349 debitam,
1716 4298 1793 4354 quam

126 4387 237 4443 quaque
254 4379 406 4443 pertulum
426 4372 535 4428 circiter
553 4373 725 4445 episcopium
743 4375 933 4432 habenturec-
985 4370 1024 4425 illi
1041 4371 1273 4439 tredumvocant,
1288 4379 1359 4427 etse
1374 4371 1459 4428 fuisse
1479 4372 1535 4428 reis
1549 4372 1697 4429 indultam.
1715 4371 1794 4429 »lle-

126 4463 226 4530 clesiae,
242 4464 343 4519 divinis
354 4465 493 4521 miraculis
507 4465 659 4535 illustratae,
671 4467 704 4522 ad
721 4484 782 4540 quar
793 4468 934 4524 neminem
946 4448 975 4518 D
987 4462 1040 4518 lert
1054 4463 1137 4518 etiam
1152 4463 1224 4519 idem
1237 4463 1384 4537 Gregorius
1397 4466 1454 4532 (atti
1466 4480 1560 4536 supro,
1573 4466 1622 4521 lib.
1638 4483 1670 4533 u,
1681 4482 1740 4535 cap.
1755 4465 1794 4531 tt)

127 4552 268 4608 credimus
280 4555 433 4609 enarranda
447 4554 585 4611 sulficere.
604 4557 633 4611 lu
644 4557 705 4613 vico
716 4557 837 4630 denique
850 4558 936 4613 sancti
987 4570 1016 4609 sc
1030 4554 1170 4624 qnondam
1185 4554 1256 4608 hanc
1271 4554 1368 4608 urbem
1381 4554 1494 4625 petisse,
1511 4562 1539 4609 et
1553 4554 1582 4609 in
1598 4555 1722 4612 sacrario
1746 4555 1795 4610 bu-

124 4641 242 4718 Rcmigvi
253 4653 361 4700 constat
374 4645 492 4701 ecclesia
504 4647 587 4715 hujus
599 4646 672 4702 beati
685 4647 863 4716 confessoris,
876 4664 937 4721 quae
983 4643 1030 4713 jus
1046 4642 1190 4698 Remensis
1213 4642 1338 4698 ecclesia>
1364 4643 1474 4718 Sigonis
1488 4659 1583 4698 aurem
1601 4645 1714 4699 surdam
1726 4643 1795 4700 refo-

123 4731 286 4789 clericorum
301 4734 366 4789 olim
382 4732 468 4790 fertur
483 4736 614 4791 habuisse
629 4739 883 4812 congregationem,
900 4739 935 4793 de
986 4734 1109 4790 teuderii
1125 4734 1261 4809 Sigebcrti
1277 4735 1361 4809 regis,
1387 4736 1487 4791 virtute
1501 4736 1576 4792 beati
1602 4737 1722 4805 Martini,
1745 4754 1794 4794 cu·

124 4842 179 4901 qua
194 4829 247 4884 tale
263 4830 335 4900 apud
363 4846 414 4886 nes
430 4833 547 4887 retertur
568 4831 741 4888 miraculum.
758 4834 873 4899 Quidam
893 4834 935 4888 vir
982 4825 1028 4895 jus
1040 4825 1215 4879 habebantur
1234 4825 1308 4895 apud
1321 4841 1350 4880 sc
1371 4825 1496 4897 pignora,
1514 4826 1579 4880 dum
1591 4826 1795 4898 colleqacretur

123 4920 247 4988 illustris,
275 4939 337 4977 cum
353 4922 474 4979 duxisset
500 4939 624 4991 uxorem,
641 4941 696 4980 non
725 4926 807 5001 longe
828 4933 890 4997 post
904 4926 932 4981 iu
984 4933 1090 4986 secum,
1110 4916 1203 4972 subiit>
1223 4916 1386 4988 patefactam
1402 4927 1484 4990 alque
1499 4924 1622 4975 sanatam
1643 4917 1742 4975 luisse·

122 5014 475 5088 expeditionempraecepto
486 5017 558 5089 regis
571 5017 721 5088 profectus,
734 5018 933 5090 diuquemora-
1304 5023 1410 5078 carot
1427 5023 1469 5078 Ll.

124 5108 180 5168 tus,
197 5109 343 5174 postquam
358 5103 468 5160 domum
484 5106 621 5173 rediisset,
636 5106 822 5182 significatam
838 5115 880 5163 cst
893 5109 931 5163 illi
1195 5114 1235 5167 lte
1248 5119 1343 5168 sancto
1357 5116 1451 5169 Macro
1462 5115 1579 5180 ceruina.

122 5187 197 5262 quod
209 5206 279 5246 uxor
299 5191 359 5260 ejus
374 5192 509 5248 adulterio
523 5192 621 5250 luisset
635 5203 773 5266 corrupta.
790 5196 875 5261 Quam
890 5197 933 5252 vir
1018 5199 1099 5256 Passa
1115 5200 1202 5255 estin
1218 5201 1271 5257 hoc
1287 5201 1415 5257 hamensi
1431 5217 1501 5277 pago
1517 5201 1600 5256 beata
1614 5200 1705 5259 llacra
1720 5203 1795 5279 virgo

120 5298 235 5338 uxorem
253 5283 382 5357 diligens,
400 5286 446 5340 tali
471 5287 674 5343 examinatione
699 5287 816 5358 probare
843 5289 931 5346 voluit
980 5290 1032 5346 suh
1062 5291 1218 5347 Rictiovaro
1247 5293 1388 5364 praelecto,
1408 5310 1469 5365 quae
1494 5302 1556 5364 post
1575 5293 1794 5366 insuperabilem

120 5375 225 5441 audita,
242 5383 271 5431 ut
286 5392 369 5446 supra
384 5393 461 5433 sacra
484 5380 663 5436 ecclesiarum
680 5398 741 5453 quar
759 5380 787 5434 in
804 5381 854 5437 hac
868 5382 929 5438 vico
981 5380 1082 5435 Christi
1097 5380 1302 5437 contessionem
1317 5382 1480 5457 gravissima
1496 5391 1632 5441 tormenta
1653 5401 1831 5458 perpessa,

121 5464 260 5520 habentur
275 5481 343 5521 uxor
363 5465 416 5521 sibi
430 5468 536 5533 juraret
559 5469 654 5524 altaria
670 5470 744 5541 quod
764 5471 817 5526 boc
835 5471 929 5527 crimi-
981 5477 1044 5541 post
1059 5471 1272 5526 mammillarum
1284 5472 1495 5542 abscissionem,
1509 5481 1537 5529 et
1550 5474 1728 5546 repentinam
1744 5491 1837 5531 ca—

120 5570 156 5609 ne
180 5561 253 5610 esset
269 5554 392 5623 innoxia,
408 5555 503 5628 sicque
523 5557 653 5613 immunis
671 5558 725 5614 sibi
753 5561 926 5631 postmodum
977 5560 1112 5615 rationem
1125 5577 1175 5632 per
1187 5562 1340 5634 angelicam
1353 5563 1380 5617 iu
1393 5580 1503 5620 carcere
1514 5564 1718 5634 visitationem,
1732 5567 1823 5622 durs!

119 5641 191 5700 loret
205 5659 221 5700 a
236 5659 317 5700 noxa.
333 5643 409 5712 Quod
430 5644 477 5701 illa
492 5662 548 5704 nou
564 5648 698 5719 abnuens,
719 5657 846 5722 prompta
860 5666 925 5708 sus·
977 5667 1062 5725 super
1083 5670 1155 5725 prun
1208 5662 1235 5710 et
1256 5657 1369 5714 testulas
1382 5673 1514 5715 accensas
1538 5658 1613 5715 nuda
1624 5659 1823 5719 volutaretur
