3840 6106
127 348 129 353 .
165 275 216 332 llll
719 273 904 331 utuuoanut
924 274 1077 332 cartulttcl
1098 275 1262 334 ttutluusls
1538 350 1545 367 .
1779 279 1833 334 tto

164 413 216 470 per
229 395 299 452 lines
313 397 361 469 qni
377 394 604 452 manifestissime
613 404 854 471 patent,pergeus,
870 397 973 469 passim
986 404 1013 471 Α
1025 398 1175 473 siquidem,
1190 417 1253 475 quae
1263 403 1365 460 dieitur
1380 399 1541 466 basilicaris,
1564 400 1607 456 vel
1619 399 1696 473 quod
1709 398 1835 456 basilicis

166 487 275 545 itineris
290 487 332 544 sui
357 486 474 543 limitem
491 487 557 560 poni
574 488 717 560 pracepit,
739 496 769 545 ut
779 488 856 546 litem
871 489 976 546 discer-
1026 492 1055 548 in
1067 508 1135 568 gyro
1148 493 1192 549 sui
1217 494 1361 567 dispositis
1380 492 1571 556 abundaverit,
1583 491 1627 548 vel
1647 492 1722 564 quod
1735 492 1832 548 eunti-

166 587 247 636 neret
260 578 343 635 arvis.
361 577 410 634 Cui
426 594 555 652 regresso
565 595 683 654 surgens
698 579 832 653 Pippinns
844 596 977 650 asomuo,
1027 582 1080 640 bus
1093 584 1128 639 ad
1144 583 1274 642 basilicas
1289 587 1317 642 in
1331 586 1394 643 vico
1406 585 1493 642 sancti
1514 583 1631 657 Remigii
1657 583 1726 639 sitas
1738 584 1836 655 pervia

167 670 283 747 largitus
305 676 348 726 est
373 686 484 729 omnem
510 687 591 744 quern
607 672 725 728 circuitu
739 688 791 729 suo
805 674 978 730 concluserat
1028 672 1122 739 luerit,
1149 673 1195 730 hio
1207 673 1375 730 benedictus
1399 672 1508 728 Domini
1524 670 1703 729 consuevisse
1715 672 1836 728 traditur

166 763 269 819 locum.
297 762 336 817 hd
366 761 501 818 indicium
531 779 597 821 vero
622 764 804 821 memorabile
825 781 910 838 super
925 767 978 823 hoc
1027 766 1202 833 commorari,
1229 767 1304 839 quod
1334 765 1439 838 apertis
1464 764 1600 822 coenaculi
1630 764 1672 820 sui
1693 763 1836 832 fenestris,

167 850 277 908 itineris
293 850 336 906 sui
354 851 515 907 vernantior
530 851 605 907 omni
627 857 762 923 tempore,
781 869 863 925 quam
882 853 910 909 in
922 870 977 910 oae-
1028 856 1089 913 loca
1100 864 1258 914 sanctorum
1273 858 1347 913 beati
1363 854 1491 930 Remigii,
1507 865 1728 928 caeterorumque
1736 854 1836 911 orandi

168 940 236 996 teris
252 939 326 996 circa
341 940 419 1006 locis,
436 939 536 995 visitur
558 939 645 995 herba
658 940 759 996 virere.
785 941 831 997 Est
845 949 873 998 et
901 941 977 998 aliud
1028 945 1116 1021 gratia
1130 945 1326 1002 solitusluerat
1338 945 1529 1017 contemplari.

168 1048 223 1090 non
237 1033 449 1090 contemnendae
461 1034 501 1089 rei
515 1032 689 1098 miraculum,
699 1034 774 1106 quod
783 1034 879 1105 procul
890 1035 977 1092 dnbio
1048 1033 1216 1090 ‘oratorium
1239 1050 1349 1108 quoque
1377 1051 1462 1106 super
1489 1034 1616 1090 eamdem
1644 1040 1751 1105 portam
1767 1047 1837 1088 oon-

168 1125 276 1182 meritis
288 1125 377 1197 ipsius
390 1132 498 1182 constat
518 1125 623 1182 eisdem
639 1125 722 1182 rebus
736 1143 752 1181 a
774 1127 891 1184 Domino
907 1143 977 1199 prae-
1027 1128 1163 1178 struxerat
1172 1122 1201 1177 in
1216 1124 1321 1179 honore
1335 1122 1423 1179 sancti
1449 1122 1591 1178 Michaelis
1609 1119 1782 1195 archangeli,
1801 1119 1836 1175 de

169 1226 304 1293 rogatum.
333 1217 475 1289 Siquidem
504 1225 652 1290 postquam
673 1218 735 1287 ejus
760 1234 869 1275 cessero
886 1220 977 1276 domi·
1028 1228 1084 1286 quo
1098 1213 1127 1266 in
1142 1213 1304 1288 contiguam
1318 1211 1489 1268 sanctil’etri
1504 1211 1649 1268 ecclesiam
1665 1208 1837 1266 descendere

171 1311 227 1377 nio,
255 1309 343 1366 fertur
370 1325 418 1365 eas
441 1325 583 1382 nunquam
610 1308 713 1366 laesisse
735 1317 903 1383 tempestas,
927 1327 979 1368 nec
1029 1319 1133 1360 morem
1164 1302 1267 1360 iecerat
1297 1304 1430 1361 orationis
1448 1320 1552 1361 amoro.
1573 1303 1650 1370 Quod
1683 1302 1837 1359 oratorium

170 1399 306 1456 cecidisse
323 1415 407 1470 super
428 1399 490 1455 illas
504 1399 611 1475 grando
629 1407 676 1467 ;ot
699 1416 762 1456 cum
784 1401 813 1455 in
827 1400 897 1458 locis
910 1416 978 1458 eon·
1028 1410 1084 1450 nou
1100 1408 1188 1467 pauco
1204 1399 1330 1465 tempore
1345 1393 1532 1466 perseveravit
1543 1392 1659 1459 ibidem,
1676 1391 1767 1448 dontc
1783 1390 1837 1446 Lu·

171 1490 255 1566 tignis
269 1490 416 1547 videbatur
436 1492 546 1560 cadere,
567 1489 637 1547 fines
648 1506 744 1553 eorum
759 1508 814 1548 non
836 1492 979 1565 praesumit
1029 1482 1143 1540 dovicns
1159 1483 1309 1555 imperator
1337 1482 1412 1538 idem
1431 1482 1519 1537 sancti
1549 1481 1622 1537 Petri
1635 1479 1836 1538 monasterium

124 1582 127 1602 ¹
171 1583 318 1657 attingere.
507 1630 509 1635 .
1028 1574 1136 1646 alpaidi
1151 1573 1216 1630 fitiae
1227 1591 1283 1631 suae
1309 1574 1397 1630 dedit.
1410 1572 1493 1642 Cuius
1516 1572 1642 1628 mulieris
1653 1572 1706 1638 vir,
1723 1571 1836 1628 nomine

207 1672 334 1745 benique
349 1688 394 1728 res
409 1671 486 1740 istas,
501 1673 545 1728 vel
566 1680 666 1729 catera
687 1688 748 1746 quae
762 1672 839 1729 visus
848 1680 890 1728 est
904 1671 979 1728 obti·
1030 1663 1115 1740 3³80,
1126 1663 1266 1736 Plaeffllfflss
1282 1661 1443 1731 difuitussil
1462 1661 1613 1719 omimium
1630 1679 1638 1727 t
1654 1661 1720 1734 quia
1730 1660 1837 1717 scilic&

173 1761 279 1828 nuisse,
303 1761 379 1817 nullo
404 1760 551 1816 mundanae
566 1760 726 1833 cupiditatis
747 1760 906 1833 impetravit
923 1760 978 1817 ob-
1030 1753 1149 1826 quadam
1169 1752 1214 1807 die
1227 1757 1310 1823 caput
1334 1752 1361 1805 in
1385 1749 1592 1822 superliminari
1607 1749 1734 1818 ejusdem
1743 1747 1837 1805 ostioli

173 1855 251 1905 tentn
263 1867 271 1915 3
282 1848 333 1904 sed
349 1848 473 1904 ecclesiae
484 1865 540 1905 suae
552 1849 581 1905 in
593 1849 700 1907 cunctis
711 1850 860 1906 consulens
870 1849 977 1906 utilita-
1029 1844 1151 1920 graviter
1169 1843 1284 1909 eliserit,
1309 1858 1342 1899 eo
1372 1842 1446 1914 quod
1469 1851 1573 1897 statura
1596 1856 1729 1912 procerus
1744 1840 1837 1906 luerit,

173 1937 341 2004 tibus,illam
354 1938 498 1994 constituit
519 1938 668 1994 haeredem.
684 1938 779 1995 Plures
790 1938 873 1994 etiam
889 1955 979 1995 rerum
1031 1943 1059 1993 et
1074 1944 1165 1992 erecto
1180 1934 1251 1991 collo
1281 1933 1474 2001 ambulaverit,
1503 1949 1555 1988 nec
1585 1934 1619 1988 ad
1639 1933 1837 1988 introeundum

174 2047 286 2088 suarum
316 2030 465 2102 participes
486 2028 551 2087 lecit
570 2031 713 2099 eeclesias,
735 2037 766 2087 ut
776 2030 859 2087 variis
873 2033 981 2088 charta·
1031 2029 1154 2100 seipsum
1168 2027 1355 2082 humiliaverit
1383 2044 1389 2080 ε
1408 2025 1585 2098 praetendens
1601 2026 1675 2096 quod
1689 2024 1839 2081 fenestram

174 2123 380 2180 rumdocemur
408 2122 608 2179 instrumentis.
635 2123 692 2179 Sub
715 2123 804 2195 ipsius
819 2124 981 2197 episcopatu
1032 2118 1190 2176 obnuberet
1201 2119 1325 2174 ecclesia
1337 2133 1392 2188 prae
1401 2116 1445 2172 sui
1469 2116 1635 2172 celsitudine
1658 2115 1737 2181 Quod
1746 2123 1839 2171 tamen

175 2212 252 2268 dedit
266 2211 323 2268 hdo
341 2210 551 2283 quidamabbas
568 2212 603 2268 ad
615 2212 760 2268 ecclesium
776 2221 879 2270 sanotae
892 2213 982 2270 llariae
1032 2207 1184 2265 oratorium
1194 2213 1224 2262 ut
1237 2206 1323 2277 coepit
1337 2205 1434 2271 everti,
1456 2220 1519 2261 mox
1538 2205 1585 2259 ille
1596 2203 1839 2275 corripitnrade·

176 2303 445 2360 Remensisressuas
455 2303 522 2359 sitas
537 2303 565 2358 in
580 2320 651 2380 pago
663 2304 851 2371 laudunensi,
869 2305 897 2361 in
910 2305 981 2372 vieo,
1032 2314 1125 2366 mone,
1140 2305 1170 2354 ul
1182 2305 1242 2354 etti
1256 2297 1285 2352 1¹¹
1301 2313 1371 2372 P³R0
1398 2296 1585 2361 &ludunensis
1602 2296 1697 2367 procul
1712 2295 1748 2350 ab
1772 2295 1840 2351 urbe

176 2393 224 2466 qui
237 2393 341 2449 dicitur
355 2392 492 2448 Rausidus
507 2393 539 2465 [o.
560 2395 579 2458 i,
596 2393 752 2466 Raosidusl,
769 2412 831 2451 cum
852 2395 983 2466 adjaceu-
1033 2391 1174 2449 Remensi.
1196 2392 1278 2448 Porro
1309 2407 1359 2462 per
1392 2391 1473 2460 hujus
1499 2397 1585 2462 portae
1605 2389 1676 2446 viam
1706 2390 1797 2462 pulvis
1815 2398 1843 2445 et

176 2482 222 2538 tiis
233 2498 339 2549 aarum,
351 2481 482 2538 domibus
496 2481 613 2551 scilicet,
623 2482 741 2552 colonis,
755 2485 870 2556 campis,
883 2483 983 2554 vineis,
1032 2481 1107 2537 venti
1122 2481 1225 2536 mistim
1242 2479 1413 2546 serebantur,
1428 2479 1504 2535 unde
1517 2488 1545 2534 et
1555 2478 1676 2533 tenebrae
1693 2477 1756 2533 urbi
1768 2477 1843 2532 vide·

176 2574 271 2645 pratis,
286 2572 373 2639 silvis,
386 2572 512 2643 piscinis,
522 2573 614 2646 aquis,
625 2589 794 2645 aquarumve
809 2574 983 2643 decursibus,
1034 2570 1136 2626 bantur
1151 2569 1248 2626 illatae:
1270 2585 1322 2625 nec
1340 2585 1391 2640 per
1406 2569 1533 2625 eamdem
1552 2568 1623 2623 viam
1641 2566 1721 2622 laoile
1731 2565 1843 2621 valebat

175 2672 203 2720 et
214 2663 346 2722 omnibus
364 2663 550 2735 appendiciis.
573 2666 641 2720 ltem
662 2665 695 2719 ad
710 2666 882 2723 matriculam
896 2668 984 2724 sancti
1034 2662 1181 2735 quisquam
1192 2662 1332 2718 incedere.
1347 2662 1404 2717 lloc
1425 2668 1516 2716 autem
1531 2659 1682 2716 oratorium
1695 2658 1780 2714 modo
1797 2675 1843 2713 re·

177 2751 295 2825 Remigii
314 2766 359 2805 res
383 2751 516 2823 quasdam
539 2751 568 2806 in
583 2768 654 2827 pago
673 2752 852 2822 Tardonensi,
878 2754 986 2811 invilla
1036 2759 1211 2822 paratumst
1231 2750 1258 2805 in
1280 2756 1489 2821 praememorato
1502 2747 1577 2804 beati
1605 2747 1745 2804 Michaelis
1759 2763 1845 2804 vene-

177 2841 343 2900 Corneoiaco
355 2845 528 2901 constitutas.
558 2845 675 2901 Diversae
691 2861 803 2917 quoque
817 2863 944 2919 personae
957 2848 985 2902 in
1037 2851 1113 2900 ratur
1126 2844 1231 2900 honore
1247 2842 1433 2925 restitutum.⁴

178 2932 372 2988 loeisdiversia
396 2948 440 2989 res
459 2948 523 2988 suas
548 2949 598 3004 pro
620 2933 777 2990 animarum
792 2937 916 2995 remedio
936 2953 985 2994 ec·
1072 2929 1204 2988 Praefatus
1228 2931 1321 3003 itaque
1353 2929 1468 2986 llarolus
1494 2937 1524 2984 ut
1550 2927 1737 2999 principatum
1768 2927 1844 2983 bello

67 3007 70 3014 ¹
177 3019 269 3076 clesiae
288 3019 417 3076 Remeusi
443 3020 495 3077 sub
518 3020 664 3077 hocPatre
687 3020 848 3079 beatissimo
863 3024 987 3080 tradide-
1036 3020 1408 3094 adeptusest,huncvirum
1433 3016 1543 3075 Domini
1559 3017 1851 3092 Rigobertumpatro·

178 3119 252 3180 runt,
272 3120 303 3169 nt
331 3112 484 3170 Beroaldus
511 3114 582 3186 lans,
596 3113 755 3187 Heroaldus]
767 3122 795 3171 et
808 3115 985 3174 Sairebertus
1000 3093 1102 3166 cllum
1113 3126 1205 3178 suum,
1220 3110 1279 3183 (iub
1296 3120 1325 3165 nt
1346 3108 1469 3176 “adimit
1493 3123 1557 3163 eum
1571 3107 1607 3163 (¹0
1622 3106 1731 3163 ¹³V²⁰s⁰
1748 3113 1847 3162 ⁵³⁰⁰l⁰

179 3201 208 3256 in
220 3211 314 3258 monte
327 3202 457 3270 betelini,
482 3210 510 3259 et
526 3202 684 3260 Taxovariis
695 3203 802 3269 domos,
817 3219 983 3274 arva,mau·
1033 3215 1204 3277 susceperat,
1223 3206 1385 3277 episcopatu
1400 3203 1569 3270 deturbavit,
1585 3201 1737 3258 et'cuidam
1748 3202 1845 3258 bliloni

177 3289 260 3362 cipia,
278 3291 374 3346 vineas
388 3306 420 3345 ac
440 3290 525 3346 silvas
545 3291 744 3347 :Gairolredus
763 3303 791 3348 et
806 3293 984 3350 dustreberta
1033 3298 1093 3355 sola
1114 3306 1228 3354 tonsura
1253 3296 1365 3363 elorico,
1382 3296 1456 3369 quod
1484 3296 1512 3367 [t,
1542 3294 1599 3366 qui]
1614 3309 1708 3350 secum
1724 3310 1843 3365 proces·

178 3380 207 3435 in
222 3395 293 3455 pago
309 3378 495 3448 Lauduuensi,
519 3379 627 3435 invilla
650 3379 787 3446 Waroeio.
799 3397 911 3438 mansos
920 3399 983 3439 cum
1033 3396 1108 3445 serat
1122 3388 1157 3444 ad
1172 3387 1287 3454 bellum,
1306 3385 1383 3441 dedit
1400 3388 1452 3442 hoe
1462 3385 1646 3456 episcopium.
1668 3383 1716 3440 llic
1730 3383 1847 3457 Kagolus

178 3476 260 3532 terris
273 3474 477 3545 adjacentibus,
501 3474 592 3530 vineis
618 3492 651 3531 ac
675 3476 831 3548 mancipiis.
850 3478 928 3535 hbbo
941 3495 986 3535 res
1036 3479 1404 3552 exancillaestnpronatus,
1433 3478 1506 3534 utin
1537 3476 1685 3532 annalibus
1704 3477 1846 3551 regumde

176 3584 242 3625 suas
252 3568 320 3623 sitas
335 3567 361 3621 in
377 3581 448 3640 pago
463 3566 603 3634 Porcensi,
622 3567 687 3623 villa
716 3569 848 3644 Augusta.
875 3569 984 3627 bande·
1035 3585 1069 3627 eo
1082 3571 1194 3645 legitur,
1209 3570 1316 3627 caeteris
1342 3570 1388 3642 qui
1405 3576 1469 3625 ante
1484 3585 1514 3625 se
1536 3568 1789 3625 fuerantaudacior
1800 3583 1844 3623 re·

178 3676 271 3716 marus
297 3660 326 3715 in
350 3657 535 3728 camarciaco,
557 3659 586 3714 in
611 3674 683 3734 pago
713 3660 854 3730 Remensi,
875 3678 985 3720 mausus
1034 3662 1129 3737 gibus,
1146 3678 1202 3720 non
1216 3663 1306 3719 solum
1321 3661 1414 3728 istum,
1426 3661 1475 3717 sed
1492 3661 1575 3717 etiam
1586 3659 1655 3716 alios
1667 3658 1846 3731 episcopatus

179 3764 242 3804 cum
264 3746 401 3816 aedificiis,
422 3748 587 3820 mancipiis,
616 3747 739 3818 ruribus,
765 3748 865 3817 vineis,
896 3750 984 3821 silvis,
1035 3756 1114 3830 regni
1124 3756 1290 3811 Francorum
1306 3753 1384 3808 laicis
1403 3751 1562 3809 hominibus
1584 3758 1612 3807 et
1626 3749 1779 3807 comitibus
1794 3750 1843 3806 de·

178 3835 275 3908 illati&
296 3843 324 3891 0¹
340 3835 452 3892 ⁰⁰2¹&ss
473 3835 648 3906 adjacentiis·
673 3836 844 3894 fl⁰dem³ffl8
859 3855 906 3894 lex
920 3856 986 3896 suas
1035 3848 1076 3905 dit
1093 3866 1100 3915 ;
1115 3847 1153 3902 ita
1164 3856 1193 3903 ut
1206 3845 1347 3918 episeopis
1362 3844 1431 3900 nibil
1446 3843 1592 3915 potcstatis
1606 3841 1635 3896 in
1651 3841 1735 3896 rebus
1750 3841 1844 3898 eccle·

177 3925 244 3982 sitas
258 3925 287 3981 in
311 3925 372 3983 vieo
387 3925 562 3983 Castricensi.
582 3927 649 3982 ltem
667 3926 862 3985 dustrebertus
882 3930 983 3985 suasin
1034 3941 1134 3997 siarum
1151 3938 1332 4010 permitteret,
1348 3937 1447 3992 Verum
1460 3936 1535 4008 quod
1550 3942 1646 3992 contra
1660 3935 1736 3989 hunc
1752 3933 1843 3990 virum

177 4018 490 4085 etdtmvill³·Q¹1³tttm
509 4020 602 4075 adhuc
618 4020 787 4091 exemplaria
805 4021 982 4079 traditionum
1034 4039 1159 4088 sanctum
1173 4038 1202 4086 et
1218 4030 1287 4085 alias
1308 4028 1442 4086 ecclosias
1474 4027 1574 4082 Christi
1600 4025 1771 4098 perpetravit
1782 4040 1843 4081 ma·

177 4111 250 4182 apud
261 4126 311 4167 nos
325 4111 437 4167 conditu
447 4118 631 4167 reservantur·
1034 4120 1101 4187 lum,
1112 4118 1305 4189 iustoiudicio
1318 4117 1451 4174 Dominus
1465 4115 1567 4172 refudit
1582 4115 1610 4170 in
1629 4123 1712 4185 caput
1726 4113 1797 4183 ejus.
1805 4113 1843 4168 Re

496 4196 664 4254 CAPUTXH·
1034 4222 1089 4279 quo
1103 4206 1212 4262 Patrum
1228 4206 1330 4277 scripta
1344 4205 1478 4261 relatione
1492 4204 1619 4271 traditur,
1640 4201 1714 4275 quod
1730 4208 1845 4258 sanctus

283 4286 487 4356 Dsseaepullt'm
506 4289 593 4357 ΨΜ
607 4287 641 4341 ⁰⁶
661 4287 728 4341 “ibt
741 4288 875 4344 steinensi·
1034 4297 1195 4364 Eucherius,
1223 4298 1303 4368 cujus
1330 4298 1359 4352 in
1391 4296 1559 4353 monasterio
1587 4295 1675 4352 sancti
1703 4292 1844 4350 Trudouis

212 4378 276 4447 (Atl-
293 4375 547 4445 717‚S⁸'ll⁶⁶·728·)
564 4374 985 4449 Offfldessiq¹¹0⁸i¹¹¹u¹²³¹⁹i⁰¹³l
1033 4391 1178 4448 humatum
1207 4398 1249 4446 ost
1284 4406 1396 4462 corpus,
1427 4387 1668 4445 aurelianensium
1698 4385 1841 4459 quondam

177 4483 269 4544 regem
280 4468 499 4541 Chilpsslifflfflel
513 4467 872 4541 lstl⁰¹¹1¹¹¹l³sl¹³slliPillllini
883 4469 980 4539 filium,
991 4462 1020 4531 Ῑ)
1031 4480 1189 4553 episcopus,
1205 4479 1271 4535 dum
1286 4479 1314 4534 in
1327 4478 1452 4534 oratione
1473 4477 1588 4549 positus,
1605 4484 1696 4532 mente
1719 4474 1842 4532 coelesti-

176 4557 981 4633 ῐῃθὶθῑθῐῐῐῆῦθ(10ΠὶΰῦΒθῧθῐῐῑῖΐῑᾱΰΰῑηῑίθΐθωῦῑῦῑθρῐθβθ
1032 4570 1261 4635 businteuderet,
1281 4569 1316 4625 ad
1335 4569 1448 4626 alteram
1470 4568 1553 4625 vitam
1577 4575 1682 4639 raptus,
1700 4566 1773 4620 inter
1787 4581 1842 4621 cac·

176 4650 274 4706 urbem
289 4650 431 4707 transiens
445 4650 603 4717 Remorum,
618 4651 751 4709 clamasse
767 4652 855 4709 fertur
867 4653 902 4709 ad
913 4653 982 4709 bea·
1031 4670 1091 4718 tera
1102 4678 1165 4735 (μω
1178 4662 1295 4719 pomino
1316 4660 1371 4716 sibi
1396 4661 1505 4717 petauro
1524 4658 1679 4731 mmmm,
1697 4658 1772 4713 hunc
1787 4656 1839 4711 ga.

176 4751 233 4798 ²¹¹¹¹¹
242 4741 424 4819 Riss⁰bes²¹¹¹¹¹
446 4757 531 4814 sullm
549 4751 657 4815 l)ortam
672 4743 792 4800 &vimis
805 4744 899 4812 silum,
915 4754 944 4801 ¹¹1
955 4744 981 4802 θὶ
1031 4755 1118 4812 rolum
1134 4755 1162 4810 in
1177 4754 1288 4810 inferno
1303 4753 1427 4810 inferiori
1443 4752 1565 4825 torqueri
1576 4751 1656 4808 vidit.
1673 4748 1721 4805 Cui
1736 4749 1772 4805 de
1788 4749 1842 4804 hoc
1909 4735 1915 4748 '

171 4833 285 4904 dulles&
302 4833 428 4889 eamdem
442 4841 548 4906 P0s2³¹¹¹
562 4834 675 4909 aperiri,
690 4843 827 4908 quatenus
842 4836 980 4894 adeccle·
1029 4847 1181 4904 sciscitanti
1200 4863 1363 4920 responsum
1387 4854 1428 4901 est
1451 4845 1486 4900 ab
1514 4845 1613 4920 angelo
1633 4843 1748 4898 duotore
1775 4855 1839 4907 suo,

174 4928 243 4984 siam
268 4935 369 4984 saneta
395 4926 442 4983 Dei
463 4926 610 4983 Genitricis
637 4936 744 4983 oratum
770 4939 863 5000 posset
890 4929 979 4986 abire.
1030 4936 1105 5009 qnod
1120 4945 1276 4991 sanctornm
1290 4934 1408 5004 jndicio,
1423 4935 1470 5006 qui
1487 4933 1516 4988 in
1530 4933 1623 4988 tuturo
1638 4930 1839 4986 examinecum

175 5019 223 5077 Cui
238 5020 343 5076 crebris
362 5021 391 5076 in
407 5020 528 5091 idipsum
547 5018 662 5077 vocibus
675 5019 787 5077 instanti
803 5022 981 5092 respondisse
1031 5024 1148 5081 bomine
1162 5023 1337 5093 judicabunt,
1353 5039 1471 5095 quorum
1496 5037 1541 5078 res
1553 5020 1679 5084 abstulit,
1689 5018 1840 5089 sempiter-

174 5110 216 5166 vir
228 5109 337 5167 bomini
349 5107 521 5182 perhibetur,
536 5109 611 5182 quod
624 5124 680 5166 uon
695 5110 734 5165 illi
750 5126 811 5166 eam
824 5110 901 5182 prius
912 5127 981 5183 ape·
1031 5114 1074 5169 nis
1082 5113 1120 5169 sit
1148 5115 1236 5186 paenis
1256 5114 1415 5185 deputatus.
1446 5111 1496 5177 Qui
1511 5111 1610 5166 beatus
1635 5105 1791 5163 Eucherius
1804 5104 1840 5161 ad

174 5202 252 5270 riret,
266 5202 356 5258 donec
368 5200 453 5258 sciret
463 5217 547 5274 quem
560 5200 644 5257 finem
655 5201 689 5257 lis
699 5210 789 5275 coepta
800 5203 958 5275 perciperet
970 5219 979 5273 3
1029 5207 1160 5263 saeculum
1175 5222 1311 5274 reversus,
1326 5213 1421 5261 sancto
1432 5202 1584 5270 bonifacio,
1594 5200 1641 5273 qui
1657 5209 1723 5256 tunc
1731 5197 1840 5266 Galliis,

174 5311 210 5352 ne
225 5293 642 5351 lorteurbemsibicommissam
656 5294 709 5367 ipsi
722 5294 980 5368 diripiendampro·
1029 5295 1064 5352 ad
1070 5295 1241 5352 restituenda
1248 5295 1459 5365 juracanonica,
1469 5293 1558 5350 luerat
1569 5291 1604 5346 ab
1612 5287 1841 5361 apostolicasede

173 5387 263 5454 deret,
275 5386 323 5460 qui
339 5385 506 5442 aliarumres
520 5385 668 5442 nonnullas
678 5386 788 5443 urbium
804 5387 977 5460 diripuisset.
1029 5388 1204 5460 praelatus,et
1219 5386 1335 5443 Fnlrado
1350 5385 1444 5442 abbati
1455 5383 1616 5442 monasterii
1631 5381 1720 5438 sancti
1734 5380 1841 5452 Diony·

172 5477 212 5533 hd
227 5478 286 5533 haec
300 5475 577 5532 Raroluscominatus
592 5475 725 5532 asseritur
735 5477 978 5551 furibunde,quod
1028 5480 1074 5549 sii,
1102 5486 1130 5536 et
1155 5494 1263 5536 summo
1289 5479 1432 5550 capellano
1457 5477 1531 5552 regis
1554 5473 1676 5548 Pippini,
1707 5473 1766 5528 haeo
1792 5472 1840 5527 in·

162 5567 194 5624 si
209 5576 394 5625 reverteretur
405 5566 493 5623 victor
517 5565 545 5620 in
570 5580 649 5637 pace,
677 5580 732 5622 non
761 5567 833 5623 ultra
848 5566 921 5624 idem
936 5569 978 5625 vir
1028 5568 1121 5625 dicare
1134 5567 1251 5635 studuit,
1265 5569 1334 5624 dans
1362 5568 1390 5622 in
1403 5567 1568 5634 assertione,
1582 5571 1612 5620 ut
1626 5564 1660 5621 ad
1676 5562 1839 5634 sepulerum

169 5658 218 5717 Ilei
233 5666 309 5718 tutus
323 5665 448 5716 maneret
469 5657 497 5713 in
513 5657 611 5715 eadem
626 5657 747 5716 civitate.
761 5659 849 5733 Supra
870 5669 976 5733 portam
1028 5660 1089 5730 ejus
1104 5660 1278 5728 accedentes,
1292 5661 1316 5716 si
1330 5675 1432 5732 corpus
1447 5659 1536 5731 ipsius
1547 5656 1616 5712 inibi
1637 5671 1693 5714 nou
1708 5652 1838 5726 reperie-
