3840 6106
134 214 185 273 ¹ltl'l
694 216 877 273 Ftouttthol
899 216 1052 273 cahohlct
1072 217 1235 272 huunhsts
1747 221 1798 277 lid

132 345 270 401 riensibus
296 347 324 401 iu
347 346 487 401 Franciam
523 345 658 401 heriberti
693 347 728 382 ⁸¹³
758 347 834 402 venit
862 345 938 401 auxi·
950 345 1073 418 Afrater
1098 344 1171 420 regis
1194 345 1228 380 ⁴¹⁵
1254 344 1364 400 Rodulti
1389 346 1418 401 in
1443 344 1623 417 expeditione
1645 345 1798 405 obsidionis

130 431 219 500 lio‘¹⁶‚
233 434 308 488 uelut
321 432 455 504 oppidum
466 435 552 491 sancti
564 435 686 500 Quintini
696 435 870 491 obsessurus.
884 436 938 490 Sed
988 437 1070 492 castri
1085 438 1119 472 ⁴²⁶
1133 436 1220 492 sancti
1236 436 1360 501 Quintini
1374 435 1507 505 moritur,·
1520 443 1548 492 et
1563 436 1672 492 delatus
1687 437 1723 491 ad
1737 453 1798 493 san·

129 531 273 595 antequam
304 526 338 579 ad
367 526 434 581 illud
468 529 634 598 perveniret,
663 530 737 584 missi
767 530 888 603 lingonis
912 529 938 584 ei
988 532 1063 581 ctum
1086 524 1241 596 Remigium
1268 524 1411 594 sepelitur.
1429 523 1563 580 liudulfus
1591 541 1639 580 rex
1659 524 1739 600 graui
1753 542 1799 598 per

129 613 272 670 uenientes
283 616 403 684 obviam,
419 634 515 688 pacem
531 619 602 675 inter
613 621 754 695 hugonem
770 629 796 674 et
809 619 938 675 Heriber-
987 622 1072 671 totum
1088 623 1249 669 autumnum
1259 612 1379 669 decubat
1393 615 1565 689 egritudine.
1579 615 1797 688 Nortmanuiqui

130 710 196 768 tum,
212 706 275 763 dato
298 708 436 779 utrimque
460 709 653 778 jurejurando,
669 727 757 782 usque
779 710 813 765 ad
835 711 934 765 linium
987 726 1087 782 pagum
1109 709 1311 781 biturigensem
1336 709 1369 744 ⁸²⁷
1397 709 1677 781 depraedationum
1703 712 1798 768 hiluri-

128 807 251 849 menseu:
269 796 449 872 pepigerunt:
471 808 499 853 et
525 799 717 855 lotharienses
741 800 936 874 regrediuntur
985 802 1116 877 gensibus
1129 802 1371 858 etTuronensibus
1386 802 1459 859 bello
1470 805 1595 879 aggressi
1608 805 1796 877 perimuntur.

128 884 210 938 ad⁸¹7
238 902 288 941 sua
328 887 435 963 Religio
461 891 562 963 regulae
593 893 791 948 monachorum
822 894 849 946 iu
872 891 935 963 qui·

127 976 242 1033 busdam
259 982 432 1036 monasteriis
452 999 502 1055 per
525 999 638 1058 regnum
664 987 839 1044 lothariense
855 1000 935 1056 repa·

128 1073 211 1121 ratur.
230 1067 261 1123 Et
274 1069 368 1125 Emma
384 1072 479 1144 regina
495 1071 661 1145 defungitur.
679 1076 756 1133 huno

428 1161 628 1219 llCCCCilelV.

130 1251 265 1308 liedulfus
281 1270 328 1309 rer
352 1254 490 1326 quoddam
510 1264 627 1312 castrum
656 1257 772 1314 Goslridi
793 1259 827 1294 ⁴¹⁸
854 1275 936 1315 uoca-

129 1345 194 1401 bulo
209 1346 375 1416 viriliacum,
392 1350 466 1420 quod
485 1359 579 1405 contra
598 1367 662 1406 eum
687 1353 798 1423 qnidam
820 1353 936 1425 Aquita·

129 1454 226 1494 uorum
247 1441 389 1511 tenebant,
405 1445 537 1501 obsidens
550 1447 634 1516 cepit,
651 1454 677 1501 et
700 1446 825 1502 Goslrido
841 1448 936 1503 reddi-

128 1530 183 1596 dit3
201 1532 321 1604 indeque
349 1535 376 1589 in
399 1536 538 1592 Franciam
559 1540 702 1607 remcavit,
728 1549 755 1595 et
781 1538 937 1595 Goslridum

127 1629 201 1672 trans
215 1619 339 1676 llhcnnm
361 1624 394 1678 ad
411 1625 568 1680 Heinricum
583 1626 692 1684 direxit.
715 1629 770 1684 Hoc
785 1645 849 1700 rege
869 1629 938 1682 hau-

126 1705 192 1760 duni
209 1709 339 1781 degente,
356 1713 487 1770 tumultus
502 1716 562 1788 ipso
578 1718 623 1772 dic
634 1727 729 1774 sancto
744 1719 853 1789 paschae
865 1719 937 1773 inter

126 1799 217 1871 regios
229 1810 257 1854 et
267 1803 390 1875 episcopi
407 1806 507 1861 milites
522 1808 663 1876 exoritur;
679 1809 727 1864 uhi
742 1809 867 1865 nonnulli
879 1824 934 1864 non

127 1890 210 1945 modo
226 1891 298 1958 laici,
314 1897 362 1949 sed
378 1895 460 1950 etiam
481 1897 574 1952 clerici
588 1899 700 1970 qnidam
727 1899 862 1954 vulnerati
890 1897 933 1954 rel

128 1979 285 2053 interempti
299 1992 370 2042 sunt.
388 1987 520 2044 Underex
536 1991 666 2061 placitum
694 1991 850 2047 suessionis
871 2006 932 2046 cum

127 2075 204 2147 regni
218 2077 380 2147 primatibus
395 2083 504 2151 habuit;
521 2086 623 2142 deinde
638 2088 746 2143 locutus
761 2102 822 2142 cum
843 2084 934 2140 missis

127 2166 256 2235 heinrici,
280 2170 314 2223 ad
335 2171 394 2239 ejus
417 2185 545 2246 properat
571 2179 750 2250 colloquium,
780 2178 827 2234 ubi
850 2178 934 2233 ctiam

125 2258 258 2315 hoduttus
273 2277 320 2316 rex
332 2262 456 2319 turensis
469 2266 611 2335 interluit;
635 2278 768 2342 pactaque
778 2271 850 2325 inter
860 2272 936 2341 ipsos

123 2352 252 2420 amicitia,
271 2353 354 2408 etiam
372 2355 545 2414 lleribertum
565 2377 626 2416 oum
655 2362 767 2437 llugoue
791 2368 933 2433 pacarunt,

126 2442 242 2498 redditis
256 2445 421 2516 quibusdam
438 2449 494 2504 suis
509 2450 600 2505 eidem
618 2451 764 2507 lleriherto
783 2452 935 2523 possessio-

124 2531 216 2588 nibus.
241 2534 295 2591 Sed
319 2543 346 2590 et
366 2536 522 2604 lleinricus,
549 2540 656 2595 Bosone
684 2547 807 2610 recepto,
835 2548 935 2596 terram

125 2642 206 2696 quam
232 2628 308 2698 prius
322 2629 457 2685 habuerat
476 2633 502 2686 ei
525 2649 558 2687 ex
574 2649 672 2706 magna
697 2640 774 2704 pane
803 2634 932 2690 restituit.

125 2716 244 2791 lluugari
257 2734 307 2789 per
319 2720 507 2795 Burgundiam
522 2722 875 2795 diffundunturpraedisque
891 2725 935 2778 in-

122 2808 230 2863 cendiis
243 2825 275 2863 ac
289 2810 423 2878 caedihus,
440 2828 494 2868 non
510 2821 603 2868 tamen
617 2813 841 2880 diu‚debachati‚
857 2830 934 2870 com-

124 2905 203 2967 perto
234 2900 341 2956 Rodulsr
376 2904 448 2975 regis
477 2904 606 2973 adventu,
646 2905 673 2959 in
707 2905 811 2961 ltaliam
843 2913 932 2961 trans·

123 2995 218 3042 meant
237 2991 291 3060 til)
323 2990 451 3046 hrtoldus
470 2993 693 3065 archiepiscopus
719 2993 872 3050 Wilredum
898 2996 932 3030 ⁴¹⁹

125 3077 262 3149 quendam
279 3081 445 3136 monachum
461 3081 637 3138 ‘taravanensi
656 3083 690 3118 ⁵²⁰
712 3085 823 3141 ordinat
836 3085 932 3141 aeccle-

69 3184 72 3191 ·
122 3168 339 3240 siaepraesulcm,

158 3264 293 3323 Rodullus
310 3285 356 3323 rex
377 3269 521 3326 llirionum
545 3279 676 3340 castrum,
691 3289 774 3344 quem
794 3270 868 3328 Boso
884 3287 931 3328 co·

124 3372 182 3412 mes
197 3366 309 3429 ceperat
323 3359 438 3430 ejusque
460 3361 610 3431 complices
624 3362 790 3425 retinebant.
812 3361 931 3418 ohsidet.

121 3446 320 3506 Lotharienses
335 3467 396 3506 cum
412 3451 576 3523 quibusdam
591 3453 740 3509 comitibus
752 3471 785 3510 er
800 3456 831 3490 ⁸²¹
847 3456 933 3511 Saro-

122 3536 178 3604 nia,
195 3536 331 3593 heriberti
349 3540 456 3595 scilicet
482 3541 588 3608 amicis,
605 3544 683 3614 quasi
703 3543 738 3597 ad
759 3544 932 3615 colloquium

986 893 1113 962 Synodus
1140 901 1246 964 septem
1281 892 1475 965 episcoporum
1495 895 1569 966 apud
1594 904 1721 951 sanctam
1748 896 1797 953 Ιι·

986 1000 1059 1039 cram
1076 984 1140 1053 lii),
1157 983 1259 1039 domno
1281 982 1393 1039 hrtoldo
1407 984 1616 1056 archiepiscopo
1639 986 1676 1029 *ἢ
1705 987 1796 1058 praesi-

986 1079 1080 1142 dente,
1097 1074 1261 1142 celebratur,
1282 1074 1310 1129 in
1331 1091 1385 1146 qua
1405 1074 1550 1146 predones
1575 1083 1604 1131 et
1623 1077 1795 1134 eeclesiasti-

985 1184 1079 1223 carum
1095 1182 1186 1221 rerum
1201 1181 1363 1237 pervasores
1377 1166 1411 1221 ad
1426 1167 1630 1224 correctionem
1651 1169 1687 1204 ‘¹⁰
1701 1170 1792 1226 venire

986 1266 1128 1316 vocantur.
1146 1261 1224 1313 huno

1283 1327 1497 1384 dccccxxxvi.

987 1402 1151 1475 lngramnus
1172 1399 1207 1435 ⁸³⁰
1234 1399 1426 1455 Laudnnensis
1445 1400 1577 1455 eeclesiae
1596 1400 1629 1436 ⁸³¹
1651 1401 1793 1474 episcopus

987 1495 1066 1552 ohiit.
1083 1494 1138 1550 Sub
1155 1494 1242 1548 isdem
1263 1494 1297 1528 ⁸³²
1313 1493 1369 1548 lere
1385 1493 1482 1548 dicbus
1495 1493 1689 1550 rexliodullus
1702 1496 1793 1552 deluu-

988 1583 1070 1656 gitur‚
1086 1582 1276 1653 sepeliturque
1288 1580 1405 1634 Senonis
1419 1581 1491 1650 aprud
1507 1581 1541 1615 ⁴³³
1556 1589 1683 1638 sanctam
1695 1583 1792 1640 Colum·
1816 1650 1821 1659 ¹

952 1677 1062 1748 ssbam,
1078 1676 1157 1746 cujus
1172 1675 1297 1731 ecclesia
1313 1674 1433 1730 factione
1452 1676 1627 1746 quorundam
1645 1677 1792 1748 pauloaute

986 1770 1075 1826 luerat
1089 1771 1212 1824 incensa.
1226 1768 1385 1824 Brittonnes
1400 1784 1415 1822 a
1431 1768 1624 1823 transmarinis
1640 1770 1791 1842 regionibus

984 1858 1086 1914 hlstani
1102 1857 1175 1934 regis
1191 1856 1319 1927 praesidio
1347 1863 1518 1912 revertentes
1538 1856 1584 1926 ⁴³⁸,
1600 1864 1704 1912 terram
1723 1873 1790 1914 susm

983 1953 1122 2018 repetunt.
1149 1947 1226 2021 llugo
1241 1960 1335 1999 comes
1354 1951 1428 1999 trans
1442 1959 1519 1999 mare
1543 1944 1630 2001 mittit
1644 1961 1694 2016 pro
1709 1961 1789 2001 accer-

912 2085 917 2096 .
982 2039 1081 2094 siendo
1100 2037 1135 2093 ad
1150 2037 1257 2108 apicem
1273 2036 1352 2109 regni
1372 2035 1582 2106 suscipiendum
1599 2035 1746 2093 Ludowiro
1758 2038 1786 2073 ⁸³⁸

984 2129 1073 2185 Karoli
1098 2128 1166 2196 filio,
1187 2144 1270 2200 quem
1295 2143 1342 2182 rex
1369 2125 1505 2194 hlstanus‚
1534 2127 1693 2184 auunculus
1714 2129 1787 2199 ipsius

984 2228 1099 2290 accepto
1115 2217 1192 2288 prius
1211 2213 1391 2285 iureiurando
1414 2230 1430 2268 a
1450 2214 1619 2269 Francorum
1640 2214 1746 2291 legatis,
1764 2216 1785 2272 in

985 2307 1126 2362 Franciam
1145 2321 1206 2360 curn
1218 2303 1383 2375 quibusdam
1399 2301 1575 2373 episcopiset
1590 2303 1656 2358 aliis
1670 2300 1784 2360 fidelibus

985 2396 1042 2450 suis
1058 2394 1160 2467 dirigit.
1178 2393 1226 2447 Cui
1248 2392 1323 2464 Hngo
1339 2399 1367 2445 et
1382 2390 1466 2446 ceteri
1486 2391 1656 2447 Francorum
1669 2408 1783 2465 proceret

985 2487 1094 2543 obviarn
1106 2485 1234 2557 profecti,
1247 2499 1311 2539 mox
1326 2482 1416 2539 navim
1428 2497 1540 2554 egresso
1554 2482 1589 2518 ⁸³⁶
1599 2482 1628 2537 in
1645 2483 1712 2555 ipsis
1725 2483 1781 2540 litu

985 2578 1039 2632 reis
1056 2577 1167 2631 harenis
1192 2575 1265 2646 apud
1293 2573 1444 2629 Bononiam
1477 2589 1539 2628 sesc
1563 2575 1780 2644 commitentut

984 2675 1042 2724 erat
1055 2668 1206 2739 utrimque
1229 2667 1385 2736 depactum.
1413 2664 1536 2736 lndeque
1560 2663 1596 2717 ah
1610 2663 1680 2735 ipsis
1695 2664 1779 2720 hauh·

984 2779 1049 2817 num
1061 2761 1207 2828 deductus,
1217 2775 1249 2815 ac
1259 2757 1343 2833 regali
1357 2755 1677 2824 benedictioneditatus,
1693 2757 1775 2831 ungui·

985 2869 1028 2917 tur
1052 2862 1085 2897 ⁸³⁷
1101 2869 1184 2932 atque
1199 2865 1348 2941 coronatur
1373 2857 1505 2911 adomno
1524 2854 1641 2911 Artoldo
1660 2852 1776 2924 archicpi-

982 2971 1077 3027 scopo,
1090 2952 1273 3026 presentibus
1286 2950 1364 3024 regni
1380 2949 1565 3022 principibus,
1582 2963 1646 3003 cum
1657 2944 1773 3019 episcopis

943 3048 1075 3123 criginti
1096 3045 1272 3118 etamplius.
1297 3043 1476 3114 Episcopatus
1494 3039 1689 3096 laudunensis
1712 3039 1772 3093 datur

982 3137 1110 3206 liedulfo,
1124 3137 1247 3206 ejusdem
1264 3135 1316 3190 loci
1333 3132 1503 3205 presbytero,
1520 3131 1660 3187 acivihus
1678 3144 1770 3186 concor·

981 3231 1053 3286 diter
1065 3231 1165 3297 electo,
1181 3228 1283 3301 quique
1299 3225 1427 3282 adumno
1440 3222 1553 3279 hrtoldo
1569 3219 1769 3278 consecratur*

983 3323 1132 3394 episcopus
1147 3325 1173 3375 ⁵.

1020 3420 1045 3491 [*
1070 3420 1099 3474 ll.
1118 3419 1150 3474 ll.
1180 3435 1215 3483 rr,
1230 3417 1274 3472 26.
1299 3416 1395 3471 Sedet
1419 3429 1469 3484 per
1482 3411 1551 3467 alias
1565 3410 1711 3467 Remensis
1726 3407 1768 3464 diu·

1017 3506 1114 3546 ceseos
1127 3490 1218 3554 sedes,
1231 3495 1345 3559 excepta
1357 3483 1550 3542 catalaunensi
1560 3492 1590 3540 ct
1602 3477 1767 3546 ambianensi,

1018 3563 1141 3618 diversos
1160 3559 1296 3616 ordinarit
1308 3556 1485 3630 episcopos..]

123 3629 316 3705 liugouiscum
331 3634 416 3713 mplto
432 3635 553 3690 exercitu
564 3637 786 3691 conveniumffl.
801 3637 854 3692 Sed
866 3637 933 3709 quia
1017 3653 1073 3708 Rex
1100 3659 1127 3708 ec
1147 3652 1223 3727 nugo
1240 3651 1267 3705 in
1290 3625 1474 3722 Burgundiam
1493 3650 1627 3717 pergunt,
1647 3650 1675 3699 et
1696 3640 1770 3698 urbem

122 3720 198 3795 hugo
211 3724 353 3779 castellum
365 3726 452 3781 sancti
468 3726 590 3791 Quintini
604 3726 748 3782 lleriberlo
764 3728 856 3783 renuit
866 3725 929 3781 red·
982 3744 1135 3816 Lingonum
1163 3745 1207 3812 ru,
1224 3740 1305 3816 quam
1331 3742 1408 3816 pugo
1423 3740 1458 3774 tto
1483 3738 1569 3793 smper
1588 3737 1662 3812 regis
1683 3727 1772 3790 liudulfi

122 3813 199 3880 dese,
212 3813 300 3886 ipsam
316 3817 498 3874 muniliffltssm
509 3820 649 3887 Obsidffssh
665 3820 793 3892 bell⁰q¹¹⁰
806 3837 929 3892 ltfflssaffl
980 3840 1102 3904 ceperat,
1114 3832 1262 3897 obsident;
1277 3828 1501 3906 fugientibusque
1514 3827 1558 3881 his
1568 3826 1616 3897 qui
1630 3841 1690 3881 eam
1700 3826 1774 3879 custo-

120 3905 267 3961 tntantium
283 3910 556 3969 tandemredditione
571 3912 929 3985 rccipiuntatquesuhvcr·
981 3925 1042 3982 dire
1064 3926 1240 3991 videbamur,
1263 3926 1324 3981 sine
1343 3924 1416 3979 hepo
1431 3922 1579 3993 recipiunt,
1607 3917 1770 3989 Acceptisque

122 4000 197 4064 lunii
224 4013 273 4068 par
275 4006 409 4072 amesque
427 4002 588 4059 Laudunum
605 4006 639 4039 ⁶²³
657 4005 796 4070 Obsides&
812 4007 930 4061 menda·
982 4016 1125 4073 obsidibus
1146 4017 1181 4072 ah
1196 4016 1334 4089 episeopis
1361 4012 1524 4089 Burgundios
1543 4011 1588 4068 rel
1614 4004 1768 4081 pumuntur,

121 4091 189 4147 tom
202 4091 309 4148 liudulfi
323 4096 396 4171 regis
404 4097 550 4170 inpropria
560 4103 931 4161 reuertunturluterealtoso
983 4105 1104 4162 Parisius
1115 4106 1240 4163 veniunt.
1258 4104 1385 4160 heinrico
1395 4118 1460 4178 rege
1475 4102 1527 4158 sub
1542 4099 1631 4156 isdem
1644 4097 1677 4132 “¹
1689 4091 1769 4150 delus

797 4261 908 4317 vlhtAE
923 4262 1117 4319 LECTlONES.

154 4359 189 4393 ⁴¹⁸
202 4357 344 4414 heriberto
362 4357 389 4409 2.
404 4355 431 4410 3.
473 4355 765 4414 ‘wihesteine
802 4361 836 4395 ⁸¹⁸
851 4361 973 4435 gosfredi
992 4379 1061 4418 corr.
1082 4361 1197 4436 goslridi
1217 4363 1242 4423 l,
1282 4358 1487 4416 “lumtredum
1508 4360 1533 4413 l.
1578 4358 1613 4393 ⁸²⁹
1632 4356 1760 4414 tamiaucn·

120 4431 210 4485 semi
253 4430 345 4484 ⁸²¹e3
397 4427 590 4483 ⁸²²ueniunt2
617 4428 643 4485 3.
689 4429 890 4487 ⁴²⁸laudum2.
932 4432 1364 4489 ⁸²⁸manuarume.mandatu3
1409 4431 1443 4465 ⁸²⁵
1458 4430 1489 4485 lt.
1507 4447 1529 4484 r.
1550 4431 1578 4485 2.
1600 4429 1627 4485 3.
1657 4427 1689 4462 ⁸⁸¹
1707 4425 1759 4480 tect

118 4502 145 4556 2.
187 4501 221 4536 ⁸2²
237 4500 435 4555 bituricensem
452 4498 478 4554 3.
519 4500 553 4535 ⁸²⁸
567 4501 640 4556 deest
662 4502 688 4555 l.
728 4501 981 4577 ‘'lcorrcptionem
1005 4506 1031 4559 2.
1056 4507 1081 4561 3.
1121 4506 1155 4539 ‘³⁰
1170 4505 1321 4578 ingrannus
1342 4502 1369 4557 2.
1398 4502 1423 4556 3.
1467 4501 1500 4536 ⁴³¹
1517 4501 1589 4557 deest
1615 4502 1640 4556 i.
1681 4495 1756 4550 ‘'his·

102 4574 183 4636 ,dem
205 4574 230 4628 3.
250 4572 348 4628 iisdem
372 4572 399 4639 3,
433 4571 469 4606 ⁸³³
483 4570 517 4625 ad
540 4573 567 4627 2.
584 4572 611 4627 3.
651 4574 685 4608 ***
706 4582 880 4632 revertuntur
902 4581 928 4632 ct
942 4579 1050 4647 popina
1073 4580 1194 4647 sequenti
1222 4575 1428 4632 revertentesl.
1471 4571 1666 4627 iailudaurieo
1685 4567 1706 4624 2.
1727 4565 1755 4619 h·

120 4644 220 4770 dugico
238 4645 269 4771 ἓ
305 4646 339 4680 ⁸³⁷
355 4645 479 4720 ingresso
494 4643 521 4699 3.
572 4644 605 4678 ⁸³⁷
621 4644 734 4716 ungitur
753 4646 781 4703 2.
795 4649 820 4702 3.
861 4649 921 4703 ‘³⁸e
947 4663 971 4703 c.
1001 4649 1027 4704 3.
1070 4650 1105 4683 ⁸³⁹
1116 4647 1257 4721 lingonum
1277 4646 1303 4702 3.
1330 4645 1406 4721 llugo
1435 4642 1540 4713 Capito.
1567 4646 1645 4713 liupo
1674 4643 1699 4698 V.
1734 4633 1755 4671 ‘⁸‘

120 4731 153 4770 ns
174 4732 217 4772 em
258 4759 264 4772 .

893 4789 1000 4847 NOTAE.

119 4902 167 4959 riae
192 4900 372 4958 virdunensis
387 4900 518 4956 saeeulum
534 4900 692 4965 desemere,
708 4899 815 4971 atquin
839 4897 866 4952 in
881 4912 930 4952 ea·
979 4897 1085 4953 ordinis
1101 4897 1129 4952 in
1145 4897 1244 4954 eodem
1259 4895 1387 4953 coenohio
1402 4902 1430 4950 et
1442 4894 1471 4948 in
1486 4892 1654 4965 quibusdam
1666 4887 1755 4957 aliisptt

119 4975 182 5031 dem
197 4976 306 5031 civitate
322 4972 500 5047 congregatio
515 4974 710 5028 monachorum
733 4971 806 5026 nullu
822 4976 929 5026 erut-
979 4985 1094 5044 regnum
1112 4969 1289 5025 lothariense
1304 4973 1454 5038 reparatur.
1478 4991 1491 5014 υ

119 5048 146 5103 in
160 5047 277 5103 ecclesis
291 5045 365 5098 enim
380 5043 467 5100 sancti
488 5043 559 5098 Petri
580 5049 608 5098 et
623 5042 709 5098 sancti
725 5042 814 5097 Vitoni
835 5041 928 5097 clerici
1014 5044 1067 5113 rit)
1085 5041 1161 5116 llugo
1177 5040 1249 5095 Vird.
1272 5039 1377 5111 pergit:
1398 5059 1413 5088 α
1434 5038 1539 5092 herveo
1553 5034 1683 5115 episcopo
1696 5029 1755 5110 dccc·

119 5116 465 5175 deserviebant—Tullum
477 5115 583 5186 petiere
594 5111 927 5170 ctinmonasteriosancti
977 5115 1072 5181 dente,
1096 5112 1259 5168 Romundus
1284 5111 1336 5166 sub
1363 5108 1480 5166 hodullo
1507 5122 1572 5182 rege
1598 5106 1754 5185 substituunt·

120 5190 184 5262 Apri
199 5197 303 5245 mutato
318 5188 414 5242 habitu
425 5187 556 5242 saeculum
572 5186 700 5241 deserere
713 5192 740 5240 et
755 5183 862 5239 Christo
878 5184 928 5238 do·
977 5187 1025 5258 qui
1050 5185 1230 5241 colticensem
1260 5181 1397 5237 abhatiam
1425 5179 1582 5260 destruens,
1608 5176 1714 5233 uotum
1724 5180 1754 5225 θ’

119 5262 195 5316 miuo
210 5260 379 5332 incorporari
394 5265 425 5314 ut
440 5257 563 5312 membra
579 5255 671 5311 fidelia
686 5255 768 5327 capiti
783 5256 923 5311 studuere.
976 5266 1062 5313 strum
1089 5253 1275 5310 aedilicavitet
1294 5254 1453 5316 curensem,
1473 5249 1601 5331 similiter
1619 5248 1698 5303 Petro
1711 5253 1754 5314 pet·

119 5333 184 5396 Qure
208 5348 252 5386 res
276 5333 394 5387 irraximo
419 5337 478 5386 erat
495 5328 606 5384 moerori
626 5326 760 5399 pontilici,
783 5325 926 5382 canonicis
976 5337 1066 5384 tusum
1082 5325 1226 5391 exstruxit,
1242 5334 1269 5380 et
1285 5323 1348 5379 filiis
1362 5333 1389 5378 ct
1402 5322 1512 5377 filiabus
1527 5336 1586 5401 suis
1604 5318 1674 5375 hona
1689 5311 1754 5370 eccle·

119 5419 231 5476 quoque
246 5403 363 5458 residuis
377 5408 404 5457 et
419 5399 579 5472 proceribus
598 5399 705 5479 populi,
721 5399 785 5470 quia
800 5406 928 5470 optarent
976 5415 1079 5455 siarum
1095 5406 1123 5454 ct
1143 5405 1231 5452 eastra
1246 5413 1307 5468 quae
1323 5397 1424 5450 lecerat
1438 5392 1526 5449 dedit.
1542 5391 1590 5447 lhc
1618 5398 1677 5473 post
1692 5381 1754 5467 mult

119 5491 168 5531 cos
181 5475 273 5555 potius
284 5475 311 5528 iu
320 5474 418 5530 eodem
428 5470 550 5525 militare
560 5471 702 5596 episcogio
713 5486 793 5541 quam
806 5470 840 5524 ad
851 5468 927 5524 aliud
976 5473 1048 5526 mala
1061 5476 1166 5540 patrata
1184 5485 1200 5522 a
1219 5477 1313 5524 sancto
1329 5467 1445 5542 Georgio
1466 5463 1621 5537 flagellatus
1635 5466 1730 5518 intentu
1743 5466 1753 5497 t

118 5547 274 5619 demigrare
293 5544 376 5601 Bonis
388 5551 479 5599 tamen
489 5547 515 5597 et
526 5540 657 5596 lauduhili
680 5559 711 5597 us
722 5556 816 5597 corum
829 5539 928 5596 studiis
1013 5541 1067 5610 (73)
1086 5543 1183 5596 Fimcs.

119 5625 146 5675 et
174 5615 309 5688 exemplis
327 5615 424 5692 religio
451 5612 551 5686 regulae
578 5614 774 5670 monachorum
794 5621 823 5669 ct
838 5611 928 5670 fervor
