3840 6106
118 253 172 313 tlt)
672 242 855 304 subbochai
876 235 1027 302 cuderunt
1048 235 1224 300 badensis
1731 246 1783 302 420

118 378 273 452 inllosago,
289 391 304 429 a
320 373 505 449 liegemhaldo
527 372 648 445 quodam
665 372 797 444 pervasis,
819 371 1006 444 locatusget
1019 369 1107 442 stylus
1138 384 1235 440 purus,
1261 366 1389 440 simplex,
1417 367 1509 444 graiis
1536 376 1653 426 ornatus
1677 368 1785 427 fastidio

118 471 224 527 luisset.
239 467 326 522 Media
341 467 413 521 inter
427 466 540 540 negotia
568 464 713 521 historiam
728 462 856 518 Ecclesiae
872 462 925 517 lie-
978 464 1114 531 comptus,
1126 458 1225 531 arguit.

118 557 222 614 mensis
234 556 519 629 seribereaggressus,
539 553 671 609 subsidiis
685 551 811 622 undique
822 565 926 625 conge·
1012 550 1128 606 Perfecit
1156 559 1247 606 tamea
1277 550 1396 606 Annales
1423 551 1450 606 in
1480 551 1660 611 monasterio.
1690 566 1789 623 quose

117 647 177 714 stis,
188 645 327 717 praecipue
359 658 425 697 iero
452 641 557 697 chartis
578 641 606 695 iii
634 638 884 709 areiiirolibiisque
898 638 926 692 iii
977 639 1113 697 beneficio
1125 641 1252 714 deposito
1272 642 1426 699 monachus
1441 642 1623 715 (idimoique
1636 642 1814 719 abhastilh

118 735 288 792 bibliotheca
303 731 428 788 eeclesiae
444 731 601 797 asservatis,
632 745 702 801 opus
721 736 839 801 quatuor
851 727 928 782 libris
979 731 1084 787 iuturus
1099 732 1245 788 detulerat.
1262 733 1312 788 Ubi
1330 734 1468 803 eiusmodi
1491 735 1814 807 occupationibusszus

119 829 183 884 indo
194 828 228 882 ah
245 825 353 899 origine
368 825 513 879 Remorum
528 823 663 894 usquead
683 821 784 878 exitum
800 821 927 877 anni948
977 822 1087 895 diisque
1101 823 1226 878 deditum
1251 839 1314 880 eum
1342 839 1415 880 anno
1434 824 1487 880 952
1501 831 1547 879 aut
1558 823 1613 880 933
1627 824 1682 895 (22)
1698 823 1814 890 clei-ug

119 919 257 993 perduxit,
276 915 512 991 atquedagitaute
546 915 664 970 lieberto
695 914 855 969 Treverensi
884 930 928 968 ar·
978 921 1006 969 et
1027 914 1146 987 populus
1169 915 1403 972 Noviomensiset
1426 916 1608 973 Tornacensis
1624 915 1814 987 episcopum

118 1010 296 1082 eliiepiseopo
308 1008 478 1082 recognitum
494 1005 545 1061 hac
561 1005 614 1077 ipsi
629 1005 729 1060 dicavit
743 1005 859 1076 epistola
874 1020 881 1058 ε
978 1006 1031 1061 sibi
1046 1006 1206 1083 elegissent,
1221 1008 1315 1082 regius
1327 1017 1419 1066 tamen
1444 1008 1519 1064 lavor
1534 1009 1650 1063 minime
1666 1015 1809 1085 secutus,

156 1100 480 1167 cheminonenerahili,
499 1098 929 1168 ietc,(lloiieepistolamhuhes
980 1095 1081 1152 frustra
1096 1097 1233 1153 renitente
1253 1097 1408 1153 Flodoardo
1439 1097 1503 1169 (23).
1531 1098 1617 1152 alium
1651 1095 1803 1162 cathedra

119 1212 205 1266 supro
223 1197 351 1249 Historia
368 1193 493 1248 Ecclesia
507 1193 643 1246 Rmeasis
656 1191 824 1262 protinam.)
981 1186 1099 1256 pecunia
1114 1187 1204 1242 seneli
1237 1187 1390 1259 imposuit:
1407 1204 1461 1261 qua
1480 1189 1514 1244 de
1538 1204 1566 1244 re
1586 1188 1623 1243 ab
1650 1186 1792 1262 adaldago

156 1288 236 1342 bibio
253 1286 340 1357 primo
355 1282 495 1339 historiam
526 1282 655 1338 Ecclesiae
677 1283 809 1354 usquead
825 1280 931 1336 obitum
982 1273 1191 1346 archiepiscopo
1208 1275 1454 1352 hammaburgensi
1480 1277 1581 1332 litteris
1597 1276 1633 1332 ad
1648 1276 1782 1334 eumdatis

120 1388 148 1436 et
161 1379 367 1436 translationem
390 1376 477 1431 saneti
505 1374 632 1447 Remigii,
648 1374 929 1429 seeuiidosuceesso·
978 1362 1169 1419 9599113959
1187 1365 1304 1420 AElfllssm
1320 1365 1548 1438 igilUsEoelssSlae
1564 1365 1714 1420 Rssfflssnssss
1730 1381 1779 1435 Ple·

122 1487 166 1527 res
181 1469 267 1525 saneti
283 1467 400 1543 Remigii
427 1481 514 1538 iisque
531 1466 565 1520 ad
583 1465 768 1531 hincmarum,
784 1465 865 1520 tertio
885 1478 929 1518 res
979 1452 1074 1524 Sbylet
1087 1463 1115 1510 el
1126 1457 1255 1526 ptaeletttt's
1279 1473 1367 1529 penes
1394 1456 1534 1512 Attoldllm
1553 1455 1725 1528 exegitque
1739 1455 1775 1511 dt·

120 1567 254 1634 gestaset
275 1558 376 1628 scripta
406 1556 542 1611 lliucmari
563 1556 763 1628 archiepiscopi
791 1563 927 1622 recenset,
979 1541 1124 1612 Τΰῐῐῦῑθιθῑ
1157 1545 1332 1620 ¹¹¹¹ti⁰¹¹0tl¹¹i
1359 1555 1502 1619 599θῐῦῑθῦ
1520 1546 1775 1602 ⁰ffliss100fflffl0fll

121 1647 392 1720 quartoFuleonem,
419 1646 583 1713 lleriiaeum,
603 1645 724 1700 Seulfum
745 1644 927 1700 othitoldum
978 1641 1478 1714 cato,annosusipsecuineaeieiis
1496 1643 1623 1699 eeclesiae
1636 1640 1774 1705 canonicis,
1803 1640 1812 1673 l

43 1787 49 1797 .
120 1755 209 1810 usque
223 1739 257 1793 ad
271 1737 407 1808 synodum
424 1736 675 1811 lngelheimeusem
706 1743 844 1807 peractam
858 1733 925 1789 scri·
943 1701 1042 1804 Brege
1059 1732 1187 1789 lothorio
1202 1750 1264 1790 eum
1285 1735 1381 1809 regina
1395 1744 1483 1791 matre
1498 1741 1526 1790 et
1546 1733 1680 1788 Brunone
1694 1731 1775 1785 arehi-

119 1829 169 1885 hit.
186 1827 506 1903 Opusmagnohistoiiie
535 1827 639 1894 Galliis,
666 1826 926 1882 nonsotnmeoete·
976 1823 1107 1894 episcopo
1122 1823 1278 1879 Coloniensi
1307 1823 1475 1892 iacentibus,
1505 1822 1777 1896 Odelricum,llugo-

120 1917 304 1973 siasticaesed
321 1922 349 1972 et
368 1916 456 1971 civilis
480 1925 507 1971 et
531 1915 680 1984 litterariae,
708 1914 927 1971 eommodoedi·
977 1913 1178 1982 uiseujusdam
1198 1911 1421 1981 comitislilium,
1452 1913 1697 1984 archiepiscopum
1727 1912 1777 1965 ele·

121 2021 190 2077 tum,
206 2025 280 2075 oum,
295 2008 417 2065 lontibus
431 2008 532 2080 quibus
559 2017 655 2063 auctor
679 2024 747 2063 usus
766 2013 808 2062 est
826 2006 926 2078 deper·
976 2008 1017 2083 git
1035 2008 1098 2079 ffll·
1115 2008 1192 2064 drino
1215 2008 1343 2081 sequenti
1370 2009 1448 2064 senio
1476 2013 1644 2077 occupatum
1673 2022 1702 2060 se
1717 2021 1776 2060 seu·

121 2099 197 2167 ditis,
214 2098 347 2170 plurimas
375 2096 467 2172 magui
485 2096 617 2152 momenti
645 2095 805 2152 notitiasihi
823 2101 927 2150 tantum
978 2098 1051 2154 tiens
1063 2097 1129 2167 (25),
1146 2099 1377 2175 septuagenarius
1401 2113 1493 2154 coram
1520 2097 1620 2152 eodem
1637 2095 1778 2169 prelature

122 2189 448 2262 reperias;piaeeipuam
470 2195 561 2243 tamen
581 2202 612 2242 ea
628 2187 735 2242 ratione
750 2187 859 2242 laudem
874 2184 928 2239 sibi
978 2189 1164 2246 ministerium
1204 2189 1351 2255 abdicavit,
1380 2194 1408 2243 et
1433 2183 1619 2243 Ftodoaidum
1657 2191 1775 2256 nepotem

121 2282 149 2336 in
163 2281 276 2336 historia
292 2279 428 2335 llincmari
448 2287 475 2334 et
488 2279 617 2335 Falconis
645 2279 699 2351 (li)
715 2278 847 2345 vindieat,
859 2292 930 2350 quo·
979 2297 1166 2338 successorem
1182 2281 1209 2337 iii
1238 2296 1271 2336 ea
1285 2279 1401 2352 accepit.
1418 2277 1606 2344 Quadriennio
1622 2292 1679 2349 quo
1693 2290 1777 2347 super·

122 2387 182 2426 ium
194 2371 277 2426 rebus
290 2377 317 2426 et
344 2369 456 2440 scriptis
484 2369 665 2425 recensendis
677 2368 847 2440 precipiam
862 2382 929 2439 ope·
979 2373 1057 2442 viiii,
1082 2380 1162 2430 erate
1187 2373 1289 2429 tractus
1310 2380 1337 2429 et
1364 2369 1524 2428 infirmitate
1553 2369 1776 2433 attritusmerii,

123 2480 180 2520 ram
196 2463 345 2536 impendit;
362 2463 470 2535 reliqua
498 2479 626 2538 magnam
654 2469 796 2535 pertenet
815 2461 930 2516 Annali·
979 2467 1023 2522 vel
1037 2465 1183 2521 annalibus
1199 2465 1256 2520 suis
1282 2480 1384 2536 paucos
1408 2471 1514 2520 tantum
1530 2462 1620 2517 lineas
1635 2459 1742 2529 adiecit,
1755 2464 1775 2512 et

121 2556 173 2612 bus
184 2557 242 2612 suis
257 2555 374 2627 repetita
388 2554 516 2627 legimus.
544 2554 649 2620 Quibus
672 2554 785 2626 quidem
813 2553 879 2608 inde
894 2552 930 2606 ab
981 2572 1054 2612 anno
1070 2557 1182 2612 demum
1195 2556 1249 2611 966
1263 2576 1277 2605 a
1297 2555 1338 2611 vir
1350 2556 1413 2611 vitae
1440 2552 1623 2619 venerabilis,
1639 2547 1774 2606 sanctitatis

122 2654 291 2719 eotempore
319 2646 393 2701 haud
425 2645 610 2702 intermissam
638 2661 749 2717 operam
780 2661 931 2717 curamque
981 2647 1088 2701 honore
1099 2645 1284 2712 venerandus,
1308 2643 1442 2700 eastitatis
1464 2637 1616 2713 splendore
1636 2638 1772 2714 angelicus,

124 2738 250 2794 adhibuit
268 2738 345 2809 (tsi;
375 2736 538 2808 mediasque
570 2737 642 2793 inter
668 2753 711 2792 res
739 2746 766 2793 et
781 2737 808 2791 iii
832 2752 932 2811 magna
982 2733 1383 2811 fulgoresapientiaeerelicus,
1409 2740 1629 2801 ceterarumque
1657 2728 1771 2783 uirtutuii

124 2845 216 2885 rerum
247 2844 296 2901 per
328 2827 427 2884 Gallias
459 2828 644 2884 commotione
677 2829 801 2885 oculatus
831 2829 930 2895 testis,
982 2826 1137 2899 insignibus
1156 2824 1330 2880 abundanter
1352 2821 1490 2894 oppletus,
1511 2819 1631 2875 dictator
1648 2814 1770 2890 egregins.

125 2936 252 2995 regnum,
273 2920 428 2991 principum
453 2921 630 2992 timeumque
652 2929 699 2976 aut
728 2921 853 2976 doctrina
886 2927 933 2976 aut
981 2917 1146 2973 vllalendiis
1171 2917 1271 2989 Aprilis
1298 2922 1414 2971 terrenae
1442 2909 1677 2988 peregrinationis
1703 2908 1770 2962 relin-

124 3020 261 3086 potestate
276 3029 326 3085 per
345 3012 457 3069 Galliam
473 3020 502 3069 et
525 3013 697 3069 Germaniam
714 3014 769 3085 (te)
784 3013 931 3069 illustrium
982 3026 1071 3082 quens
1081 3009 1189 3077 exsilia,
1203 3009 1290 3065 eiriea
1306 3015 1336 3064 ut
1351 3005 1490 3062 credimus
1500 3004 1621 3075 adeptus
1636 3000 1766 3070 estium»

35 3100 41 3121 ’“
125 3105 290 3162 commercio
319 3104 392 3158 haud
419 3105 537 3172 alienus,
562 3104 850 3177 quieveramsuiaevi
868 3104 933 3159 ima·
983 3100 1158 3174 Epitaphium
1182 3100 1217 3155 ad
1245 3098 1330 3154 finem
1350 3097 1455 3154 codicis
1482 3095 1648 3158 carminum,
1676 3090 1767 3160 abipsa

125 3198 218 3268 giaem
234 3197 352 3267 posteris
366 3197 734 3272 redderentdiligentissime
750 3197 883 3264 enotavit,
900 3212 933 3253 ea
946 3170 972 3240 C
984 3197 1099 3254 fortasse
1108 3194 1303 3266 compositum,
1319 3192 1358 3249 ita
1370 3193 1470 3248 habet:

126 3284 234 3341 scilieet
249 3283 315 3352 fide,
332 3301 385 3356 qua
400 3285 488 3341 sirum
515 3287 602 3357 pium,
626 3285 774 3342 candidum
803 3293 831 3342 et
846 3303 861 3341 a
874 3287 934 3342 sio·
955 3295 963 3306 ·
1015 3289 1060 3339 llic
1067 3288 1257 3354 jaretindignus
1269 3286 1424 3338 Ftodoardus
1438 3285 1532 3335 honore
1547 3281 1670 3341 sacerdos,

128 3371 428 3444 lentopartumstu'dio
456 3374 574 3429 alienum
591 3375 682 3439 decet,
715 3375 827 3447 qualem
849 3373 934 3430 fuisse
1045 3369 1558 3439 nihtereispeeianseoetiiussindesi,

125 3486 253 3542 lctaldus
274 3485 368 3558 episeo
390 3501 422 3540 us
436 3486 541 3541 dudum
562 3486 687 3543 Conrado
702 3485 765 3542 duci
786 3485 934 3542 commise·
984 3489 1177 3562 supplicatque
1193 3503 1227 3543 ne
1242 3486 1384 3544 sceleratis
1407 3486 1453 3542 hie
1477 3499 1524 3540 rex
1551 3482 1764 3556 adquiescoteou

126 3564 186 3612 rat:
203 3573 272 3630 quas
285 3557 332 3613 ille
365 3504 543 3631 gagenhaldo
563 3557 672 3614 cuidam
696 3572 808 3613 auorum
822 3558 935 3632 delege—
984 3561 1063 3630 siliis,
1081 3562 1131 3617 sed
1144 3561 1311 3615 misereatur
1333 3558 1423 3634 gentis
1434 3556 1529 3625 liujus,
1544 3562 1573 3611 et
1600 3554 1674 3624 regio
1692 3561 1763 3626 getth

125 3629 274 3694 veratilui
303 3629 500 3703 Rageuhaldus
524 3629 686 3685 earumdem
716 3644 806 3684 rerum
820 3628 934 3685 colonos
984 3632 1129 3689 subveniat
1149 3631 1300 3697 decidenti,
1332 3636 1474 3704 satagens,
1500 3636 1531 3682 ut
1555 3626 1584 3681 iu
1609 3624 1706 3681 diebus
1728 3630 1765 3675 sus

126 3699 371 3775 valdeellligehat.
397 3700 452 3782 lpsi
481 3716 546 3756 veto
563 3716 612 3772 pro
633 3698 785 3755 asilietioue
798 3715 934 3772 suasrepe
984 3703 1104 3788 dignitas
1122 3702 1309 3759 successionis
1330 3717 1387 3756 suae
1410 3699 1566 3764 roboretur,
1587 3704 1616 3753 et
1643 3694 1671 3751 hi
1694 3703 1763 3771 quiet

125 3769 160 3825 ad
171 3778 295 3827 sanetum
310 3770 464 3846 Remigium
484 3772 650 3838 clamabant,
668 3770 759 3826 Remis
778 3768 933 3836 venientes,
984 3776 1075 3831 alieno
1091 3790 1195 3849 genere
1220 3789 1299 3848 reges
1327 3773 1482 3839 exstabant,
1502 3770 1545 3824 rel
1561 3767 1679 3823 existere
1695 3774 1764 3834 eupit·

125 3842 255 3913 etipsius
273 3841 381 3914 patroni
410 3843 453 3899 sui
483 3843 635 3914 patrocinia
665 3842 842 3915 requirentes
882 3843 934 3900 Pro
984 3847 1063 3911 bant,
1080 3838 1764 3917 nonpraei’alerentcontraeosquibuseigeittt

126 3928 181 3983 que
195 3930 226 3970 re
241 3929 331 3985 nuper
345 3929 419 3970 anno
445 3915 594 3985 praeterito,
620 3930 682 3968 cum
696 3930 761 3995 rege
781 3913 887 3969 othone
907 3921 935 3970 et
985 3921 1075 3975 honor
1090 3917 1181 3988 regius
1194 3916 1356 3971 debebatur.
1372 3937 1385 3961 n
1718 3956 1720 3960 >

126 3984 240 4056 praelato
256 3984 685 4057 duceloeutisumus,quandod
705 3985 791 4039 uisad
805 3985 934 4041 eumdem
1021 3988 1067 4062 (t8
1087 3988 1229 4059 Praecipue
1242 3985 1372 4058 usquead
1384 4000 1486 4040 annum
1499 3982 1562 4039 stt.

126 4070 221 4137 ‚mitem
233 4055 310 4111 missi
329 4055 442 4112 suimus·
464 4054 517 4109 Sed
546 4063 577 4109 ut
595 4055 668 4110 idem
686 4002 934 4130 iagfflbaldutab
1020 3990 1078 4131 (¹93
1095 4059 1217 4130 Exempli
1232 4055 1449 4133 gratiallodullo
1462 4051 1635 4116 Trererensi,
1652 4047 1763 4117 lditlip

126 4141 248 4197 ipsarum
282 4142 374 4182 rerum
407 4125 564 4196 direptione
597 4126 754 4192 desisteret,
787 4126 934 4196 impetrare
985 4127 1461 4206 hammaburgensiarchiepiscopo,
1481 4116 1764 4188 dnnoneabbatelltt·

128 4197 314 4269 nequivimus.
334 4196 411 4252 Unde
431 4196 643 4268 contigithorno
664 4196 779 4267 [codop.
794 4198 865 4254 cito.
882 4199 935 4254 lioc
985 4204 1073 4259 debui
1092 4217 1170 4267 ense,
1190 4208 1285 4272 postea
1303 4199 1435 4271 episcopo
1461 4194 1670 4252 wormaciensi.
1685 4193 1764 4272 [le‘qtt

127 4269 224 4340 anno],
245 4276 275 4323 ut
289 4269 356 4322 ilum
371 4266 491 4339 quodam
505 4266 622 4322 sabbato
645 4268 760 4322 eosdem
775 4267 888 4323 colonos
899 4270 933 4324 ad
986 4274 1045 4330 ilisa
1069 4220 1145 4329 gem.
1161 4289 1180 4340 i,
1195 4274 1222 4340 t,
1246 4273 1305 4327 haee
1319 4270 1448 4326 referta
1467 4269 1540 4324 Beati
1567 4266 1689 4338 denique
1700 4263 1765 4318 liiiio

126 4352 198 4408 opus
222 4338 360 4411 quoddam
395 4337 582 4412 peragendum
602 4348 785 4413 congregatos
809 4337 931 4409 liaberet,
985 4346 1129 4413 tlieiossa,
1149 4360 1198 4400 rex
1228 4342 1300 4407 Otto,
1322 4340 1492 4397 eoncedente
1523 4328 1764 4401 Artaldoarchiepi·

127 4411 347 4482 9699996999119
375 4409 548 4481 96939996),
574 4424 608 4464 ¹¹⁰
631 4409 710 4479 Signa
736 4408 932 4481 vespertinalia
960 4395 1078 4487 lseopo,
1097 4415 1238 4471 transferri
1254 4412 1317 4470 iecit
1333 4413 1361 4467 in
1380 4411 1538 4476 Sanamem,
1555 4416 1585 4464 et
1595 4402 1765 4465 monasteriis

127 4495 315 4564 ,9869896060
338 4486 447 4536 melem
468 4480 600 4551 pulsaret,
627 4482 762 4552 operique
791 4481 933 4552 implendo
986 4487 1181 4543 moiiaeliorum
1196 4485 1223 4540 iii
1248 4486 1308 4554 ejus
1330 4483 1449 4539 instituit
1459 4483 1575 4538 honore.
1593 4480 1622 4534 lu
1638 4493 1691 4551 qua
1703 4482 1766 4531 tiam

127 4559 279 4615 insisteret,
296 4558 486 4622 percuteretur
499 4566 661 4622 percussore
685 4551 783 4607 inviso.
801 4552 850 4617 Qui
868 4552 933 4609 dum
985 4558 1088 4615 latione
1100 4558 1185 4614 mulia
1201 4557 1270 4612 mira
1291 4555 1416 4611 feruntur
1435 4562 1555 4609 ostensa.
1584 4548 1765 4606 Namnetum

126 4625 282 4697 mimmii
301 4623 363 4695 quis
387 4623 657 4694 ⁰¹¹fflll⁰f01138588012
683 4638 833 4696 omnesque
849 4639 878 4679 se
889 4625 934 4681 ri·
985 4639 1050 4686 tune
1077 4627 1172 4697 abbas,
1205 4644 1280 4683 nuuc
1299 4627 1457 4698 opiscopus,
1482 4623 1551 4685 inihi
1585 4621 1764 4692 retulissem

129 4691 204 4752 disse
218 4703 363 4768 negarent.
397 4692 477 4750 iuriis
505 4695 668 4766 exagitatus,
698 4710 809 4750 sensum
830 4695 934 4765 amisit,
985 4701 1175 4756 eademsaera
1202 4699 1320 4773 pignora
1351 4697 1481 4752 translata
1508 4700 1584 4762 sunt,
1612 4684 1765 4764 praeteritis

126 4767 300 4840 pariterque
314 4774 437 4832 vexatus,
471 4765 760 4838 spiritumexhalaiit.
781 4766 839 4831 Quo
858 4782 935 4823 com·
1005 4771 1211 4836 luraremedia,
1240 4769 1387 4826 duodeeim
1417 4768 1488 4822 inter
1513 4764 1628 4821 claudos
1652 4765 1765 4833 eiceret

147 4845 216 4906 erto,
241 4838 297 4893 dua
322 4837 463 4893 conradus
485 4836 600 4892 nimium
624 4836 735 4892 territus
753 4836 787 4892 ad
808 4844 932 4894 sanetum
984 4789 1061 4898 Puero
1074 4843 1160 4898 curati
1190 4842 1408 4912 Beatusquoque
1423 4835 1591 4911 Apollinaris
1604 4833 1709 4892 ossibus
1725 4835 1764 4902 sut

126 4860 280 4978 Remigium
295 4908 382 4975 venit,
398 4909 480 4981 eique
491 4907 622 4980 iesipsas
633 4907 764 4974 reddidit,
780 4925 849 4981 quas
865 4926 933 4981 prae-
985 4914 1013 4969 in
1047 4913 1201 4970 orbacense
1231 4911 1428 4967 monisterium
1466 4907 1618 4973 translatis,
1651 4894 1764 4961 nonnullis

127 4983 230 5040 missus
245 4980 345 5051 pricsul
360 4980 486 5035 artaldus
501 4978 646 5035 llinemaro
667 4979 804 5036 abbatiae
826 4980 933 5037 caeteris
985 4984 1055 5040 inibi
1069 4984 1167 5041 llorere
1177 4991 1318 5055 spectatur
1328 4981 1475 5053 gratiarum
1491 4978 1683 5053 insignibusi
1732 5037 1738 5048 .

126 5052 272 5110 monachis
285 5051 319 5106 ad
335 5051 562 5122 supplementum
580 5051 669 5107 vietus
682 5050 815 5105 attribuit.
835 5075 847 5098 η
1020 5055 1075 5127 (20)
1091 5055 1222 5130 pdapdqgj
1251 5053 1348 5109 iiim
1375 5052 1448 5124 apud
1473 5049 1666 5107 colvenerium
1678 5046 1703 5101 in
1715 5038 1762 5097 ilist-

162 5122 372 5196 (l'lllnlitteris
394 5121 524 5178 Fuleouis
552 5122 586 5177 ad
616 5121 759 5177 druuliam
788 5121 855 5246 imp.
884 5136 933 5194 pro
984 5128 1123 5183 heniensi.

128 5195 224 5254 Coreto
240 5194 371 5266 Simpliee
394 5210 459 5268 rege
479 5195 537 5250 haee
558 5194 642 5248 etiarn
670 5191 772 5262 scripta
799 5208 827 5247 re
840 5201 881 5247 ert
897 5209 934 5261 iv,
1020 5199 1075 5269 (21)
1104 5198 1196 5253 Atinas
1220 5196 1304 5253 tuisse
1327 5195 1446 5263 videtur,
1463 5209 1509 5249 an.
1529 5191 1584 5249 962
1598 5191 1634 5248 de
1648 5184 1762 5264 praelitutt

127 5283 151 5324 o.
164 5267 203 5322 5:
223 5265 478 5331 «Adneotitetiam,
504 5263 577 5336 quod
593 5263 623 5318 in
639 5262 768 5319 omnibus
785 5279 935 5339 penegen-
985 5269 1111 5340 deposita
1121 5270 1257 5325 scribens.
1733 5319 1737 5330 ¹

126 5339 199 5395 tibus
226 5344 324 5395 notum
348 5334 440 5402 luerit,
465 5341 577 5409 gentem
602 5334 768 5389 Francorum
795 5350 876 5410 reges
902 5350 935 5391 ex
1023 5341 1078 5422 (22)
1111 5341 1178 5396 Vide
1204 5339 1271 5395 Gall.
1303 5337 1402 5394 christ.
1432 5336 1499 5394 edit,
1528 5335 1547 5391 Ξ
1577 5335 1663 5407 episc.
1690 5329 1761 5385 lloiit·

45 5446 51 5457 ι’
126 5408 305 5467 successione
315 5406 420 5462 habere
434 5405 623 5472 consuevisse,
636 5403 871 5476 proferenssuper
883 5406 937 5463 lioc
987 5427 1099 5467 mensis,

124 5479 316 5538 testimonium
330 5477 404 5534 heiti
419 5476 543 5549 Gregorii
564 5490 653 5546 papae.
667 5475 787 5544 Subjieit
806 5476 888 5533 otiam
903 5492 936 5533 ex
1023 5483 1079 5553 (23)
1096 5481 1131 5537 [31
1146 5481 1277 5556 adeldagi
1290 5481 1400 5538 litteris,

125 5552 206 5609 libris
215 5547 375 5606 Teutonieis
397 5548 432 5603 de
460 5562 524 5620 rege
549 5546 679 5617 quodam,
697 5547 875 5604 hermenrico
885 5563 936 5604 no·
1033 5553 1304 5624 stiliconem,

126 5623 214 5691 mine,
228 5620 275 5693 qui
291 5633 402 5676 omnem
418 5617 580 5700 progeniem
605 5631 681 5674 suam
704 5619 786 5675 morti
813 5618 937 5675 destina·
1034 5624 1081 5693 us)
1095 5624 1134 5680 lb.
1151 5641 1195 5679 aii.
1212 5624 1274 5681 963.

127 5694 199 5749 verit
229 5691 321 5764 impiis
350 5689 475 5746 consiliis
506 5703 667 5760 cuiusquam
697 5691 847 5747 consiliarii
880 5691 935 5764 sui,
