<?xml version="1.0" encoding="UTF-8"?>
<!DOCTYPE html PUBLIC "-//W3C//DTD XHTML 1.0 Transitional//EN"
    "http://www.w3.org/TR/xhtml1/DTD/xhtml1-transitional.dtd">
<html xmlns="http://www.w3.org/1999/xhtml" xml:lang="en" lang="en">
 <head>
  <title>
</title>
<meta http-equiv="Content-Type" content="text/html;charset=utf-8" />
  <meta name='ocr-system' content='tesseract 3.04.00' />
  <meta name='ocr-capabilities' content='ocr_page ocr_carea ocr_par ocr_line ocrx_word'/>
</head>
<body>
  <div class='ocr_page' id='page_1' title='image "./patrologiaecurs08migngoog/patrologiaecurs08migngoog_0279.png"; bbox 0 0 3840 6106; ppageno 0'>
   <div class='ocr_carea' id='block_1_1' title="bbox 121 182 1779 251">
    <p class='ocr_par' dir='ltr' id='par_1_1' title="bbox 121 182 1779 251">
     <span class='ocr_line' id='line_1_1' title="bbox 121 182 1779 251; baseline 0.007 -12"><span class='ocrx_word' id='word_1_1' title='bbox 121 182 171 240; x_wconf 78' lang='lat' dir='ltr'>aet</span> <span class='ocrx_word' id='word_1_2' title='bbox 501 184 686 244; x_wconf 78' lang='lat' dir='ltr'>rnooetnut</span> <span class='ocrx_word' id='word_1_3' title='bbox 706 186 858 245; x_wconf 74' lang='lat' dir='ltr'>cruentet</span> <span class='ocrx_word' id='word_1_4' title='bbox 878 188 1046 246; x_wconf 73' lang='lat' dir='ltr'>nemausis</span> <span class='ocrx_word' id='word_1_5' title='bbox 1066 188 1233 248; x_wconf 76' lang='lat' dir='ltr'>causante</span> <span class='ocrx_word' id='word_1_6' title='bbox 1251 189 1407 248; x_wconf 75' lang='lat' dir='ltr'>hernica.</span> <span class='ocrx_word' id='word_1_7' title='bbox 1733 195 1779 251; x_wconf 73' lang='lat' dir='ltr'>tici</span> 
     </span>
    </p>
   </div>
   <div class='ocr_carea' id='block_1_2' title="bbox 122 308 789 659">
    <p class='ocr_par' dir='ltr' id='par_1_2' title="bbox 122 308 789 659">
     <span class='ocr_line' id='line_1_2' title="bbox 122 308 708 382; baseline 0.009 -17"><span class='ocrx_word' id='word_1_8' title='bbox 122 308 246 366; x_wconf 89' lang='lat' dir='ltr'>loterimi</span> <span class='ocrx_word' id='word_1_9' title='bbox 262 324 314 366; x_wconf 89' lang='lat' dir='ltr'>nec</span> <span class='ocrx_word' id='word_1_10' title='bbox 327 309 421 367; x_wconf 89' lang='lat' dir='ltr'>seduci</span> <span class='ocrx_word' id='word_1_11' title='bbox 441 310 548 369; x_wconf 81' lang='lat' dir='ltr'><strong>vincive</strong></span> <span class='ocrx_word' id='word_1_12' title='bbox 565 313 708 382; x_wconf 81' lang='lat' dir='ltr'>valebant3</span> 
     </span>
     <span class='ocr_line' id='line_1_3' title="bbox 122 401 789 479; baseline 0.009 -23"><span class='ocrx_word' id='word_1_13' title='bbox 122 401 264 458; x_wconf 83' lang='lat' dir='ltr'>Terrorem</span> <span class='ocrx_word' id='word_1_14' title='bbox 275 403 348 478; x_wconf 83' lang='lat' dir='ltr'>regis</span> <span class='ocrx_word' id='word_1_15' title='bbox 358 419 506 474; x_wconf 87' lang='lat' dir='ltr'>puerorum</span> <span class='ocrx_word' id='word_1_16' title='bbox 523 414 635 477; x_wconf 79' lang='lat' dir='ltr'>pectora</span> <span class='ocrx_word' id='word_1_17' title='bbox 650 405 789 479; x_wconf 78' lang='lat' dir='ltr'>frangunt,</span> 
     </span>
     <span class='ocr_line' id='line_1_4' title="bbox 123 494 759 573; baseline 0.009 -25"><span class='ocrx_word' id='word_1_18' title='bbox 123 494 214 549; x_wconf 87' lang='lat' dir='ltr'>llnnia</span> <span class='ocrx_word' id='word_1_19' title='bbox 229 510 281 550; x_wconf 87' lang='lat' dir='ltr'>nec</span> <span class='ocrx_word' id='word_1_20' title='bbox 294 494 375 571; x_wconf 76' lang='lat' dir='ltr'>legis,</span> <span class='ocrx_word' id='word_1_21' title='bbox 385 498 515 554; x_wconf 87' lang='lat' dir='ltr'>tormenti</span> <span class='ocrx_word' id='word_1_22' title='bbox 536 498 663 554; x_wconf 88' lang='lat' dir='ltr'>machina</span> <span class='ocrx_word' id='word_1_23' title='bbox 677 497 759 573; x_wconf 80' lang='lat' dir='ltr'>fregit</span> 
     </span>
     <span class='ocr_line' id='line_1_5' title="bbox 122 584 786 659; baseline 0.008 -17"><span class='ocrx_word' id='word_1_24' title='bbox 122 584 208 651; x_wconf 83' lang='lat' dir='ltr'>Quem</span> <span class='ocrx_word' id='word_1_25' title='bbox 216 585 329 643; x_wconf 80' lang='lat' dir='ltr'>vincunt</span> <span class='ocrx_word' id='word_1_26' title='bbox 338 587 417 658; x_wconf 86' lang='lat' dir='ltr'>pueri</span> <span class='ocrx_word' id='word_1_27' title='bbox 427 587 555 645; x_wconf 89' lang='lat' dir='ltr'>barbatos</span> <span class='ocrx_word' id='word_1_28' title='bbox 565 589 670 647; x_wconf 83' lang='lat' dir='ltr'>uicerat</span> <span class='ocrx_word' id='word_1_29' title='bbox 678 590 786 659; x_wconf 62' lang='lat' dir='ltr'>hostem</span> 
     </span>
    </p>
   </div>
   <div class='ocr_carea' id='block_1_3' title="bbox 941 316 1634 392">
    <p class='ocr_par' dir='ltr' id='par_1_3' title="bbox 941 316 1634 392">
     <span class='ocr_line' id='line_1_6' title="bbox 941 316 1634 392; baseline -0.001 -19"><span class='ocrx_word' id='word_1_30' title='bbox 941 317 1114 391; x_wconf 71' lang='lat' dir='ltr'>Allictorem</span> <span class='ocrx_word' id='word_1_31' title='bbox 1130 333 1225 392; x_wconf 77' lang='lat' dir='ltr'>regum</span> <span class='ocrx_word' id='word_1_32' title='bbox 1236 323 1349 391; x_wconf 87' lang='lat' dir='ltr'>superat</span> <span class='ocrx_word' id='word_1_33' title='bbox 1359 316 1493 390; x_wconf 88' lang='lat' dir='ltr'>patientia</span> <span class='ocrx_word' id='word_1_34' title='bbox 1508 316 1634 375; x_wconf 81' lang='lat' dir='ltr'>fratrum.</span> 
     </span>
    </p>
   </div>
   <div class='ocr_carea' id='block_1_4' title="bbox 979 409 1707 667">
    <p class='ocr_par' dir='ltr' id='par_1_4' title="bbox 979 409 1707 667">
     <span class='ocr_line' id='line_1_7' title="bbox 980 409 1707 484; baseline 0.001 -20"><span class='ocrx_word' id='word_1_35' title='bbox 980 409 1055 465; x_wconf 86' lang='lat' dir='ltr'>Haud</span> <span class='ocrx_word' id='word_1_36' title='bbox 1069 410 1181 466; x_wconf 93' lang='lat' dir='ltr'>dubium</span> <span class='ocrx_word' id='word_1_37' title='bbox 1193 410 1314 484; x_wconf 79' lang='lat' dir='ltr'>prolege</span> <span class='ocrx_word' id='word_1_38' title='bbox 1328 410 1375 465; x_wconf 91' lang='lat' dir='ltr'>Dei</span> <span class='ocrx_word' id='word_1_39' title='bbox 1391 410 1465 483; x_wconf 91' lang='lat' dir='ltr'>qnod</span> <span class='ocrx_word' id='word_1_40' title='bbox 1478 411 1553 466; x_wconf 83' lang='lat' dir='ltr'>coede</span> <span class='ocrx_word' id='word_1_41' title='bbox 1568 411 1707 482; x_wconf 76' lang='lat' dir='ltr'>perempti</span> 
     </span>
     <span class='ocr_line' id='line_1_8' title="bbox 979 502 1648 578; baseline 0.003 -23"><span class='ocrx_word' id='word_1_42' title='bbox 979 502 998 555; x_wconf 79' lang='lat' dir='ltr'>t</span> <span class='ocrx_word' id='word_1_43' title='bbox 1019 502 1139 559; x_wconf 90' lang='lat' dir='ltr'>Domino</span> <span class='ocrx_word' id='word_1_44' title='bbox 1154 502 1225 578; x_wconf 82' lang='lat' dir='ltr'>legis</span> <span class='ocrx_word' id='word_1_45' title='bbox 1239 502 1350 574; x_wconf 84' lang='lat' dir='ltr'>capient</span> <span class='ocrx_word' id='word_1_46' title='bbox 1364 502 1411 575; x_wconf 90' lang='lat' dir='ltr'>pia</span> <span class='ocrx_word' id='word_1_47' title='bbox 1426 502 1541 574; x_wconf 72' lang='lat' dir='ltr'>praemia</span> <span class='ocrx_word' id='word_1_48' title='bbox 1554 502 1648 570; x_wconf 92' lang='lat' dir='ltr'>morti,</span> 
     </span>
     <span class='ocr_line' id='line_1_9' title="bbox 980 593 1682 667; baseline 0.004 -19"><span class='ocrx_word' id='word_1_49' title='bbox 980 593 1128 652; x_wconf 87' lang='lat' dir='ltr'>Sumentes</span> <span class='ocrx_word' id='word_1_50' title='bbox 1142 611 1249 667; x_wconf 89' lang='lat' dir='ltr'>roseas,</span> <span class='ocrx_word' id='word_1_51' title='bbox 1265 595 1370 653; x_wconf 83' lang='lat' dir='ltr'>Christo</span> <span class='ocrx_word' id='word_1_52' title='bbox 1391 595 1541 664; x_wconf 84' lang='lat' dir='ltr'>tribuente,</span> <span class='ocrx_word' id='word_1_53' title='bbox 1555 610 1682 653; x_wconf 89' lang='lat' dir='ltr'>coronas.</span> 
     </span>
    </p>
   </div>
   <div class='ocr_carea' id='block_1_5' title="bbox 782 713 1116 892">
    <p class='ocr_par' dir='ltr' id='par_1_5' title="bbox 782 713 1116 892">
     <span class='ocr_line' id='line_1_10' title="bbox 873 713 1035 770; baseline 0.006 -1"><span class='ocrx_word' id='word_1_54' title='bbox 873 713 979 770; x_wconf 73' lang='lat' dir='ltr'>CAPUT</span> <span class='ocrx_word' id='word_1_55' title='bbox 1002 715 1035 770; x_wconf 90' lang='lat' dir='ltr'>ll.</span> 
     </span>
     <span class='ocr_line' id='line_1_11' title="bbox 782 813 1116 892; baseline 0.003 -20"><span class='ocrx_word' id='word_1_56' title='bbox 782 813 820 872; x_wconf 86' lang='lat' dir='ltr'>De</span> <span class='ocrx_word' id='word_1_57' title='bbox 841 813 940 891; x_wconf 79' lang='lat' dir='ltr'>Apoho</span> <span class='ocrx_word' id='word_1_58' title='bbox 959 815 1116 892; x_wconf 80' lang='lat' dir='ltr'>propheto.</span> 
     </span>
    </p>
   </div>
   <div class='ocr_carea' id='block_1_6' title="bbox 122 916 876 1534">
    <p class='ocr_par' dir='ltr' id='par_1_6' title="bbox 122 916 844 1086">
     <span class='ocr_line' id='line_1_12' title="bbox 122 916 844 993; baseline 0.007 -21"><span class='ocrx_word' id='word_1_59' title='bbox 122 916 171 973; x_wconf 89' lang='lat' dir='ltr'>llic</span> <span class='ocrx_word' id='word_1_60' title='bbox 185 916 270 992; x_wconf 71' lang='lat' dir='ltr'>agabi</span> <span class='ocrx_word' id='word_1_61' title='bbox 286 917 393 990; x_wconf 91' lang='lat' dir='ltr'>pollent</span> <span class='ocrx_word' id='word_1_62' title='bbox 405 920 492 976; x_wconf 90' lang='lat' dir='ltr'>sancti</span> <span class='ocrx_word' id='word_1_63' title='bbox 507 921 844 993; x_wconf 66' lang='lat' dir='ltr'>osonumcntaprophctae,</span> 
     </span>
     <span class='ocr_line' id='line_1_13' title="bbox 123 1009 734 1086; baseline 0.005 -24"><span class='ocrx_word' id='word_1_64' title='bbox 123 1009 210 1082; x_wconf 84' lang='lat' dir='ltr'>Inque</span> <span class='ocrx_word' id='word_1_65' title='bbox 226 1010 287 1068; x_wconf 90' lang='lat' dir='ltr'>rudi</span> <span class='ocrx_word' id='word_1_66' title='bbox 302 1016 473 1078; x_wconf 86' lang='lat' dir='ltr'>testamento,</span> <span class='ocrx_word' id='word_1_67' title='bbox 488 1010 532 1066; x_wconf 90' lang='lat' dir='ltr'>eui</span> <span class='ocrx_word' id='word_1_68' title='bbox 548 1011 734 1086; x_wconf 78' lang='lat' dir='ltr'>qratiavntum</span> 
     </span>
    </p>

    <p class='ocr_par' dir='ltr' id='par_1_7' title="bbox 122 1100 721 1169">
     <span class='ocr_line' id='line_1_14' title="bbox 122 1100 721 1169; baseline 0 -13"><span class='ocrx_word' id='word_1_69' title='bbox 122 1100 226 1157; x_wconf 85' lang='lat' dir='ltr'>Enituit</span> <span class='ocrx_word' id='word_1_70' title='bbox 240 1108 374 1169; x_wconf 80' lang='lat' dir='ltr'>veterum,</span> <span class='ocrx_word' id='word_1_71' title='bbox 387 1101 462 1158; x_wconf 85' lang='lat' dir='ltr'>claro</span> <span class='ocrx_word' id='word_1_72' title='bbox 472 1108 586 1158; x_wconf 87' lang='lat' dir='ltr'>ventura</span> <span class='ocrx_word' id='word_1_73' title='bbox 601 1101 721 1158; x_wconf 89' lang='lat' dir='ltr'>canenti.</span> 
     </span>
    </p>

    <p class='ocr_par' dir='ltr' id='par_1_8' title="bbox 123 1189 768 1263">
     <span class='ocr_line' id='line_1_15' title="bbox 123 1189 768 1263; baseline 0.003 -18"><span class='ocrx_word' id='word_1_74' title='bbox 123 1190 172 1245; x_wconf 91' lang='lat' dir='ltr'>llle</span> <span class='ocrx_word' id='word_1_75' title='bbox 187 1189 287 1246; x_wconf 88' lang='lat' dir='ltr'>samem</span> <span class='ocrx_word' id='word_1_76' title='bbox 303 1191 397 1247; x_wconf 88' lang='lat' dir='ltr'>multis</span> <span class='ocrx_word' id='word_1_77' title='bbox 412 1191 574 1263; x_wconf 82' lang='lat' dir='ltr'>praedixerat</span> <span class='ocrx_word' id='word_1_78' title='bbox 589 1199 652 1246; x_wconf 79' lang='lat' dir='ltr'>erite</span> <span class='ocrx_word' id='word_1_79' title='bbox 669 1190 768 1247; x_wconf 85' lang='lat' dir='ltr'>dicbus</span> 
     </span>
    </p>

    <p class='ocr_par' dir='ltr' id='par_1_9' title="bbox 122 1279 876 1534">
     <span class='ocr_line' id='line_1_16' title="bbox 122 1279 876 1353; baseline 0.003 -20"><span class='ocrx_word' id='word_1_80' title='bbox 122 1279 187 1344; x_wconf 77' lang='lat' dir='ltr'>Qum</span> <span class='ocrx_word' id='word_1_81' title='bbox 201 1280 300 1352; x_wconf 83' lang='lat' dir='ltr'>pressit</span> <span class='ocrx_word' id='word_1_82' title='bbox 314 1287 412 1345; x_wconf 89' lang='lat' dir='ltr'>totum,</span> <span class='ocrx_word' id='word_1_83' title='bbox 429 1280 606 1353; x_wconf 75' lang='lat' dir='ltr'>regnandum</span> <span class='ocrx_word' id='word_1_84' title='bbox 622 1280 762 1348; x_wconf 84' lang='lat' dir='ltr'>Claudius,</span> <span class='ocrx_word' id='word_1_85' title='bbox 780 1281 876 1337; x_wconf 90' lang='lat' dir='ltr'>orbem</span> 
     </span>
     <span class='ocr_line' id='line_1_17' title="bbox 122 1368 832 1444; baseline 0.004 -20"><span class='ocrx_word' id='word_1_86' title='bbox 122 1368 245 1443; x_wconf 87' lang='lat' dir='ltr'>Namque</span> <span class='ocrx_word' id='word_1_87' title='bbox 261 1372 418 1444; x_wconf 88' lang='lat' dir='ltr'>prophetali</span> <span class='ocrx_word' id='word_1_88' title='bbox 433 1372 531 1443; x_wconf 88' lang='lat' dir='ltr'>pulsus</span> <span class='ocrx_word' id='word_1_89' title='bbox 546 1389 609 1429; x_wconf 90' lang='lat' dir='ltr'>cum</span> <span class='ocrx_word' id='word_1_90' title='bbox 617 1388 743 1442; x_wconf 88' lang='lat' dir='ltr'>munere,</span> <span class='ocrx_word' id='word_1_91' title='bbox 759 1373 832 1430; x_wconf 89' lang='lat' dir='ltr'>dona</span> 
     </span>
     <span class='ocr_line' id='line_1_18' title="bbox 123 1461 712 1534; baseline 0.008 -18"><span class='ocrx_word' id='word_1_92' title='bbox 123 1461 180 1519; x_wconf 91' lang='lat' dir='ltr'>lluc</span> <span class='ocrx_word' id='word_1_93' title='bbox 194 1463 314 1519; x_wconf 83' lang='lat' dir='ltr'>aludaea</span> <span class='ocrx_word' id='word_1_94' title='bbox 327 1462 509 1521; x_wconf 84' lang='lat' dir='ltr'>manifestans</span> <span class='ocrx_word' id='word_1_95' title='bbox 518 1465 614 1522; x_wconf 75' lang='lat' dir='ltr'>caelica</span> <span class='ocrx_word' id='word_1_96' title='bbox 627 1465 712 1534; x_wconf 92' lang='lat' dir='ltr'>venit,</span> 
     </span>
    </p>
   </div>
   <div class='ocr_carea' id='block_1_7' title="bbox 980 923 1577 1001">
    <p class='ocr_par' dir='ltr' id='par_1_10' title="bbox 980 923 1577 1001">
     <span class='ocr_line' id='line_1_19' title="bbox 980 923 1577 1001; baseline 0.002 -23"><span class='ocrx_word' id='word_1_97' title='bbox 980 923 1094 991; x_wconf 75' lang='lat' dir='ltr'>ludaeis,</span> <span class='ocrx_word' id='word_1_98' title='bbox 1109 923 1211 992; x_wconf 87' lang='lat' dir='ltr'>ablata,</span> <span class='ocrx_word' id='word_1_99' title='bbox 1227 923 1279 996; x_wconf 79' lang='lat' dir='ltr'>pia</span> <span class='ocrx_word' id='word_1_100' title='bbox 1291 924 1340 980; x_wconf 89' lang='lat' dir='ltr'>sed</span> <span class='ocrx_word' id='word_1_101' title='bbox 1360 924 1460 981; x_wconf 89' lang='lat' dir='ltr'>tmditn</span> <span class='ocrx_word' id='word_1_102' title='bbox 1478 923 1577 1001; x_wconf 84' lang='lat' dir='ltr'>genti:</span> 
     </span>
    </p>
   </div>
   <div class='ocr_carea' id='block_1_8' title="bbox 981 1017 1682 1173">
    <p class='ocr_par' dir='ltr' id='par_1_11' title="bbox 981 1017 1682 1173">
     <span class='ocr_line' id='line_1_20' title="bbox 981 1017 1682 1091; baseline 0.001 -19"><span class='ocrx_word' id='word_1_103' title='bbox 981 1017 1085 1073; x_wconf 83' lang='lat' dir='ltr'>Lumen</span> <span class='ocrx_word' id='word_1_104' title='bbox 1098 1019 1133 1072; x_wconf 88' lang='lat' dir='ltr'>ab</span> <span class='ocrx_word' id='word_1_105' title='bbox 1154 1018 1276 1074; x_wconf 83' lang='lat' dir='ltr'>llehracis</span> <span class='ocrx_word' id='word_1_106' title='bbox 1287 1026 1427 1074; x_wconf 82' lang='lat' dir='ltr'>extrusum</span> <span class='ocrx_word' id='word_1_107' title='bbox 1438 1019 1570 1091; x_wconf 80' lang='lat' dir='ltr'>gentibus</span> <span class='ocrx_word' id='word_1_108' title='bbox 1581 1023 1682 1074; x_wconf 87' lang='lat' dir='ltr'>ortum.</span> 
     </span>
     <span class='ocr_line' id='line_1_21' title="bbox 981 1104 1670 1173; baseline 0.003 -14"><span class='ocrx_word' id='word_1_109' title='bbox 981 1105 1030 1161; x_wconf 94' lang='lat' dir='ltr'>llic</span> <span class='ocrx_word' id='word_1_110' title='bbox 1043 1114 1138 1162; x_wconf 87' lang='lat' dir='ltr'>sancto</span> <span class='ocrx_word' id='word_1_111' title='bbox 1153 1106 1255 1162; x_wconf 84' lang='lat' dir='ltr'>cecinit</span> <span class='ocrx_word' id='word_1_112' title='bbox 1269 1105 1353 1162; x_wconf 92' lang='lat' dir='ltr'>Panlo</span> <span class='ocrx_word' id='word_1_113' title='bbox 1367 1122 1418 1162; x_wconf 88' lang='lat' dir='ltr'>sua</span> <span class='ocrx_word' id='word_1_114' title='bbox 1437 1104 1527 1162; x_wconf 81' lang='lat' dir='ltr'>uincla</span> <span class='ocrx_word' id='word_1_115' title='bbox 1539 1121 1670 1173; x_wconf 88' lang='lat' dir='ltr'>manere;</span> 
     </span>
    </p>
   </div>
   <div class='ocr_carea' id='block_1_9' title="bbox 980 1196 1702 1361">
    <p class='ocr_par' dir='ltr' id='par_1_12' title="bbox 980 1196 1702 1361">
     <span class='ocr_line' id='line_1_22' title="bbox 981 1196 1702 1271; baseline -0.001 -18"><span class='ocrx_word' id='word_1_116' title='bbox 981 1196 1063 1268; x_wconf 85' lang='lat' dir='ltr'>Cujus</span> <span class='ocrx_word' id='word_1_117' title='bbox 1077 1197 1230 1270; x_wconf 88' lang='lat' dir='ltr'>corripiens</span> <span class='ocrx_word' id='word_1_118' title='bbox 1245 1214 1353 1265; x_wconf 89' lang='lat' dir='ltr'>zonam,</span> <span class='ocrx_word' id='word_1_119' title='bbox 1370 1198 1531 1270; x_wconf 83' lang='lat' dir='ltr'>palmasque</span> <span class='ocrx_word' id='word_1_120' title='bbox 1544 1198 1702 1271; x_wconf 90' lang='lat' dir='ltr'>pedesque,</span> 
     </span>
     <span class='ocr_line' id='line_1_23' title="bbox 980 1286 1645 1361; baseline 0.003 -20"><span class='ocrx_word' id='word_1_121' title='bbox 980 1287 1108 1342; x_wconf 85' lang='lat' dir='ltr'>Devinxit</span> <span class='ocrx_word' id='word_1_122' title='bbox 1124 1287 1191 1357; x_wconf 89' lang='lat' dir='ltr'>sibi,</span> <span class='ocrx_word' id='word_1_123' title='bbox 1205 1287 1361 1344; x_wconf 73' lang='lat' dir='ltr'>raticinans</span> <span class='ocrx_word' id='word_1_124' title='bbox 1373 1287 1414 1344; x_wconf 91' lang='lat' dir='ltr'>sic</span> <span class='ocrx_word' id='word_1_125' title='bbox 1427 1303 1488 1344; x_wconf 87' lang='lat' dir='ltr'>esse</span> <span class='ocrx_word' id='word_1_126' title='bbox 1500 1286 1645 1361; x_wconf 68' lang='lat' dir='ltr'>ligandum</span> 
     </span>
    </p>
   </div>
   <div class='ocr_carea' id='block_1_10' title="bbox 983 1378 1652 1450">
    <p class='ocr_par' dir='ltr' id='par_1_13' title="bbox 983 1378 1652 1450">
     <span class='ocr_line' id='line_1_24' title="bbox 983 1378 1652 1450; baseline 0.001 -18"><span class='ocrx_word' id='word_1_127' title='bbox 983 1378 1013 1432; x_wconf 90' lang='lat' dir='ltr'>ln</span> <span class='ocrx_word' id='word_1_128' title='bbox 1026 1378 1128 1435; x_wconf 81' lang='lat' dir='ltr'>Solimo</span> <span class='ocrx_word' id='word_1_129' title='bbox 1144 1379 1265 1449; x_wconf 81' lang='lat' dir='ltr'>fratrem,</span> <span class='ocrx_word' id='word_1_130' title='bbox 1278 1379 1356 1450; x_wconf 86' lang='lat' dir='ltr'>cujus</span> <span class='ocrx_word' id='word_1_131' title='bbox 1370 1380 1509 1438; x_wconf 76' lang='lat' dir='ltr'>vincimen</span> <span class='ocrx_word' id='word_1_132' title='bbox 1525 1380 1552 1436; x_wconf 91' lang='lat' dir='ltr'>id</span> <span class='ocrx_word' id='word_1_133' title='bbox 1568 1387 1652 1437; x_wconf 86' lang='lat' dir='ltr'>essct.</span> 
     </span>
    </p>
   </div>
   <div class='ocr_carea' id='block_1_11' title="bbox 871 1600 1042 1658">
    <p class='ocr_par' dir='ltr' id='par_1_14' title="bbox 871 1600 1042 1658">
     <span class='ocr_line' id='line_1_25' title="bbox 871 1600 1042 1658; baseline 0.006 -1"><span class='ocrx_word' id='word_1_134' title='bbox 871 1600 975 1657; x_wconf 73' lang='lat' dir='ltr'>CAPUT</span> <span class='ocrx_word' id='word_1_135' title='bbox 994 1603 1042 1658; x_wconf 92' lang='lat' dir='ltr'>lll.</span> 
     </span>
    </p>
   </div>
   <div class='ocr_carea' id='block_1_12' title="bbox 121 1702 1239 2263">
    <p class='ocr_par' dir='ltr' id='par_1_15' title="bbox 121 1702 1239 2263">
     <span class='ocr_line' id='line_1_26' title="bbox 670 1702 1239 1779; baseline 0.005 -17"><span class='ocrx_word' id='word_1_136' title='bbox 670 1702 710 1763; x_wconf 85' lang='lat' dir='ltr'>De</span> <span class='ocrx_word' id='word_1_137' title='bbox 730 1703 890 1779; x_wconf 77' lang='lat' dir='ltr'>uanamn,</span> <span class='ocrx_word' id='word_1_138' title='bbox 916 1704 1040 1767; x_wconf 83' lang='lat' dir='ltr'>Procerc</span> <span class='ocrx_word' id='word_1_139' title='bbox 1062 1712 1091 1767; x_wconf 86' lang='lat' dir='ltr'>et</span> <span class='ocrx_word' id='word_1_140' title='bbox 1108 1704 1239 1769; x_wconf 74' lang='lat' dir='ltr'>lenone.</span> 
     </span>
     <span class='ocr_line' id='line_1_27' title="bbox 124 1806 756 1883; baseline 0.006 -22"><span class='ocrx_word' id='word_1_141' title='bbox 124 1806 174 1862; x_wconf 90' lang='lat' dir='ltr'>llic</span> <span class='ocrx_word' id='word_1_142' title='bbox 188 1807 270 1862; x_wconf 88' lang='lat' dir='ltr'>ctiam</span> <span class='ocrx_word' id='word_1_143' title='bbox 287 1807 489 1881; x_wconf 76' lang='lat' dir='ltr'>hanchemqni</span> <span class='ocrx_word' id='word_1_144' title='bbox 503 1809 688 1865; x_wconf 87' lang='lat' dir='ltr'>collactaneus</span> <span class='ocrx_word' id='word_1_145' title='bbox 703 1810 756 1883; x_wconf 89' lang='lat' dir='ltr'>ipsi</span> 
     </span>
     <span class='ocr_line' id='line_1_28' title="bbox 123 1898 845 1975; baseline 0.01 -23"><span class='ocrx_word' id='word_1_146' title='bbox 123 1898 260 1955; x_wconf 88' lang='lat' dir='ltr'>Scribitur</span> <span class='ocrx_word' id='word_1_147' title='bbox 270 1900 381 1969; x_wconf 91' lang='lat' dir='ltr'>llcrodi,</span> <span class='ocrx_word' id='word_1_148' title='bbox 398 1901 494 1957; x_wconf 92' lang='lat' dir='ltr'>doctor</span> <span class='ocrx_word' id='word_1_149' title='bbox 506 1900 588 1957; x_wconf 90' lang='lat' dir='ltr'>simul</span> <span class='ocrx_word' id='word_1_150' title='bbox 603 1911 684 1975; x_wconf 90' lang='lat' dir='ltr'>atquc</span> <span class='ocrx_word' id='word_1_151' title='bbox 701 1904 845 1975; x_wconf 89' lang='lat' dir='ltr'>propheta,</span> 
     </span>
     <span class='ocr_line' id='line_1_29' title="bbox 122 1992 740 2066; baseline 0.01 -21"><span class='ocrx_word' id='word_1_152' title='bbox 122 1992 152 2045; x_wconf 91' lang='lat' dir='ltr'>lu</span> <span class='ocrx_word' id='word_1_153' title='bbox 169 1992 355 2049; x_wconf 75' lang='lat' dir='ltr'>‹thristeclara</span> <span class='ocrx_word' id='word_1_154' title='bbox 367 1994 519 2049; x_wconf 85' lang='lat' dir='ltr'>tumulatus</span> <span class='ocrx_word' id='word_1_155' title='bbox 531 2002 604 2049; x_wconf 86' lang='lat' dir='ltr'>sorte</span> <span class='ocrx_word' id='word_1_156' title='bbox 614 1995 740 2066; x_wconf 82' lang='lat' dir='ltr'>quiescit.</span> 
     </span>
     <span class='ocr_line' id='line_1_30' title="bbox 121 2081 805 2158; baseline 0.01 -21"><span class='ocrx_word' id='word_1_157' title='bbox 121 2081 253 2158; x_wconf 76' lang='lat' dir='ltr'>Coniugis</span> <span class='ocrx_word' id='word_1_158' title='bbox 264 2085 309 2140; x_wconf 91' lang='lat' dir='ltr'>hic</span> <span class='ocrx_word' id='word_1_159' title='bbox 323 2085 430 2153; x_wconf 80' lang='lat' dir='ltr'>Chuzae,</span> <span class='ocrx_word' id='word_1_160' title='bbox 447 2086 493 2158; x_wconf 91' lang='lat' dir='ltr'>qui</span> <span class='ocrx_word' id='word_1_161' title='bbox 509 2086 574 2142; x_wconf 92' lang='lat' dir='ltr'>olim</span> <span class='ocrx_word' id='word_1_162' title='bbox 591 2094 701 2144; x_wconf 91' lang='lat' dir='ltr'>curator</span> <span class='ocrx_word' id='word_1_163' title='bbox 715 2087 805 2144; x_wconf 89' lang='lat' dir='ltr'>alebat</span> 
     </span>
     <span class='ocr_line' id='line_1_31' title="bbox 122 2175 774 2263; baseline 0.015 -34"><span class='ocrx_word' id='word_1_164' title='bbox 122 2175 268 2248; x_wconf 88' lang='lat' dir='ltr'>llcrodem,</span> <span class='ocrx_word' id='word_1_165' title='bbox 285 2186 387 2249; x_wconf 86' lang='lat' dir='ltr'>pariter</span> <span class='ocrx_word' id='word_1_166' title='bbox 401 2180 560 2238; x_wconf 89' lang='lat' dir='ltr'>recoluntur</span> <span class='ocrx_word' id='word_1_167' title='bbox 572 2180 641 2263; x_wconf 80' lang='lat' dir='ltr'>insta</span> <span class='ocrx_word' id='word_1_168' title='bbox 650 2181 774 2239; x_wconf 77' lang='lat' dir='ltr'>ionitae.</span> 
     </span>
    </p>
   </div>
   <div class='ocr_carea' id='block_1_13' title="bbox 947 1810 1668 1889">
    <p class='ocr_par' dir='ltr' id='par_1_16' title="bbox 947 1810 1668 1889">
     <span class='ocr_line' id='line_1_32' title="bbox 947 1810 1668 1889; baseline 0 -22"><span class='ocrx_word' id='word_1_169' title='bbox 947 1812 1069 1889; x_wconf 72' lang='lat' dir='ltr'>cliuum</span> <span class='ocrx_word' id='word_1_170' title='bbox 1082 1814 1207 1869; x_wconf 90' lang='lat' dir='ltr'>meminit</span> <span class='ocrx_word' id='word_1_171' title='bbox 1220 1813 1305 1869; x_wconf 85' lang='lat' dir='ltr'>Lucus</span> <span class='ocrx_word' id='word_1_172' title='bbox 1318 1811 1425 1869; x_wconf 83' lang='lat' dir='ltr'>Domini</span> <span class='ocrx_word' id='word_1_173' title='bbox 1439 1813 1555 1887; x_wconf 82' lang='lat' dir='ltr'>vestigia</span> <span class='ocrx_word' id='word_1_174' title='bbox 1569 1810 1668 1868; x_wconf 82' lang='lat' dir='ltr'>Christi</span> 
     </span>
    </p>
   </div>
   <div class='ocr_carea' id='block_1_14' title="bbox 983 1901 1726 2262">
    <p class='ocr_par' dir='ltr' id='par_1_17' title="bbox 983 1901 1726 2163">
     <span class='ocr_line' id='line_1_33' title="bbox 984 1901 1683 1975; baseline -0.004 -17"><span class='ocrx_word' id='word_1_175' title='bbox 984 1904 1132 1971; x_wconf 79' lang='lat' dir='ltr'>sectatam,</span> <span class='ocrx_word' id='word_1_176' title='bbox 1146 1903 1286 1975; x_wconf 90' lang='lat' dir='ltr'>sociisque</span> <span class='ocrx_word' id='word_1_177' title='bbox 1301 1902 1411 1975; x_wconf 90' lang='lat' dir='ltr'>ipsique</span> <span class='ocrx_word' id='word_1_178' title='bbox 1422 1901 1506 1958; x_wconf 88' lang='lat' dir='ltr'>luisse</span> <span class='ocrx_word' id='word_1_179' title='bbox 1518 1902 1683 1957; x_wconf 87' lang='lat' dir='ltr'>ministram.</span> 
     </span>
     <span class='ocr_line' id='line_1_34' title="bbox 984 1992 1726 2067; baseline -0.004 -18"><span class='ocrx_word' id='word_1_180' title='bbox 984 1994 1180 2067; x_wconf 90' lang='lat' dir='ltr'>llancquequc</span> <span class='ocrx_word' id='word_1_181' title='bbox 1195 1996 1330 2052; x_wconf 86' lang='lat' dir='ltr'>Procerus</span> <span class='ocrx_word' id='word_1_182' title='bbox 1345 1993 1470 2051; x_wconf 88' lang='lat' dir='ltr'>habitare</span> <span class='ocrx_word' id='word_1_183' title='bbox 1480 1995 1616 2050; x_wconf 89' lang='lat' dir='ltr'>diaconus</span> <span class='ocrx_word' id='word_1_184' title='bbox 1629 1992 1726 2049; x_wconf 91' lang='lat' dir='ltr'>urbem</span> 
     </span>
     <span class='ocr_line' id='line_1_35' title="bbox 983 2088 1568 2163; baseline 0.003 -19"><span class='ocrx_word' id='word_1_185' title='bbox 983 2089 1100 2163; x_wconf 79' lang='lat' dir='ltr'>Delegit,</span> <span class='ocrx_word' id='word_1_186' title='bbox 1115 2088 1181 2146; x_wconf 85' lang='lat' dir='ltr'>fidei</span> <span class='ocrx_word' id='word_1_187' title='bbox 1196 2091 1305 2158; x_wconf 87' lang='lat' dir='ltr'>merito,</span> <span class='ocrx_word' id='word_1_188' title='bbox 1320 2090 1469 2147; x_wconf 74' lang='lat' dir='ltr'>virtutibus</span> <span class='ocrx_word' id='word_1_189' title='bbox 1484 2097 1568 2163; x_wconf 93' lang='lat' dir='ltr'>atque</span> 
     </span>
    </p>

    <p class='ocr_par' dir='ltr' id='par_1_18' title="bbox 983 2183 1651 2262">
     <span class='ocr_line' id='line_1_36' title="bbox 983 2183 1651 2262; baseline 0.003 -24"><span class='ocrx_word' id='word_1_190' title='bbox 983 2183 1113 2240; x_wconf 88' lang='lat' dir='ltr'>Pluribus</span> <span class='ocrx_word' id='word_1_191' title='bbox 1122 2184 1250 2260; x_wconf 77' lang='lat' dir='ltr'>insignis,</span> <span class='ocrx_word' id='word_1_192' title='bbox 1266 2185 1312 2243; x_wconf 90' lang='lat' dir='ltr'>hic</span> <span class='ocrx_word' id='word_1_193' title='bbox 1321 2191 1349 2242; x_wconf 88' lang='lat' dir='ltr'>et</span> <span class='ocrx_word' id='word_1_194' title='bbox 1362 2185 1512 2258; x_wconf 80' lang='lat' dir='ltr'>complevit</span> <span class='ocrx_word' id='word_1_195' title='bbox 1521 2201 1651 2262; x_wconf 80' lang='lat' dir='ltr'>agonem.</span> 
     </span>
    </p>
   </div>
   <div class='ocr_carea' id='block_1_15' title="bbox 786 2313 1127 2498">
    <p class='ocr_par' dir='ltr' id='par_1_19' title="bbox 786 2313 1127 2498">
     <span class='ocr_line' id='line_1_37' title="bbox 868 2313 1036 2371; baseline 0.018 -3"><span class='ocrx_word' id='word_1_196' title='bbox 868 2313 974 2369; x_wconf 78' lang='lat' dir='ltr'>cartu</span> <span class='ocrx_word' id='word_1_197' title='bbox 993 2314 1036 2371; x_wconf 91' lang='lat' dir='ltr'>tv.</span> 
     </span>
     <span class='ocr_line' id='line_1_38' title="bbox 786 2416 1127 2498; baseline 0.006 -22"><span class='ocrx_word' id='word_1_198' title='bbox 786 2416 826 2477; x_wconf 87' lang='lat' dir='ltr'>De</span> <span class='ocrx_word' id='word_1_199' title='bbox 846 2417 961 2479; x_wconf 22' lang='lat' dir='ltr'>truncatio</span> <span class='ocrx_word' id='word_1_200' title='bbox 983 2420 1127 2498; x_wconf 82' lang='lat' dir='ltr'>episcopo.</span> 
     </span>
    </p>
   </div>
   <div class='ocr_carea' id='block_1_16' title="bbox 159 2523 896 2596">
    <p class='ocr_par' dir='ltr' id='par_1_20' title="bbox 159 2523 896 2596">
     <span class='ocr_line' id='line_1_39' title="bbox 159 2523 896 2596; baseline -0.001 -18"><span class='ocrx_word' id='word_1_201' title='bbox 159 2524 227 2581; x_wconf 89' lang='lat' dir='ltr'>lluic</span> <span class='ocrx_word' id='word_1_202' title='bbox 237 2523 343 2596; x_wconf 90' lang='lat' dir='ltr'>primns</span> <span class='ocrx_word' id='word_1_203' title='bbox 359 2523 470 2595; x_wconf 73' lang='lat' dir='ltr'>praesul,</span> <span class='ocrx_word' id='word_1_204' title='bbox 486 2531 548 2594; x_wconf 87' lang='lat' dir='ltr'>post</span> <span class='ocrx_word' id='word_1_205' title='bbox 562 2523 683 2589; x_wconf 91' lang='lat' dir='ltr'>Petrum,</span> <span class='ocrx_word' id='word_1_206' title='bbox 700 2523 819 2580; x_wconf 74' lang='lat' dir='ltr'>hrodius</span> <span class='ocrx_word' id='word_1_207' title='bbox 833 2524 896 2579; x_wconf 90' lang='lat' dir='ltr'>urbi</span> 
     </span>
    </p>
   </div>
   <div class='ocr_carea' id='block_1_17' title="bbox 120 2618 834 3241">
    <p class='ocr_par' dir='ltr' id='par_1_21' title="bbox 120 2618 834 3241">
     <span class='ocr_line' id='line_1_40' title="bbox 120 2618 725 2688; baseline -0.005 -12"><span class='ocrx_word' id='word_1_208' title='bbox 120 2620 186 2676; x_wconf 84' lang='lat' dir='ltr'>lura</span> <span class='ocrx_word' id='word_1_209' title='bbox 196 2619 358 2688; x_wconf 90' lang='lat' dir='ltr'>sacerdotis,</span> <span class='ocrx_word' id='word_1_210' title='bbox 368 2620 446 2676; x_wconf 87' lang='lat' dir='ltr'>Petro</span> <span class='ocrx_word' id='word_1_211' title='bbox 457 2619 595 2686; x_wconf 88' lang='lat' dir='ltr'>tradente,</span> <span class='ocrx_word' id='word_1_212' title='bbox 611 2618 725 2674; x_wconf 88' lang='lat' dir='ltr'>subirit.</span> 
     </span>
     <span class='ocr_line' id='line_1_41' title="bbox 122 2710 757 2786; baseline 0 -20"><span class='ocrx_word' id='word_1_213' title='bbox 122 2711 227 2786; x_wconf 78' lang='lat' dir='ltr'>Dignus</span> <span class='ocrx_word' id='word_1_214' title='bbox 239 2728 321 2784; x_wconf 91' lang='lat' dir='ltr'>quem</span> <span class='ocrx_word' id='word_1_215' title='bbox 337 2710 435 2767; x_wconf 87' lang='lat' dir='ltr'>Petrus</span> <span class='ocrx_word' id='word_1_216' title='bbox 449 2710 495 2767; x_wconf 87' lang='lat' dir='ltr'>tali</span> <span class='ocrx_word' id='word_1_217' title='bbox 511 2710 628 2766; x_wconf 88' lang='lat' dir='ltr'>donaret</span> <span class='ocrx_word' id='word_1_218' title='bbox 641 2710 757 2777; x_wconf 93' lang='lat' dir='ltr'>honore,</span> 
     </span>
     <span class='ocr_line' id='line_1_42' title="bbox 122 2801 770 2877; baseline 0 -18"><span class='ocrx_word' id='word_1_219' title='bbox 122 2806 210 2876; x_wconf 79' lang='lat' dir='ltr'>Atque</span> <span class='ocrx_word' id='word_1_220' title='bbox 220 2805 296 2861; x_wconf 79' lang='lat' dir='ltr'>vices</span> <span class='ocrx_word' id='word_1_221' title='bbox 310 2805 378 2860; x_wconf 89' lang='lat' dir='ltr'>tanti</span> <span class='ocrx_word' id='word_1_222' title='bbox 392 2810 504 2877; x_wconf 87' lang='lat' dir='ltr'>caperet</span> <span class='ocrx_word' id='word_1_223' title='bbox 517 2804 635 2876; x_wconf 87' lang='lat' dir='ltr'>pastoris</span> <span class='ocrx_word' id='word_1_224' title='bbox 649 2803 684 2859; x_wconf 87' lang='lat' dir='ltr'>ab</span> <span class='ocrx_word' id='word_1_225' title='bbox 698 2801 770 2875; x_wconf 92' lang='lat' dir='ltr'>ipse,</span> 
     </span>
     <span class='ocr_line' id='line_1_43' title="bbox 123 2892 789 2968; baseline 0.003 -21"><span class='ocrx_word' id='word_1_226' title='bbox 123 2892 174 2949; x_wconf 86' lang='lat' dir='ltr'>Pro</span> <span class='ocrx_word' id='word_1_227' title='bbox 189 2909 273 2968; x_wconf 81' lang='lat' dir='ltr'>grege</span> <span class='ocrx_word' id='word_1_228' title='bbox 286 2893 435 2951; x_wconf 90' lang='lat' dir='ltr'>commisse</span> <span class='ocrx_word' id='word_1_229' title='bbox 449 2893 513 2951; x_wconf 84' lang='lat' dir='ltr'>lorti</span> <span class='ocrx_word' id='word_1_230' title='bbox 527 2893 575 2966; x_wconf 89' lang='lat' dir='ltr'>qui</span> <span class='ocrx_word' id='word_1_231' title='bbox 590 2893 690 2951; x_wconf 88' lang='lat' dir='ltr'>robore</span> <span class='ocrx_word' id='word_1_232' title='bbox 701 2893 789 2951; x_wconf 81' lang='lat' dir='ltr'>fretus</span> 
     </span>
     <span class='ocr_line' id='line_1_44' title="bbox 122 2983 774 3056; baseline 0.003 -18"><span class='ocrx_word' id='word_1_233' title='bbox 122 2983 241 3056; x_wconf 76' lang='lat' dir='ltr'>llartprii</span> <span class='ocrx_word' id='word_1_234' title='bbox 255 2985 357 3042; x_wconf 90' lang='lat' dir='ltr'>meruit</span> <span class='ocrx_word' id='word_1_235' title='bbox 367 2993 476 3042; x_wconf 88' lang='lat' dir='ltr'>certans</span> <span class='ocrx_word' id='word_1_236' title='bbox 487 2986 539 3042; x_wconf 89' lang='lat' dir='ltr'>hac</span> <span class='ocrx_word' id='word_1_237' title='bbox 553 2986 623 3042; x_wconf 90' lang='lat' dir='ltr'>urhe</span> <span class='ocrx_word' id='word_1_238' title='bbox 635 3002 774 3044; x_wconf 91' lang='lat' dir='ltr'>ceronam.</span> 
     </span>
     <span class='ocr_line' id='line_1_45' title="bbox 123 3072 834 3149; baseline 0.004 -21"><span class='ocrx_word' id='word_1_239' title='bbox 123 3072 207 3138; x_wconf 81' lang='lat' dir='ltr'>Quam</span> <span class='ocrx_word' id='word_1_240' title='bbox 224 3073 326 3149; x_wconf 78' lang='lat' dir='ltr'>dignus</span> <span class='ocrx_word' id='word_1_241' title='bbox 340 3074 446 3131; x_wconf 88' lang='lat' dir='ltr'>meritis</span> <span class='ocrx_word' id='word_1_242' title='bbox 459 3090 586 3132; x_wconf 81' lang='lat' dir='ltr'>sucessor</span> <span class='ocrx_word' id='word_1_243' title='bbox 600 3075 730 3132; x_wconf 89' lang='lat' dir='ltr'>laudibus</span> <span class='ocrx_word' id='word_1_244' title='bbox 745 3074 834 3144; x_wconf 77' lang='lat' dir='ltr'>effert,</span> 
     </span>
     <span class='ocr_line' id='line_1_46' title="bbox 123 3162 699 3241; baseline 0.009 -24"><span class='ocrx_word' id='word_1_245' title='bbox 123 3162 250 3220; x_wconf 78' lang='lat' dir='ltr'>Ecclesiae</span> <span class='ocrx_word' id='word_1_246' title='bbox 264 3164 391 3220; x_wconf 89' lang='lat' dir='ltr'>scribens</span> <span class='ocrx_word' id='word_1_247' title='bbox 400 3163 699 3241; x_wconf 78' lang='lat' dir='ltr'>ignatinsdntichcnae,</span> 
     </span>
    </p>
   </div>
   <div class='ocr_carea' id='block_1_18' title="bbox 980 2521 1750 3258">
    <p class='ocr_par' dir='ltr' id='par_1_22' title="bbox 981 2521 1657 2785">
     <span class='ocr_line' id='line_1_47' title="bbox 983 2521 1657 2595; baseline -0.007 -16"><span class='ocrx_word' id='word_1_248' title='bbox 983 2525 1046 2595; x_wconf 88' lang='lat' dir='ltr'>lpse</span> <span class='ocrx_word' id='word_1_249' title='bbox 1064 2523 1130 2580; x_wconf 85' lang='lat' dir='ltr'>seris</span> <span class='ocrx_word' id='word_1_250' title='bbox 1139 2523 1236 2580; x_wconf 84' lang='lat' dir='ltr'>abiens</span> <span class='ocrx_word' id='word_1_251' title='bbox 1252 2523 1403 2580; x_wconf 89' lang='lat' dir='ltr'>tradendus</span> <span class='ocrx_word' id='word_1_252' title='bbox 1413 2537 1531 2594; x_wconf 92' lang='lat' dir='ltr'>corpere</span> <span class='ocrx_word' id='word_1_253' title='bbox 1543 2521 1657 2578; x_wconf 82' lang='lat' dir='ltr'>Romam</span> 
     </span>
     <span class='ocr_line' id='line_1_48' title="bbox 982 2613 1598 2689; baseline -0.01 -15"><span class='ocrx_word' id='word_1_254' title='bbox 982 2616 1115 2689; x_wconf 83' lang='lat' dir='ltr'>Discipuli</span> <span class='ocrx_word' id='word_1_255' title='bbox 1130 2617 1207 2685; x_wconf 88' lang='lat' dir='ltr'>estis,</span> <span class='ocrx_word' id='word_1_256' title='bbox 1217 2617 1265 2683; x_wconf 89' lang='lat' dir='ltr'>ait,</span> <span class='ocrx_word' id='word_1_257' title='bbox 1277 2615 1349 2671; x_wconf 89' lang='lat' dir='ltr'>Petri</span> <span class='ocrx_word' id='word_1_258' title='bbox 1364 2614 1497 2687; x_wconf 85' lang='lat' dir='ltr'>Paulique</span> <span class='ocrx_word' id='word_1_259' title='bbox 1507 2613 1598 2670; x_wconf 78' lang='lat' dir='ltr'>vocati</span> 
     </span>
     <span class='ocr_line' id='line_1_49' title="bbox 981 2711 1618 2785; baseline -0.005 -17"><span class='ocrx_word' id='word_1_260' title='bbox 981 2713 1141 2785; x_wconf 90' lang='lat' dir='ltr'>Depositum</span> <span class='ocrx_word' id='word_1_261' title='bbox 1153 2713 1234 2769; x_wconf 86' lang='lat' dir='ltr'>vohis</span> <span class='ocrx_word' id='word_1_262' title='bbox 1250 2711 1284 2767; x_wconf 89' lang='lat' dir='ltr'>ab</span> <span class='ocrx_word' id='word_1_263' title='bbox 1300 2712 1340 2769; x_wconf 88' lang='lat' dir='ltr'>eis</span> <span class='ocrx_word' id='word_1_264' title='bbox 1354 2717 1462 2768; x_wconf 86' lang='lat' dir='ltr'>servate</span> <span class='ocrx_word' id='word_1_265' title='bbox 1478 2711 1618 2781; x_wconf 89' lang='lat' dir='ltr'>relictum,</span> 
     </span>
    </p>

    <p class='ocr_par' dir='ltr' id='par_1_23' title="bbox 981 2801 1600 2878">
     <span class='ocr_line' id='line_1_50' title="bbox 981 2801 1600 2878; baseline -0.006 -17"><span class='ocrx_word' id='word_1_266' title='bbox 981 2805 1013 2861; x_wconf 86' lang='lat' dir='ltr'>Et</span> <span class='ocrx_word' id='word_1_267' title='bbox 1027 2820 1165 2861; x_wconf 88' lang='lat' dir='ltr'>memores</span> <span class='ocrx_word' id='word_1_268' title='bbox 1181 2812 1269 2862; x_wconf 88' lang='lat' dir='ltr'>estote</span> <span class='ocrx_word' id='word_1_269' title='bbox 1283 2805 1323 2878; x_wconf 92' lang='lat' dir='ltr'>pii</span> <span class='ocrx_word' id='word_1_270' title='bbox 1338 2804 1466 2878; x_wconf 90' lang='lat' dir='ltr'>pastoris,</span> <span class='ocrx_word' id='word_1_271' title='bbox 1483 2803 1517 2858; x_wconf 88' lang='lat' dir='ltr'>ab</span> <span class='ocrx_word' id='word_1_272' title='bbox 1532 2801 1600 2874; x_wconf 86' lang='lat' dir='ltr'>ipsis</span> 
     </span>
    </p>

    <p class='ocr_par' dir='ltr' id='par_1_24' title="bbox 980 2894 1688 3067">
     <span class='ocr_line' id='line_1_51' title="bbox 981 2894 1688 2967; baseline -0.008 -12"><span class='ocrx_word' id='word_1_273' title='bbox 981 2900 1032 2967; x_wconf 83' lang='lat' dir='ltr'>Qui</span> <span class='ocrx_word' id='word_1_274' title='bbox 1047 2900 1127 2956; x_wconf 90' lang='lat' dir='ltr'>datus</span> <span class='ocrx_word' id='word_1_275' title='bbox 1140 2907 1183 2956; x_wconf 80' lang='lat' dir='ltr'>eat</span> <span class='ocrx_word' id='word_1_276' title='bbox 1196 2898 1283 2967; x_wconf 84' lang='lat' dir='ltr'>vohis,</span> <span class='ocrx_word' id='word_1_277' title='bbox 1300 2915 1352 2956; x_wconf 91' lang='lat' dir='ltr'>nee</span> <span class='ocrx_word' id='word_1_278' title='bbox 1365 2898 1568 2955; x_wconf 80' lang='lat' dir='ltr'>confundamur</span> <span class='ocrx_word' id='word_1_279' title='bbox 1582 2894 1688 2953; x_wconf 88' lang='lat' dir='ltr'>alumni</span> 
     </span>
     <span class='ocr_line' id='line_1_52' title="bbox 980 2993 1557 3067; baseline -0.007 -15"><span class='ocrx_word' id='word_1_280' title='bbox 980 2997 1056 3053; x_wconf 88' lang='lat' dir='ltr'>Sicut</span> <span class='ocrx_word' id='word_1_281' title='bbox 1071 2995 1207 3053; x_wconf 90' lang='lat' dir='ltr'>adulterio</span> <span class='ocrx_word' id='word_1_282' title='bbox 1227 2995 1349 3067; x_wconf 78' lang='lat' dir='ltr'>corrupti</span> <span class='ocrx_word' id='word_1_283' title='bbox 1365 2994 1480 3050; x_wconf 90' lang='lat' dir='ltr'>seminis</span> <span class='ocrx_word' id='word_1_284' title='bbox 1494 2993 1557 3049; x_wconf 90' lang='lat' dir='ltr'>orti.</span> 
     </span>
    </p>

    <p class='ocr_par' dir='ltr' id='par_1_25' title="bbox 980 3084 1750 3258">
     <span class='ocr_line' id='line_1_53' title="bbox 980 3084 1750 3162; baseline -0.009 -17"><span class='ocrx_word' id='word_1_285' title='bbox 980 3092 1045 3146; x_wconf 86' lang='lat' dir='ltr'>Tam</span> <span class='ocrx_word' id='word_1_286' title='bbox 1056 3091 1164 3147; x_wconf 85' lang='lat' dir='ltr'>dulcem</span> <span class='ocrx_word' id='word_1_287' title='bbox 1173 3098 1354 3162; x_wconf 89' lang='lat' dir='ltr'>sanctumque</span> <span class='ocrx_word' id='word_1_288' title='bbox 1367 3089 1474 3145; x_wconf 92' lang='lat' dir='ltr'>Patrem</span> <span class='ocrx_word' id='word_1_289' title='bbox 1481 3088 1530 3145; x_wconf 89' lang='lat' dir='ltr'>sed</span> <span class='ocrx_word' id='word_1_290' title='bbox 1539 3086 1666 3144; x_wconf 88' lang='lat' dir='ltr'>moribus</span> <span class='ocrx_word' id='word_1_291' title='bbox 1678 3084 1750 3140; x_wconf 89' lang='lat' dir='ltr'>almis</span> 
     </span>
     <span class='ocr_line' id='line_1_54' title="bbox 980 3180 1590 3258; baseline -0.003 -20"><span class='ocrx_word' id='word_1_292' title='bbox 980 3182 1137 3240; x_wconf 82' lang='lat' dir='ltr'>Efficiamur</span> <span class='ocrx_word' id='word_1_293' title='bbox 1150 3198 1184 3240; x_wconf 91' lang='lat' dir='ltr'>eo</span> <span class='ocrx_word' id='word_1_294' title='bbox 1197 3192 1253 3240; x_wconf 88' lang='lat' dir='ltr'>tam</span> <span class='ocrx_word' id='word_1_295' title='bbox 1268 3182 1391 3240; x_wconf 77' lang='lat' dir='ltr'>castifico</span> <span class='ocrx_word' id='word_1_296' title='bbox 1406 3181 1484 3239; x_wconf 86' lang='lat' dir='ltr'>Patre</span> <span class='ocrx_word' id='word_1_297' title='bbox 1500 3180 1590 3258; x_wconf 77' lang='lat' dir='ltr'>digni.</span> 
     </span>
    </p>
   </div>
   <div class='ocr_carea' id='block_1_19' title="bbox 878 3319 1032 3378">
    <p class='ocr_par' dir='ltr' id='par_1_26' title="bbox 878 3319 1032 3378">
     <span class='ocr_line' id='line_1_55' title="bbox 878 3319 1032 3378; baseline 0 0"><span class='ocrx_word' id='word_1_298' title='bbox 878 3319 983 3378; x_wconf 77' lang='lat' dir='ltr'>caetu</span> <span class='ocrx_word' id='word_1_299' title='bbox 1001 3320 1032 3378; x_wconf 86' lang='lat' dir='ltr'>V.</span> 
     </span>
    </p>
   </div>
   <div class='ocr_carea' id='block_1_20' title="bbox 792 3422 1107 3500">
    <p class='ocr_par' dir='ltr' id='par_1_27' title="bbox 792 3422 1107 3500">
     <span class='ocr_line' id='line_1_56' title="bbox 792 3422 1107 3500; baseline -0.01 -16"><span class='ocrx_word' id='word_1_300' title='bbox 792 3422 832 3485; x_wconf 86' lang='lat' dir='ltr'>De</span> <span class='ocrx_word' id='word_1_301' title='bbox 851 3431 954 3486; x_wconf 83' lang='lat' dir='ltr'>sancto</span> <span class='ocrx_word' id='word_1_302' title='bbox 975 3423 1107 3500; x_wconf 81' lang='lat' dir='ltr'>lpoctio.</span> 
     </span>
    </p>
   </div>
   <div class='ocr_carea' id='block_1_21' title="bbox 122 3529 777 3607">
    <p class='ocr_par' dir='ltr' id='par_1_28' title="bbox 122 3529 777 3607">
     <span class='ocr_line' id='line_1_57' title="bbox 122 3529 777 3607; baseline -0.002 -19"><span class='ocrx_word' id='word_1_303' title='bbox 122 3530 176 3588; x_wconf 90' lang='lat' dir='ltr'>liac</span> <span class='ocrx_word' id='word_1_304' title='bbox 191 3530 295 3588; x_wconf 89' lang='lat' dir='ltr'>etenim</span> <span class='ocrx_word' id='word_1_305' title='bbox 306 3531 434 3587; x_wconf 86' lang='lat' dir='ltr'>residens</span> <span class='ocrx_word' id='word_1_306' title='bbox 444 3529 568 3607; x_wconf 78' lang='lat' dir='ltr'>ignatius</span> <span class='ocrx_word' id='word_1_307' title='bbox 578 3529 648 3587; x_wconf 90' lang='lat' dir='ltr'>urhe</span> <span class='ocrx_word' id='word_1_308' title='bbox 661 3529 777 3598; x_wconf 91' lang='lat' dir='ltr'>nitebat,</span> 
     </span>
    </p>
   </div>
   <div class='ocr_carea' id='block_1_22' title="bbox 122 3620 878 3696">
    <p class='ocr_par' dir='ltr' id='par_1_29' title="bbox 122 3620 878 3696">
     <span class='ocr_line' id='line_1_58' title="bbox 122 3620 878 3696; baseline -0.001 -16"><span class='ocrx_word' id='word_1_309' title='bbox 122 3624 191 3680; x_wconf 89' lang='lat' dir='ltr'>llnic</span> <span class='ocrx_word' id='word_1_310' title='bbox 206 3633 269 3695; x_wconf 87' lang='lat' dir='ltr'>post</span> <span class='ocrx_word' id='word_1_311' title='bbox 280 3625 353 3680; x_wconf 89' lang='lat' dir='ltr'>hone</span> <span class='ocrx_word' id='word_1_312' title='bbox 366 3623 466 3696; x_wconf 82' lang='lat' dir='ltr'>praesut</span> <span class='ocrx_word' id='word_1_313' title='bbox 481 3620 547 3678; x_wconf 80' lang='lat' dir='ltr'>ndei</span> <span class='ocrx_word' id='word_1_314' title='bbox 563 3623 609 3696; x_wconf 90' lang='lat' dir='ltr'>pia</span> <span class='ocrx_word' id='word_1_315' title='bbox 619 3623 748 3696; x_wconf 72' lang='lat' dir='ltr'>dogmata</span> <span class='ocrx_word' id='word_1_316' title='bbox 762 3622 878 3693; x_wconf 88' lang='lat' dir='ltr'>dedens,</span> 
     </span>
    </p>
   </div>
   <div class='ocr_carea' id='block_1_23' title="bbox 121 3711 783 3787">
    <p class='ocr_par' dir='ltr' id='par_1_30' title="bbox 121 3711 783 3787">
     <span class='ocr_line' id='line_1_59' title="bbox 121 3711 783 3787; baseline 0 -19"><span class='ocrx_word' id='word_1_317' title='bbox 121 3713 207 3770; x_wconf 85' lang='lat' dir='ltr'>Morte</span> <span class='ocrx_word' id='word_1_318' title='bbox 221 3713 397 3785; x_wconf 87' lang='lat' dir='ltr'>triumphata,</span> <span class='ocrx_word' id='word_1_319' title='bbox 413 3729 494 3787; x_wconf 91' lang='lat' dir='ltr'>quem</span> <span class='ocrx_word' id='word_1_320' title='bbox 511 3728 540 3769; x_wconf 89' lang='lat' dir='ltr'>se</span> <span class='ocrx_word' id='word_1_321' title='bbox 554 3712 658 3769; x_wconf 86' lang='lat' dir='ltr'>vidisse</span> <span class='ocrx_word' id='word_1_322' title='bbox 672 3711 783 3781; x_wconf 86' lang='lat' dir='ltr'>latetur,</span> 
     </span>
    </p>
   </div>
   <div class='ocr_carea' id='block_1_24' title="bbox 117 3809 860 5621">
    <p class='ocr_par' dir='ltr' id='par_1_31' title="bbox 120 3809 803 3973">
     <span class='ocr_line' id='line_1_60' title="bbox 121 3809 803 3883; baseline -0.001 -17"><span class='ocrx_word' id='word_1_323' title='bbox 121 3811 244 3883; x_wconf 87' lang='lat' dir='ltr'>Sumpsit</span> <span class='ocrx_word' id='word_1_324' title='bbox 257 3810 411 3883; x_wconf 87' lang='lat' dir='ltr'>apostolico</span> <span class='ocrx_word' id='word_1_325' title='bbox 427 3809 520 3867; x_wconf 90' lang='lat' dir='ltr'>secius</span> <span class='ocrx_word' id='word_1_326' title='bbox 533 3826 594 3883; x_wconf 90' lang='lat' dir='ltr'>quae</span> <span class='ocrx_word' id='word_1_327' title='bbox 606 3816 735 3866; x_wconf 91' lang='lat' dir='ltr'>strennus</span> <span class='ocrx_word' id='word_1_328' title='bbox 745 3824 803 3866; x_wconf 92' lang='lat' dir='ltr'>ore.</span> 
     </span>
     <span class='ocr_line' id='line_1_61' title="bbox 120 3902 698 3973; baseline 0 -15"><span class='ocrx_word' id='word_1_329' title='bbox 120 3904 221 3960; x_wconf 79' lang='lat' dir='ltr'>Audito</span> <span class='ocrx_word' id='word_1_330' title='bbox 236 3904 314 3973; x_wconf 79' lang='lat' dir='ltr'>cnjus</span> <span class='ocrx_word' id='word_1_331' title='bbox 329 3902 433 3959; x_wconf 88' lang='lat' dir='ltr'>celebri</span> <span class='ocrx_word' id='word_1_332' title='bbox 449 3918 559 3960; x_wconf 89' lang='lat' dir='ltr'>rumore</span> <span class='ocrx_word' id='word_1_333' title='bbox 574 3910 698 3972; x_wconf 89' lang='lat' dir='ltr'>senatus,</span> 
     </span>
    </p>

    <p class='ocr_par' dir='ltr' id='par_1_32' title="bbox 120 3997 758 4072">
     <span class='ocr_line' id='line_1_62' title="bbox 120 3997 758 4072; baseline -0.002 -18"><span class='ocrx_word' id='word_1_334' title='bbox 120 3999 248 4071; x_wconf 90' lang='lat' dir='ltr'>Principe</span> <span class='ocrx_word' id='word_1_335' title='bbox 260 3999 376 4068; x_wconf 84' lang='lat' dir='ltr'>Trojano</span> <span class='ocrx_word' id='word_1_336' title='bbox 391 3997 529 4055; x_wconf 77' lang='lat' dir='ltr'>servorem</span> <span class='ocrx_word' id='word_1_337' title='bbox 543 3997 643 4072; x_wconf 78' lang='lat' dir='ltr'>stragis</span> <span class='ocrx_word' id='word_1_338' title='bbox 658 4004 758 4071; x_wconf 81' lang='lat' dir='ltr'>agento</span> 
     </span>
    </p>

    <p class='ocr_par' dir='ltr' id='par_1_33' title="bbox 119 4086 813 4707">
     <span class='ocr_line' id='line_1_63' title="bbox 122 4086 800 4161; baseline -0.006 -16"><span class='ocrx_word' id='word_1_339' title='bbox 122 4090 152 4145; x_wconf 93' lang='lat' dir='ltr'>ln</span> <span class='ocrx_word' id='word_1_340' title='bbox 168 4095 287 4154; x_wconf 90' lang='lat' dir='ltr'>nostros,</span> <span class='ocrx_word' id='word_1_341' title='bbox 302 4087 397 4144; x_wconf 80' lang='lat' dir='ltr'>statuit</span> <span class='ocrx_word' id='word_1_342' title='bbox 412 4104 467 4161; x_wconf 89' lang='lat' dir='ltr'>qua</span> <span class='ocrx_word' id='word_1_343' title='bbox 482 4093 607 4160; x_wconf 89' lang='lat' dir='ltr'>pasceret</span> <span class='ocrx_word' id='word_1_344' title='bbox 620 4103 669 4143; x_wconf 89' lang='lat' dir='ltr'>ora</span> <span class='ocrx_word' id='word_1_345' title='bbox 680 4086 800 4142; x_wconf 85' lang='lat' dir='ltr'>ferarum</span> 
     </span>
     <span class='ocr_line' id='line_1_64' title="bbox 122 4179 732 4252; baseline -0.007 -16"><span class='ocrx_word' id='word_1_346' title='bbox 122 4182 283 4252; x_wconf 83' lang='lat' dir='ltr'>lnsanaeque</span> <span class='ocrx_word' id='word_1_347' title='bbox 299 4180 377 4235; x_wconf 87' lang='lat' dir='ltr'>daret</span> <span class='ocrx_word' id='word_1_348' title='bbox 390 4180 482 4236; x_wconf 74' lang='lat' dir='ltr'>Romae</span> <span class='ocrx_word' id='word_1_349' title='bbox 493 4179 633 4251; x_wconf 90' lang='lat' dir='ltr'>spetacula</span> <span class='ocrx_word' id='word_1_350' title='bbox 646 4179 732 4249; x_wconf 90' lang='lat' dir='ltr'>plebi.</span> 
     </span>
     <span class='ocr_line' id='line_1_65' title="bbox 120 4270 813 4346; baseline -0.007 -14"><span class='ocrx_word' id='word_1_351' title='bbox 120 4275 272 4346; x_wconf 68' lang='lat' dir='ltr'>iincipitur,</span> <span class='ocrx_word' id='word_1_352' title='bbox 287 4273 451 4345; x_wconf 85' lang='lat' dir='ltr'>vinctusque</span> <span class='ocrx_word' id='word_1_353' title='bbox 465 4271 546 4328; x_wconf 88' lang='lat' dir='ltr'>datur</span> <span class='ocrx_word' id='word_1_354' title='bbox 556 4270 719 4328; x_wconf 88' lang='lat' dir='ltr'>custodibus</span> <span class='ocrx_word' id='word_1_355' title='bbox 730 4270 813 4338; x_wconf 90' lang='lat' dir='ltr'>ultre,</span> 
     </span>
     <span class='ocr_line' id='line_1_66' title="bbox 121 4361 795 4436; baseline -0.006 -15"><span class='ocrx_word' id='word_1_356' title='bbox 121 4365 309 4436; x_wconf 87' lang='lat' dir='ltr'>llilitihusque</span> <span class='ocrx_word' id='word_1_357' title='bbox 324 4363 420 4418; x_wconf 90' lang='lat' dir='ltr'>decem</span> <span class='ocrx_word' id='word_1_358' title='bbox 430 4361 575 4417; x_wconf 88' lang='lat' dir='ltr'>ducendus</span> <span class='ocrx_word' id='word_1_359' title='bbox 588 4361 704 4418; x_wconf 90' lang='lat' dir='ltr'>traditur</span> <span class='ocrx_word' id='word_1_360' title='bbox 719 4362 795 4418; x_wconf 90' lang='lat' dir='ltr'>Urbi.</span> 
     </span>
     <span class='ocr_line' id='line_1_67' title="bbox 122 4450 806 4525; baseline -0.003 -15"><span class='ocrx_word' id='word_1_361' title='bbox 122 4455 173 4521; x_wconf 82' lang='lat' dir='ltr'>Qui</span> <span class='ocrx_word' id='word_1_362' title='bbox 187 4454 248 4510; x_wconf 87' lang='lat' dir='ltr'>loca</span> <span class='ocrx_word' id='word_1_363' title='bbox 261 4451 424 4525; x_wconf 72' lang='lat' dir='ltr'>praeteriens</span> <span class='ocrx_word' id='word_1_364' title='bbox 440 4451 518 4519; x_wconf 83' lang='lat' dir='ltr'>dsiae,</span> <span class='ocrx_word' id='word_1_365' title='bbox 536 4450 601 4506; x_wconf 93' lang='lat' dir='ltr'>dum</span> <span class='ocrx_word' id='word_1_366' title='bbox 615 4451 717 4508; x_wconf 78' lang='lat' dir='ltr'>caerula</span> <span class='ocrx_word' id='word_1_367' title='bbox 730 4452 806 4508; x_wconf 83' lang='lat' dir='ltr'>vadit</span> 
     </span>
     <span class='ocr_line' id='line_1_68' title="bbox 119 4539 772 4617; baseline -0.003 -19"><span class='ocrx_word' id='word_1_368' title='bbox 119 4541 244 4617; x_wconf 83' lang='lat' dir='ltr'>Navigio,</span> <span class='ocrx_word' id='word_1_369' title='bbox 259 4539 416 4596; x_wconf 83' lang='lat' dir='ltr'>veneranda</span> <span class='ocrx_word' id='word_1_370' title='bbox 431 4539 484 4611; x_wconf 85' lang='lat' dir='ltr'>piis</span> <span class='ocrx_word' id='word_1_371' title='bbox 503 4539 550 4595; x_wconf 90' lang='lat' dir='ltr'>dat</span> <span class='ocrx_word' id='word_1_372' title='bbox 564 4540 671 4597; x_wconf 91' lang='lat' dir='ltr'>semina</span> <span class='ocrx_word' id='word_1_373' title='bbox 681 4540 772 4608; x_wconf 87' lang='lat' dir='ltr'>terris,</span> 
     </span>
     <span class='ocr_line' id='line_1_69' title="bbox 120 4631 757 4707; baseline -0.002 -17"><span class='ocrx_word' id='word_1_374' title='bbox 120 4634 304 4707; x_wconf 84' lang='lat' dir='ltr'>Ecclesiaequc</span> <span class='ocrx_word' id='word_1_375' title='bbox 318 4631 400 4689; x_wconf 90' lang='lat' dir='ltr'>docet</span> <span class='ocrx_word' id='word_1_376' title='bbox 410 4632 527 4704; x_wconf 87' lang='lat' dir='ltr'>populos</span> <span class='ocrx_word' id='word_1_377' title='bbox 540 4632 688 4704; x_wconf 87' lang='lat' dir='ltr'>persistere</span> <span class='ocrx_word' id='word_1_378' title='bbox 702 4638 757 4689; x_wconf 86' lang='lat' dir='ltr'>toto</span> 
     </span>
    </p>

    <p class='ocr_par' dir='ltr' id='par_1_34' title="bbox 120 4726 748 4800">
     <span class='ocr_line' id='line_1_70' title="bbox 120 4726 748 4800; baseline -0.006 -14"><span class='ocrx_word' id='word_1_379' title='bbox 120 4731 150 4786; x_wconf 91' lang='lat' dir='ltr'>ln</span> <span class='ocrx_word' id='word_1_380' title='bbox 165 4735 329 4786; x_wconf 80' lang='lat' dir='ltr'>cauciacum</span> <span class='ocrx_word' id='word_1_381' title='bbox 343 4728 428 4786; x_wconf 91' lang='lat' dir='ltr'>eorde</span> <span class='ocrx_word' id='word_1_382' title='bbox 440 4726 505 4795; x_wconf 84' lang='lat' dir='ltr'>fide,</span> <span class='ocrx_word' id='word_1_383' title='bbox 521 4727 607 4785; x_wconf 84' lang='lat' dir='ltr'>vitare</span> <span class='ocrx_word' id='word_1_384' title='bbox 616 4727 748 4800; x_wconf 80' lang='lat' dir='ltr'>profanas</span> 
     </span>
    </p>

    <p class='ocr_par' dir='ltr' id='par_1_35' title="bbox 117 4819 860 5621">
     <span class='ocr_line' id='line_1_71' title="bbox 119 4819 855 4892; baseline -0.007 -13"><span class='ocrx_word' id='word_1_385' title='bbox 119 4823 184 4890; x_wconf 81' lang='lat' dir='ltr'>Qua</span> <span class='ocrx_word' id='word_1_386' title='bbox 197 4831 264 4879; x_wconf 91' lang='lat' dir='ltr'>tunc</span> <span class='ocrx_word' id='word_1_387' title='bbox 277 4821 431 4878; x_wconf 83' lang='lat' dir='ltr'>extulerant</span> <span class='ocrx_word' id='word_1_388' title='bbox 443 4821 555 4877; x_wconf 89' lang='lat' dir='ltr'>hereses</span> <span class='ocrx_word' id='word_1_389' title='bbox 569 4828 652 4892; x_wconf 88' lang='lat' dir='ltr'>caput</span> <span class='ocrx_word' id='word_1_390' title='bbox 662 4836 710 4877; x_wconf 88' lang='lat' dir='ltr'>ore</span> <span class='ocrx_word' id='word_1_391' title='bbox 720 4819 855 4892; x_wconf 78' lang='lat' dir='ltr'>chelydri,</span> 
     </span>
     <span class='ocr_line' id='line_1_72' title="bbox 119 4910 768 4986; baseline -0.008 -15"><span class='ocrx_word' id='word_1_392' title='bbox 119 4917 271 4973; x_wconf 85' lang='lat' dir='ltr'>Exhortans</span> <span class='ocrx_word' id='word_1_393' title='bbox 286 4921 317 4970; x_wconf 93' lang='lat' dir='ltr'>ut</span> <span class='ocrx_word' id='word_1_394' title='bbox 326 4912 486 4986; x_wconf 87' lang='lat' dir='ltr'>apostolicis</span> <span class='ocrx_word' id='word_1_395' title='bbox 499 4913 645 4970; x_wconf 85' lang='lat' dir='ltr'>nexamine</span> <span class='ocrx_word' id='word_1_396' title='bbox 662 4911 725 4968; x_wconf 85' lang='lat' dir='ltr'>lorti</span> <span class='ocrx_word' id='word_1_397' title='bbox 765 4910 768 4914; x_wconf 84' lang='grc'><strong>’</strong></span> 
     </span>
     <span class='ocr_line' id='line_1_73' title="bbox 119 5001 774 5074; baseline -0.008 -13"><span class='ocrx_word' id='word_1_398' title='bbox 119 5006 260 5061; x_wconf 80' lang='lat' dir='ltr'>llaererent</span> <span class='ocrx_word' id='word_1_399' title='bbox 275 5001 397 5071; x_wconf 86' lang='lat' dir='ltr'>monitis,</span> <span class='ocrx_word' id='word_1_400' title='bbox 417 5003 515 5059; x_wconf 91' lang='lat' dir='ltr'>horum</span> <span class='ocrx_word' id='word_1_401' title='bbox 536 5001 774 5074; x_wconf 78' lang='lat' dir='ltr'>praceptasecmi</span> 
     </span>
     <span class='ocr_line' id='line_1_74' title="bbox 118 5091 804 5167; baseline -0.009 -14"><span class='ocrx_word' id='word_1_402' title='bbox 118 5096 275 5154; x_wconf 80' lang='lat' dir='ltr'>Adveniens</span> <span class='ocrx_word' id='word_1_403' title='bbox 285 5095 439 5167; x_wconf 81' lang='lat' dir='ltr'>Smyrnam,</span> <span class='ocrx_word' id='word_1_404' title='bbox 451 5091 595 5167; x_wconf 80' lang='lat' dir='ltr'>Polycarpi</span> <span class='ocrx_word' id='word_1_405' title='bbox 605 5091 691 5148; x_wconf 81' lang='lat' dir='ltr'>fultus</span> <span class='ocrx_word' id='word_1_406' title='bbox 701 5107 804 5155; x_wconf 87' lang='lat' dir='ltr'>amore,</span> 
     </span>
     <span class='ocr_line' id='line_1_75' title="bbox 117 5186 817 5269; baseline -0.006 -21"><span class='ocrx_word' id='word_1_407' title='bbox 117 5191 214 5269; x_wconf 80' lang='lat' dir='ltr'>Dirigit</span> <span class='ocrx_word' id='word_1_408' title='bbox 223 5191 289 5248; x_wconf 92' lang='lat' dir='ltr'>hinc</span> <span class='ocrx_word' id='word_1_409' title='bbox 303 5190 440 5262; x_wconf 86' lang='lat' dir='ltr'>Ephesum</span> <span class='ocrx_word' id='word_1_410' title='bbox 456 5188 566 5261; x_wconf 85' lang='lat' dir='ltr'>scriptis</span> <span class='ocrx_word' id='word_1_411' title='bbox 579 5188 715 5244; x_wconf 87' lang='lat' dir='ltr'>solamina</span> <span class='ocrx_word' id='word_1_412' title='bbox 729 5186 817 5244; x_wconf 84' lang='lat' dir='ltr'>verbi.</span> 
     </span>
     <span class='ocr_line' id='line_1_76' title="bbox 117 5277 860 5353; baseline -0.007 -15"><span class='ocrx_word' id='word_1_413' title='bbox 117 5281 186 5337; x_wconf 88' lang='lat' dir='ltr'>ilinc</span> <span class='ocrx_word' id='word_1_414' title='bbox 198 5281 280 5336; x_wconf 89' lang='lat' dir='ltr'>simul</span> <span class='ocrx_word' id='word_1_415' title='bbox 291 5279 435 5335; x_wconf 88' lang='lat' dir='ltr'>instruitur</span> <span class='ocrx_word' id='word_1_416' title='bbox 446 5278 597 5353; x_wconf 78' lang='lat' dir='ltr'>Magnesia,</span> <span class='ocrx_word' id='word_1_417' title='bbox 612 5294 702 5334; x_wconf 90' lang='lat' dir='ltr'>necno</span> <span class='ocrx_word' id='word_1_418' title='bbox 716 5277 860 5346; x_wconf 61' lang='lat' dir='ltr'>Moundou</span> 
     </span>
     <span class='ocr_line' id='line_1_77' title="bbox 119 5366 795 5439; baseline -0.004 -12"><span class='ocrx_word' id='word_1_419' title='bbox 119 5370 246 5427; x_wconf 80' lang='lat' dir='ltr'>Ecclesiae</span> <span class='ocrx_word' id='word_1_420' title='bbox 257 5367 354 5424; x_wconf 85' lang='lat' dir='ltr'>Trallis</span> <span class='ocrx_word' id='word_1_421' title='bbox 368 5366 470 5423; x_wconf 91' lang='lat' dir='ltr'>dantur</span> <span class='ocrx_word' id='word_1_422' title='bbox 479 5382 591 5439; x_wconf 88' lang='lat' dir='ltr'>quoque</span> <span class='ocrx_word' id='word_1_423' title='bbox 606 5367 713 5423; x_wconf 89' lang='lat' dir='ltr'>semina</span> <span class='ocrx_word' id='word_1_424' title='bbox 723 5368 795 5424; x_wconf 78' lang='lat' dir='ltr'>vitae.</span> 
     </span>
     <span class='ocr_line' id='line_1_78' title="bbox 119 5454 811 5528; baseline -0.01 -11"><span class='ocrx_word' id='word_1_425' title='bbox 119 5457 251 5517; x_wconf 81' lang='lat' dir='ltr'>Romanis</span> <span class='ocrx_word' id='word_1_426' title='bbox 265 5456 348 5512; x_wconf 89' lang='lat' dir='ltr'>ctiam</span> <span class='ocrx_word' id='word_1_427' title='bbox 360 5454 486 5511; x_wconf 84' lang='lat' dir='ltr'>scribens</span> <span class='ocrx_word' id='word_1_428' title='bbox 497 5455 542 5526; x_wconf 90' lang='lat' dir='ltr'>pia</span> <span class='ocrx_word' id='word_1_429' title='bbox 554 5462 705 5528; x_wconf 80' lang='lat' dir='ltr'>grammata</span> <span class='ocrx_word' id='word_1_430' title='bbox 719 5455 811 5513; x_wconf 90' lang='lat' dir='ltr'>mittit.</span> 
     </span>
     <span class='ocr_line' id='line_1_79' title="bbox 121 5544 849 5621; baseline -0.007 -11"><span class='ocrx_word' id='word_1_431' title='bbox 121 5552 243 5610; x_wconf 86' lang='lat' dir='ltr'>Poscens</span> <span class='ocrx_word' id='word_1_432' title='bbox 256 5565 291 5606; x_wconf 87' lang='lat' dir='ltr'>ne</span> <span class='ocrx_word' id='word_1_433' title='bbox 303 5563 353 5621; x_wconf 91' lang='lat' dir='ltr'>pro</span> <span class='ocrx_word' id='word_1_434' title='bbox 364 5562 394 5604; x_wconf 87' lang='lat' dir='ltr'>se</span> <span class='ocrx_word' id='word_1_435' title='bbox 409 5544 531 5617; x_wconf 85' lang='lat' dir='ltr'>doleant,</span> <span class='ocrx_word' id='word_1_436' title='bbox 548 5561 583 5605; x_wconf 88' lang='lat' dir='ltr'>ne</span> <span class='ocrx_word' id='word_1_437' title='bbox 594 5564 671 5620; x_wconf 87' lang='lat' dir='ltr'>spem</span> <span class='ocrx_word' id='word_1_438' title='bbox 686 5548 740 5604; x_wconf 92' lang='lat' dir='ltr'>sibi</span> <span class='ocrx_word' id='word_1_439' title='bbox 753 5549 849 5606; x_wconf 86' lang='lat' dir='ltr'>tollant</span> 
     </span>
    </p>
   </div>
   <div class='ocr_carea' id='block_1_25' title="bbox 946 3525 1548 3610">
    <p class='ocr_par' dir='ltr' id='par_1_36' title="bbox 946 3525 1548 3610">
     <span class='ocr_line' id='line_1_80' title="bbox 946 3525 1548 3610; baseline -0.005 -26"><span class='ocrx_word' id='word_1_440' title='bbox 946 3528 1117 3610; x_wconf 75' lang='lat' dir='ltr'>Cllartyrii3</span> <span class='ocrx_word' id='word_1_441' title='bbox 1130 3528 1187 3598; x_wconf 89' lang='lat' dir='ltr'>jam</span> <span class='ocrx_word' id='word_1_442' title='bbox 1203 3527 1294 3585; x_wconf 90' lang='lat' dir='ltr'>carnis</span> <span class='ocrx_word' id='word_1_443' title='bbox 1305 3527 1347 3584; x_wconf 85' lang='lat' dir='ltr'>eis</span> <span class='ocrx_word' id='word_1_444' title='bbox 1357 3525 1466 3583; x_wconf 83' lang='lat' dir='ltr'>affectio</span> <span class='ocrx_word' id='word_1_445' title='bbox 1476 3525 1548 3583; x_wconf 86' lang='lat' dir='ltr'>desit</span> 
     </span>
    </p>
   </div>
   <div class='ocr_carea' id='block_1_26' title="bbox 959 3617 1809 5634">
    <p class='ocr_par' dir='ltr' id='par_1_37' title="bbox 983 3617 1601 3691">
     <span class='ocr_line' id='line_1_81' title="bbox 983 3617 1601 3691; baseline -0.005 -18"><span class='ocrx_word' id='word_1_446' title='bbox 983 3618 1052 3691; x_wconf 83' lang='lat' dir='ltr'>Erga</span> <span class='ocrx_word' id='word_1_447' title='bbox 1065 3634 1105 3686; x_wconf 87' lang='lat' dir='ltr'>se,</span> <span class='ocrx_word' id='word_1_448' title='bbox 1123 3617 1309 3690; x_wconf 87' lang='lat' dir='ltr'>poenashilari</span> <span class='ocrx_word' id='word_1_449' title='bbox 1325 3617 1372 3691; x_wconf 90' lang='lat' dir='ltr'>qui</span> <span class='ocrx_word' id='word_1_450' title='bbox 1382 3617 1601 3686; x_wconf 89' lang='lat' dir='ltr'>cordercceptet</span> 
     </span>
    </p>

    <p class='ocr_par' dir='ltr' id='par_1_38' title="bbox 959 3709 1686 3873">
     <span class='ocr_line' id='line_1_82' title="bbox 986 3709 1686 3785; baseline -0.009 -16"><span class='ocrx_word' id='word_1_451' title='bbox 986 3734 997 3763; x_wconf 80' lang='grc' dir='ltr'>ι</span> <span class='ocrx_word' id='word_1_452' title='bbox 1019 3714 1088 3769; x_wconf 85' lang='lat' dir='ltr'>Ecce</span> <span class='ocrx_word' id='word_1_453' title='bbox 1103 3713 1247 3778; x_wconf 89' lang='lat' dir='ltr'>salutares,</span> <span class='ocrx_word' id='word_1_454' title='bbox 1265 3712 1365 3785; x_wconf 90' lang='lat' dir='ltr'>inquit,</span> <span class='ocrx_word' id='word_1_455' title='bbox 1385 3711 1454 3767; x_wconf 88' lang='lat' dir='ltr'>mihi</span> <span class='ocrx_word' id='word_1_456' title='bbox 1469 3725 1554 3767; x_wconf 88' lang='lat' dir='ltr'>nosco</span> <span class='ocrx_word' id='word_1_457' title='bbox 1567 3709 1686 3765; x_wconf 83' lang='lat' dir='ltr'>ferarum</span> 
     </span>
     <span class='ocr_line' id='line_1_83' title="bbox 959 3803 1620 3873; baseline -0.003 -13"><span class='ocrx_word' id='word_1_458' title='bbox 959 3805 1084 3861; x_wconf 84' lang='lat' dir='ltr'>·Exacni</span> <span class='ocrx_word' id='word_1_459' title='bbox 1099 3805 1206 3872; x_wconf 88' lang='lat' dir='ltr'>dentes,</span> <span class='ocrx_word' id='word_1_460' title='bbox 1222 3805 1346 3873; x_wconf 82' lang='lat' dir='ltr'>veniant,</span> <span class='ocrx_word' id='word_1_461' title='bbox 1362 3804 1406 3860; x_wconf 90' lang='lat' dir='ltr'>his</span> <span class='ocrx_word' id='word_1_462' title='bbox 1421 3803 1553 3860; x_wconf 86' lang='lat' dir='ltr'>carnibus</span> <span class='ocrx_word' id='word_1_463' title='bbox 1569 3804 1620 3871; x_wconf 92' lang='lat' dir='ltr'>uti,</span> 
     </span>
    </p>

    <p class='ocr_par' dir='ltr' id='par_1_39' title="bbox 983 3894 1648 3968">
     <span class='ocr_line' id='line_1_84' title="bbox 983 3894 1648 3968; baseline -0.003 -17"><span class='ocrx_word' id='word_1_464' title='bbox 983 3897 1091 3963; x_wconf 71' lang='lat' dir='ltr'>Quaeso,</span> <span class='ocrx_word' id='word_1_465' title='bbox 1102 3896 1172 3953; x_wconf 89' lang='lat' dir='ltr'>meis</span> <span class='ocrx_word' id='word_1_466' title='bbox 1186 3896 1269 3953; x_wconf 88' lang='lat' dir='ltr'>liccat</span> <span class='ocrx_word' id='word_1_467' title='bbox 1283 3896 1369 3964; x_wconf 88' lang='lat' dir='ltr'>diras,</span> <span class='ocrx_word' id='word_1_468' title='bbox 1381 3911 1449 3968; x_wconf 89' lang='lat' dir='ltr'>quas</span> <span class='ocrx_word' id='word_1_469' title='bbox 1464 3904 1529 3968; x_wconf 90' lang='lat' dir='ltr'>opto</span> <span class='ocrx_word' id='word_1_470' title='bbox 1544 3894 1648 3967; x_wconf 89' lang='lat' dir='ltr'>parari,</span> 
     </span>
    </p>

    <p class='ocr_par' dir='ltr' id='par_1_40' title="bbox 980 3991 1721 4154">
     <span class='ocr_line' id='line_1_85' title="bbox 980 3991 1721 4065; baseline -0.004 -18"><span class='ocrx_word' id='word_1_471' title='bbox 980 3991 1017 4047; x_wconf 80' lang='lat' dir='ltr'>dc</span> <span class='ocrx_word' id='word_1_472' title='bbox 1031 3999 1096 4062; x_wconf 91' lang='lat' dir='ltr'>peto</span> <span class='ocrx_word' id='word_1_473' title='bbox 1111 4007 1146 4046; x_wconf 91' lang='lat' dir='ltr'>ne</span> <span class='ocrx_word' id='word_1_474' title='bbox 1161 4000 1286 4048; x_wconf 87' lang='lat' dir='ltr'>nostrum</span> <span class='ocrx_word' id='word_1_475' title='bbox 1298 3996 1424 4047; x_wconf 89' lang='lat' dir='ltr'>metuant</span> <span class='ocrx_word' id='word_1_476' title='bbox 1436 3991 1600 4065; x_wconf 82' lang='lat' dir='ltr'>contingere</span> <span class='ocrx_word' id='word_1_477' title='bbox 1612 4004 1721 4062; x_wconf 86' lang='lat' dir='ltr'>corpus,</span> 
     </span>
     <span class='ocr_line' id='line_1_86' title="bbox 981 4082 1659 4154; baseline -0.001 -16"><span class='ocrx_word' id='word_1_478' title='bbox 981 4083 1166 4149; x_wconf 82' lang='lat' dir='ltr'>Quommdam</span> <span class='ocrx_word' id='word_1_479' title='bbox 1179 4083 1264 4140; x_wconf 90' lang='lat' dir='ltr'>veluti</span> <span class='ocrx_word' id='word_1_480' title='bbox 1275 4083 1373 4140; x_wconf 90' lang='lat' dir='ltr'>crebro</span> <span class='ocrx_word' id='word_1_481' title='bbox 1385 4082 1510 4140; x_wconf 89' lang='lat' dir='ltr'>timuisse</span> <span class='ocrx_word' id='word_1_482' title='bbox 1522 4082 1659 4154; x_wconf 89' lang='lat' dir='ltr'>patescit:</span> 
     </span>
    </p>

    <p class='ocr_par' dir='ltr' id='par_1_41' title="bbox 979 4170 1778 4337">
     <span class='ocr_line' id='line_1_87' title="bbox 980 4170 1748 4249; baseline -0.007 -20"><span class='ocrx_word' id='word_1_483' title='bbox 980 4173 1051 4239; x_wconf 81' lang='lat' dir='ltr'>Quin</span> <span class='ocrx_word' id='word_1_484' title='bbox 1066 4179 1094 4229; x_wconf 92' lang='lat' dir='ltr'>et</span> <span class='ocrx_word' id='word_1_485' title='bbox 1104 4173 1127 4229; x_wconf 92' lang='lat' dir='ltr'>si</span> <span class='ocrx_word' id='word_1_486' title='bbox 1137 4173 1277 4238; x_wconf 87' lang='lat' dir='ltr'>dubitent,</span> <span class='ocrx_word' id='word_1_487' title='bbox 1295 4189 1347 4249; x_wconf 84' lang='lat' dir='ltr'>ego</span> <span class='ocrx_word' id='word_1_488' title='bbox 1360 4189 1415 4242; x_wconf 90' lang='lat' dir='ltr'>me,</span> <span class='ocrx_word' id='word_1_489' title='bbox 1427 4173 1537 4230; x_wconf 79' lang='lat' dir='ltr'>reniam</span> <span class='ocrx_word' id='word_1_490' title='bbox 1552 4172 1618 4228; x_wconf 87' lang='lat' dir='ltr'>date</span> <span class='ocrx_word' id='word_1_491' title='bbox 1628 4170 1748 4228; x_wconf 89' lang='lat' dir='ltr'>subdam.</span> 
     </span>
     <span class='ocr_line' id='line_1_88' title="bbox 979 4258 1778 4337; baseline 0 -21"><span class='ocrx_word' id='word_1_492' title='bbox 979 4262 1067 4320; x_wconf 88' lang='lat' dir='ltr'>Nosco</span> <span class='ocrx_word' id='word_1_493' title='bbox 1082 4263 1150 4336; x_wconf 88' lang='lat' dir='ltr'>quid</span> <span class='ocrx_word' id='word_1_494' title='bbox 1170 4263 1297 4335; x_wconf 87' lang='lat' dir='ltr'>expediat</span> <span class='ocrx_word' id='word_1_495' title='bbox 1312 4263 1381 4319; x_wconf 90' lang='lat' dir='ltr'>mihi</span> <span class='ocrx_word' id='word_1_496' title='bbox 1395 4262 1549 4335; x_wconf 90' lang='lat' dir='ltr'>discipulus</span> <span class='ocrx_word' id='word_1_497' title='bbox 1563 4262 1624 4320; x_wconf 84' lang='lat' dir='ltr'>lore</span> <span class='ocrx_word' id='word_1_498' title='bbox 1638 4263 1698 4337; x_wconf 81' lang='lat' dir='ltr'>[pro</span> <span class='ocrx_word' id='word_1_499' title='bbox 1717 4258 1778 4328; x_wconf 84' lang='lat' dir='ltr'>esse]</span> 
     </span>
    </p>

    <p class='ocr_par' dir='ltr' id='par_1_42' title="bbox 1643 4352 1747 4427">
     <span class='ocr_line' id='line_1_89' title="bbox 1643 4352 1747 4427; baseline -0.029 -17"><span class='ocrx_word' id='word_1_500' title='bbox 1643 4352 1747 4427; x_wconf 81' lang='lat' dir='ltr'>[Gltristi</span> 
     </span>
    </p>

    <p class='ocr_par' dir='ltr' id='par_1_43' title="bbox 976 4446 1749 4796">
     <span class='ocr_line' id='line_1_90' title="bbox 980 4446 1749 4519; baseline 0 -17"><span class='ocrx_word' id='word_1_501' title='bbox 980 4446 1058 4503; x_wconf 85' lang='lat' dir='ltr'>Nunc</span> <span class='ocrx_word' id='word_1_502' title='bbox 1071 4447 1154 4519; x_wconf 87' lang='lat' dir='ltr'>coepi,</span> <span class='ocrx_word' id='word_1_503' title='bbox 1164 4462 1219 4503; x_wconf 91' lang='lat' dir='ltr'>non</span> <span class='ocrx_word' id='word_1_504' title='bbox 1234 4447 1355 4504; x_wconf 83' lang='lat' dir='ltr'>inrideat</span> <span class='ocrx_word' id='word_1_505' title='bbox 1368 4464 1451 4519; x_wconf 89' lang='lat' dir='ltr'>quem</span> <span class='ocrx_word' id='word_1_506' title='bbox 1465 4446 1613 4519; x_wconf 88' lang='lat' dir='ltr'>quisquam</span> <span class='ocrx_word' id='word_1_507' title='bbox 1626 4446 1749 4519; x_wconf 81' lang='lat' dir='ltr'>adipisci.</span> 
     </span>
     <span class='ocr_line' id='line_1_91' title="bbox 976 4537 1749 4615; baseline 0.001 -22"><span class='ocrx_word' id='word_1_508' title='bbox 976 4537 1113 4595; x_wconf 85' lang='lat' dir='ltr'>Fornaces</span> <span class='ocrx_word' id='word_1_509' title='bbox 1127 4539 1272 4615; x_wconf 82' lang='lat' dir='ltr'>ignesque,</span> <span class='ocrx_word' id='word_1_510' title='bbox 1288 4555 1450 4612; x_wconf 89' lang='lat' dir='ltr'>crucesque,</span> <span class='ocrx_word' id='word_1_511' title='bbox 1473 4541 1594 4611; x_wconf 82' lang='lat' dir='ltr'>leraeque</span> <span class='ocrx_word' id='word_1_512' title='bbox 1610 4545 1749 4610; x_wconf 88' lang='lat' dir='ltr'>parentur,</span> 
     </span>
     <span class='ocr_line' id='line_1_92' title="bbox 976 4630 1735 4706; baseline 0.004 -21"><span class='ocrx_word' id='word_1_513' title='bbox 976 4630 1097 4686; x_wconf 90' lang='lat' dir='ltr'>llembra</span> <span class='ocrx_word' id='word_1_514' title='bbox 1110 4631 1289 4700; x_wconf 88' lang='lat' dir='ltr'>revellantur,</span> <span class='ocrx_word' id='word_1_515' title='bbox 1303 4642 1472 4706; x_wconf 89' lang='lat' dir='ltr'>pateantque</span> <span class='ocrx_word' id='word_1_516' title='bbox 1483 4631 1648 4690; x_wconf 90' lang='lat' dir='ltr'>medullitus</span> <span class='ocrx_word' id='word_1_517' title='bbox 1660 4648 1735 4700; x_wconf 64' lang='lat' dir='ltr'>ossam</span> 
     </span>
     <span class='ocr_line' id='line_1_93' title="bbox 976 4723 1617 4796; baseline 0.002 -18"><span class='ocrx_word' id='word_1_518' title='bbox 976 4723 1007 4779; x_wconf 92' lang='lat' dir='ltr'>ln</span> <span class='ocrx_word' id='word_1_519' title='bbox 1019 4741 1064 4780; x_wconf 93' lang='lat' dir='ltr'>mc</span> <span class='ocrx_word' id='word_1_520' title='bbox 1076 4724 1207 4796; x_wconf 88' lang='lat' dir='ltr'>supplicii</span> <span class='ocrx_word' id='word_1_521' title='bbox 1223 4724 1378 4782; x_wconf 87' lang='lat' dir='ltr'>conllcntur</span> <span class='ocrx_word' id='word_1_522' title='bbox 1391 4724 1492 4781; x_wconf 89' lang='lat' dir='ltr'>robora</span> <span class='ocrx_word' id='word_1_523' title='bbox 1507 4723 1617 4790; x_wconf 91' lang='lat' dir='ltr'>cuncti,</span> 
     </span>
    </p>

    <p class='ocr_par' dir='ltr' id='par_1_44' title="bbox 979 4815 1809 5071">
     <span class='ocr_line' id='line_1_94' title="bbox 979 4815 1809 4888; baseline 0.001 -17"><span class='ocrx_word' id='word_1_524' title='bbox 979 4815 1012 4871; x_wconf 91' lang='lat' dir='ltr'>Ut</span> <span class='ocrx_word' id='word_1_525' title='bbox 1027 4816 1110 4872; x_wconf 89' lang='lat' dir='ltr'>modo</span> <span class='ocrx_word' id='word_1_526' title='bbox 1122 4816 1279 4888; x_wconf 86' lang='lat' dir='ltr'>pervaleam</span> <span class='ocrx_word' id='word_1_527' title='bbox 1292 4816 1429 4872; x_wconf 85' lang='lat' dir='ltr'>Christum</span> <span class='ocrx_word' id='word_1_528' title='bbox 1438 4815 1640 4888; x_wconf 89' lang='lat' dir='ltr'>comprendere</span> <span class='ocrx_word' id='word_1_529' title='bbox 1655 4816 1752 4873; x_wconf 83' lang='lat' dir='ltr'>lesum.</span> <span class='ocrx_word' id='word_1_530' title='bbox 1771 4828 1809 4861; x_wconf 66' lang='lat' dir='ltr'><strong>t</strong></span> 
     </span>
     <span class='ocr_line' id='line_1_95' title="bbox 1015 4908 1712 4982; baseline 0.003 -18"><span class='ocrx_word' id='word_1_531' title='bbox 1015 4908 1082 4964; x_wconf 87' lang='lat' dir='ltr'>lude</span> <span class='ocrx_word' id='word_1_532' title='bbox 1096 4908 1168 4964; x_wconf 87' lang='lat' dir='ltr'>datis</span> <span class='ocrx_word' id='word_1_533' title='bbox 1185 4909 1305 4981; x_wconf 89' lang='lat' dir='ltr'>scriptis,</span> <span class='ocrx_word' id='word_1_534' title='bbox 1320 4909 1471 4982; x_wconf 79' lang='lat' dir='ltr'>Polycarpo</span> <span class='ocrx_word' id='word_1_535' title='bbox 1485 4910 1571 4966; x_wconf 89' lang='lat' dir='ltr'>tradit</span> <span class='ocrx_word' id='word_1_536' title='bbox 1582 4909 1712 4968; x_wconf 90' lang='lat' dir='ltr'>alendam</span> 
     </span>
     <span class='ocr_line' id='line_1_96' title="bbox 980 4997 1732 5071; baseline 0.007 -19"><span class='ocrx_word' id='word_1_537' title='bbox 980 4997 1140 5065; x_wconf 81' lang='lat' dir='ltr'>Ecclesiam,</span> <span class='ocrx_word' id='word_1_538' title='bbox 1155 5007 1277 5069; x_wconf 87' lang='lat' dir='ltr'>coeptum</span> <span class='ocrx_word' id='word_1_539' title='bbox 1291 5005 1422 5071; x_wconf 86' lang='lat' dir='ltr'>repetens</span> <span class='ocrx_word' id='word_1_540' title='bbox 1436 4999 1498 5067; x_wconf 91' lang='lat' dir='ltr'>iter,</span> <span class='ocrx_word' id='word_1_541' title='bbox 1514 5000 1713 5059; x_wconf 75' lang='lat' dir='ltr'>Antiochenam</span> <span class='ocrx_word' id='word_1_542' title='bbox 1725 5019 1732 5066; x_wconf 89' lang='lat'><strong>;</strong></span> 
     </span>
    </p>

    <p class='ocr_par' dir='ltr' id='par_1_45' title="bbox 979 5093 1616 5163">
     <span class='ocr_line' id='line_1_97' title="bbox 979 5093 1616 5163; baseline 0.008 -16"><span class='ocrx_word' id='word_1_543' title='bbox 979 5093 1010 5148; x_wconf 85' lang='lat' dir='ltr'>Et</span> <span class='ocrx_word' id='word_1_544' title='bbox 1024 5093 1139 5148; x_wconf 84' lang='lat' dir='ltr'>veniens</span> <span class='ocrx_word' id='word_1_545' title='bbox 1155 5093 1268 5149; x_wconf 84' lang='lat' dir='ltr'>Romam</span> <span class='ocrx_word' id='word_1_546' title='bbox 1284 5093 1391 5163; x_wconf 76' lang='lat' dir='ltr'>Traiam</span> <span class='ocrx_word' id='word_1_547' title='bbox 1405 5094 1520 5151; x_wconf 87' lang='lat' dir='ltr'>sedibus</span> <span class='ocrx_word' id='word_1_548' title='bbox 1534 5103 1616 5153; x_wconf 85' lang='lat' dir='ltr'>astat.</span> 
     </span>
    </p>

    <p class='ocr_par' dir='ltr' id='par_1_46' title="bbox 977 5183 1731 5634">
     <span class='ocr_line' id='line_1_98' title="bbox 979 5183 1583 5256; baseline 0.01 -19"><span class='ocrx_word' id='word_1_549' title='bbox 979 5183 1025 5239; x_wconf 88' lang='lat' dir='ltr'>llic</span> <span class='ocrx_word' id='word_1_550' title='bbox 1039 5185 1148 5241; x_wconf 87' lang='lat' dir='ltr'>oblatus</span> <span class='ocrx_word' id='word_1_551' title='bbox 1167 5186 1193 5241; x_wconf 89' lang='lat' dir='ltr'>ei</span> <span class='ocrx_word' id='word_1_552' title='bbox 1208 5186 1310 5256; x_wconf 89' lang='lat' dir='ltr'>pariter</span> <span class='ocrx_word' id='word_1_553' title='bbox 1329 5187 1469 5243; x_wconf 88' lang='lat' dir='ltr'>residente</span> <span class='ocrx_word' id='word_1_554' title='bbox 1484 5196 1583 5245; x_wconf 89' lang='lat' dir='ltr'>senatu</span> 
     </span>
     <span class='ocr_line' id='line_1_99' title="bbox 977 5273 1675 5348; baseline 0.013 -20"><span class='ocrx_word' id='word_1_555' title='bbox 977 5273 1200 5348; x_wconf 73' lang='lat' dir='ltr'>Praeponensque</span> <span class='ocrx_word' id='word_1_556' title='bbox 1216 5277 1264 5331; x_wconf 89' lang='lat' dir='ltr'>Dei</span> <span class='ocrx_word' id='word_1_557' title='bbox 1277 5278 1379 5333; x_wconf 89' lang='lat' dir='ltr'>cultum</span> <span class='ocrx_word' id='word_1_558' title='bbox 1395 5278 1548 5335; x_wconf 86' lang='lat' dir='ltr'>terroribus</span> <span class='ocrx_word' id='word_1_559' title='bbox 1564 5280 1675 5337; x_wconf 83' lang='lat' dir='ltr'>horum.</span> 
     </span>
     <span class='ocr_line' id='line_1_100' title="bbox 977 5369 1707 5445; baseline 0.015 -22"><span class='ocrx_word' id='word_1_560' title='bbox 977 5369 1135 5426; x_wconf 85' lang='lat' dir='ltr'>Plnmhatas</span> <span class='ocrx_word' id='word_1_561' title='bbox 1148 5371 1269 5443; x_wconf 85' lang='lat' dir='ltr'>scapulis</span> <span class='ocrx_word' id='word_1_562' title='bbox 1283 5373 1372 5444; x_wconf 87' lang='lat' dir='ltr'>prime</span> <span class='ocrx_word' id='word_1_563' title='bbox 1388 5373 1487 5445; x_wconf 87' lang='lat' dir='ltr'>accipit</span> <span class='ocrx_word' id='word_1_564' title='bbox 1503 5373 1607 5432; x_wconf 88' lang='lat' dir='ltr'>ictibus</span> <span class='ocrx_word' id='word_1_565' title='bbox 1618 5384 1707 5441; x_wconf 79' lang='lat' dir='ltr'>actas:</span> 
     </span>
     <span class='ocr_line' id='line_1_101' title="bbox 978 5460 1731 5540; baseline 0.011 -26"><span class='ocrx_word' id='word_1_566' title='bbox 978 5460 1046 5517; x_wconf 90' lang='lat' dir='ltr'>llinc</span> <span class='ocrx_word' id='word_1_567' title='bbox 1060 5463 1120 5532; x_wconf 89' lang='lat' dir='ltr'>ejus</span> <span class='ocrx_word' id='word_1_568' title='bbox 1134 5462 1242 5518; x_wconf 90' lang='lat' dir='ltr'>lanians</span> <span class='ocrx_word' id='word_1_569' title='bbox 1260 5463 1334 5520; x_wconf 89' lang='lat' dir='ltr'>latus</span> <span class='ocrx_word' id='word_1_570' title='bbox 1351 5464 1454 5540; x_wconf 82' lang='lat' dir='ltr'>ungula</span> <span class='ocrx_word' id='word_1_571' title='bbox 1472 5465 1561 5523; x_wconf 83' lang='lat' dir='ltr'>sulcat</span> <span class='ocrx_word' id='word_1_572' title='bbox 1575 5474 1731 5540; x_wconf 83' lang='lat' dir='ltr'>utrumque,</span> 
     </span>
     <span class='ocr_line' id='line_1_102' title="bbox 979 5553 1713 5634; baseline 0.007 -24"><span class='ocrx_word' id='word_1_573' title='bbox 979 5553 1112 5627; x_wconf 80' lang='lat' dir='ltr'>Quodque</span> <span class='ocrx_word' id='word_1_574' title='bbox 1120 5555 1240 5613; x_wconf 87' lang='lat' dir='ltr'>subinde</span> <span class='ocrx_word' id='word_1_575' title='bbox 1251 5555 1350 5614; x_wconf 88' lang='lat' dir='ltr'>iricant</span> <span class='ocrx_word' id='word_1_576' title='bbox 1364 5557 1455 5615; x_wconf 88' lang='lat' dir='ltr'>scabri</span> <span class='ocrx_word' id='word_1_577' title='bbox 1466 5558 1609 5633; x_wconf 73' lang='lat' dir='ltr'>rigidique</span> <span class='ocrx_word' id='word_1_578' title='bbox 1619 5560 1713 5634; x_wconf 91' lang='lat' dir='ltr'>lapilli,</span> 
     </span>
    </p>
   </div>
   <div class='ocr_carea' id='block_1_27' title="bbox 0 0 1924 6100">
    <p class='ocr_par' dir='ltr' id='par_1_47' title="bbox 0 0 1924 6100">
     <span class='ocr_line' id='line_1_103' title="bbox 0 0 1924 6100; baseline 0 0"><span class='ocrx_word' id='word_1_579' title='bbox 0 0 1924 6100; x_wconf 95' lang='lat' dir='ltr'> </span> 
     </span>
    </p>
   </div>
  </div>
 </body>
</html>
