3840 6106
136 214 189 271 ⁷83
521 211 705 281 inuocauit!
726 213 877 271 clamodici
898 218 1063 275 illiblliNSlS
1083 216 1249 289 opusculi
1270 197 1422 273 midisel.
1755 217 1787 273 it

136 346 282 411 temnens,
299 345 373 400 hune
387 344 494 400 Domini
509 360 651 415 procerem
667 345 805 402 deducere
824 348 911 422 cogis,
961 361 982 422 Α
996 351 1148 425 Degentum
1161 350 1207 405 bic
1220 355 1323 415 lecum,
1339 349 1394 418 jorn
1410 363 1473 403 rura
1494 354 1612 421 paterna
1626 347 1736 403 reviset.
1755 368 1767 399 ι

136 441 167 495 Ni
188 457 249 496 mox
264 441 398 495 abscedas
413 440 506 507 bodie,
522 440 665 511 privabere
680 441 735 497 vita

999 439 1117 510 Proripit
1132 438 1196 492 hine
1210 453 1240 492 se
1254 452 1314 492 mos
1331 436 1434 497 stratis,
1447 451 1480 491 ac
1493 435 1553 489 visa
1569 435 1686 501 revelat,

82 560 84 563 v
137 530 257 584 Instante
278 529 451 584 hebdomada
467 529 550 583 sociis
570 529 651 584 simul
667 530 797 586 omuibus
812 532 909 587 auctis.
1000 531 1145 604 Egreditur
1155 529 1444 601 septis;complentur
1460 528 1566 583 lamina
1579 526 1681 591 sactis;

136 621 168 673 rit
182 619 204 671 si
218 619 295 686 iussa
304 633 425 688 sequens
436 633 527 688 pares,
539 617 658 672 evadere
670 635 767 690 pmnas
837 619 945 692 [horum
998 619 1111 691 iiospitii
1127 635 1188 674 nam
1202 619 1264 687 jure
1279 633 1386 683 oureus,
1402 617 1558 691 adiensque
1571 615 1702 680 Sabinos,

137 709 213 764 Nunc
228 709 331 780 poteris
352 709 474 773 subitas:
501 725 592 781 neque
612 715 639 764 tu
657 725 746 783 neque
766 711 830 784 quis
853 717 944 767 mmcu
997 711 1062 767 Cum
1073 712 1204 768 comitatu
1220 712 1281 783 ipso
1295 710 1352 785 viia
1365 709 1487 783 privatur
1499 709 1530 785 iu
1543 723 1630 767 euno.

871 865 976 923 CAPUT
1001 868 1054 923 iiii.

537 994 576 1057 Dr
600 1013 632 1055 eo
653 999 707 1073 qni
721 1000 891 1058 meretrices
908 1001 1091 1059 ruormsicrio
1107 1001 1203 1076 ipsius
1219 998 1400 1059 introducit.

137 1128 180 1182 Sic
195 1126 275 1181 etiam
293 1126 392 1180 meruit
402 1125 506 1180 sentiro
522 1125 690 1181 domesticus
706 1125 751 1180 illo

138 1215 277 1286 Suppouis
293 1230 412 1285 proriam,
429 1213 476 1284 qui
489 1213 606 1269 claustra
623 1214 765 1270 recludere
777 1214 876 1271 scortis

140 1307 197 1361 Non
212 1307 313 1364 timuit.
326 1305 369 1361 eui
386 1322 521 1376 suspenso
534 1306 685 1377 spiramine
699 1306 760 1362 diro

138 1399 283 1471 Gregorius
297 1398 390 1453 visus:
413 1419 425 1449 e
447 1398 513 1455 adala
529 1414 583 1455 nou
596 1398 644 1453 tibi
658 1406 757 1455 caelcra
771 1399 859 1462 (disits

136 1490 291 1558 Solliciunt,
309 1488 421 1545 inimice
435 1489 492 1558 Ilei,
509 1507 570 1563 quae
588 1491 706 1561 plurima
721 1491 823 1546 nostris

136 1582 264 1638 (iussistis
278 1582 387 1654 suspulis?
400 1583 676 1654 lierclriccsiusuper
691 1584 760 1638 istuc

998 1127 1145 1183 introferre
1160 1143 1242 1195 ausus
1255 1126 1334 1183 iiuxae
1349 1142 1398 1193 seu
1411 1125 1517 1189 ludicra
1532 1141 1637 1192 scenae.
1733 1158 1737 1163 ·

998 1219 1084 1273 Crede
1100 1218 1167 1286 mibi
1184 1218 1289 1283 idcirco,
1302 1225 1438 1291 praesente
1454 1216 1558 1288 peribis
1574 1217 1604 1271 in
1617 1232 1699 1283 anno.
1721 1237 1733 1279 a

997 1309 1047 1374 Qui
1061 1325 1091 1364 se
1107 1315 1271 1380 promittens
1281 1307 1431 1369 sceleratos
1444 1322 1549 1380 ponere
1565 1322 1669 1371 morin,

997 1399 1102 1471 bepoui
1119 1399 1253 1471 reddique
1270 1400 1330 1465 solo
1341 1399 1488 1466 manditur
1502 1399 1538 1457 ab
1550 1400 1618 1455 allo.

996 1493 1029 1547 iit
1041 1492 1106 1563 quia
1120 1490 1274 1562 dissimulat
1288 1506 1388 1564 pravos
1405 1506 1578 1563 continere
1592 1506 1698 1555 seusus,

961 1560 986 1627 Β
998 1554 1155 1639 Perditione
1171 1599 1220 1637 sua
1231 1583 1300 1639 vatis
1315 1583 1412 1654 probat
1423 1582 1499 1638 edita
1514 1598 1590 1637 vera.

874 1755 979 1810 «lividi
1000 1755 1066 1810 iiiii.

744 1900 783 1961 De
806 1900 921 1962 ebione
940 1904 1040 1962 srrrrcti
1061 1901 1196 1962 Andreae.

137 2041 191 2097 Nec
205 2042 297 2096 minus
316 2041 440 2110 ejusdem
454 2042 543 2097 sensit
555 2043 695 2114 Supponis
709 2043 837 2100 alumnus

136 2135 183 2187 ille
200 2149 294 2188 necem
310 2149 365 2205 quo
386 2132 494 2204 direpta
509 2139 550 2189 est
565 2134 664 2190 domus
676 2143 739 2205 apta
750 2135 881 2203 cubandi,

136 2226 184 2291 Qui
198 2226 250 2279 sibi
267 2232 347 2281 nocte
362 2242 457 2281 senem
471 2225 559 2281 visum
576 2233 646 2281 etse
663 2227 855 2283 discutientem

137 2317 317 2388 increpitans,
335 2317 495 2399 fatuumque
506 2333 608 2373 vocans
620 2318 811 2374 moderamine
826 2318 909 2394 virgae

137 2406 246 2461 Leniter
258 2413 384 2473 attactos,
401 2406 492 2461 telluri
509 2407 640 2462 sternitur
654 2407 730 2473 imae3

136 2497 251 2568 lioxque
266 2484 361 2552 senem
377 2497 488 2569 quidam
503 2514 552 2569 per
567 2498 675 2554 somnia
688 2498 805 2554 clericus
819 2498 908 2570 ipsum

136 2587 280 2658 ispiciens
293 2588 380 2656 audit,
396 2598 501 2664 surgat,
517 2589 669 2660 comitique
684 2590 797 2665 revelet,

137 2664 220 2733 Exeat
234 2688 264 2734 ut
279 2679 414 2744 claustris,
435 2696 498 2737 sose
517 2696 570 2736 uec
581 2689 710 2752 provocet
729 2682 776 2737 irae

137 2769 225 2823 Sanus
240 2779 269 2824 ut
287 2771 326 2825 ire
339 2777 432 2842 queat,
446 2769 634 2843 famulumque
648 2787 787 2827 resumere
806 2787 906 2828 caesum

135 2857 272 2921 Quaerenti
286 2859 349 2930 quis
360 2859 401 2914 sic
415 2860 467 2915 sub
483 2860 603 2933 imagine
616 2876 698 2931 posse
718 2860 836 2928 renosci,

134 2947 236 3002 tisserit
251 2942 353 3014 allicte,
365 2947 572 3020 intuitusquaru
593 2948 821 3031 luminelsumpto

996 2042 1134 2115 Comperit
1153 2043 1286 2099 liuoream
1302 2049 1427 2114 sunctum
1441 2041 1495 2097 sibi
1508 2043 1588 2112 iussa
1604 2042 1716 2105 dedisse.

996 2134 1235 2210 signatoqueloco
1252 2121 1415 2206 prostratum
1424 2133 1515 2190 ultore
1524 2135 1676 2205 superbum

997 2224 1192 2279 Semianimem
1204 2224 1360 2287 inveniens,
1377 2223 1546 2294 clamoribus
1560 2224 1649 2280 acciet
1662 2239 1751 2287 omues,

995 2314 1032 2370 ilc
1049 2313 1102 2368 sub
1116 2313 1268 2387 apostolico
1283 2314 1330 2370 dat
1345 2313 1458 2370 nomine
1474 2312 1581 2384 lamina
1596 2314 1666 2377 tuso,

996 2405 1106 2478 Hocque
1119 2406 1172 2460 sibi
1184 2389 1281 2475 iuncto
1302 2406 1398 2479 pandit
1417 2406 1550 2462 mandata
1566 2415 1692 2479 patrono,

996 2495 1043 2550 lile
1056 2511 1157 2551 vocans
1172 2499 1323 2553 monachos
1341 2496 1429 2568 culpae
1444 2496 1479 2552 de
1494 2496 1615 2572 crimine
1629 2497 1729 2570 querit,

997 2584 1080 2656 liujus
1095 2592 1122 2641 et
1136 2584 1245 2642 hortatu
1261 2586 1420 2664 convulsum
1436 2586 1558 2658 percipit
1568 2587 1663 2663 aedem„

995 2677 1153 2736 libsccdens
1163 2680 1311 2735 restaurari
1325 2678 1403 2750 jubet
1416 2679 1540 2752 amplius
1557 2681 1624 2737 illue

995 2767 1118 2840 iiospiiio
1133 2786 1190 2826 non
1206 2785 1377 2841 praesumens
1388 2769 1528 2826 divertere
1544 2779 1669 2844 sumpto,

995 2859 1115 2915 bematis
1127 2867 1155 2916 at
1164 2861 1259 2917 vulsor
1273 2860 1347 2917 letho
1356 2859 1514 2932 procumbit
1534 2876 1641 2919 amaro.

924 3114 1026 3170 carim
1045 3115 1126 3173 iiiiii.

661 3243 699 3302 Dc
720 3260 752 3302 eo
772 3248 832 3327 qni,
847 3243 960 3322 fontem
980 3242 1076 3321 ipsius
1097 3244 1287 3328 iriqutaevit.

135 3414 278 3486 Presbyter
298 3413 342 3468 illc
356 3412 438 3469 eliam
454 3413 572 3468 claustro
588 3412 716 3483 praelatus
727 3412 817 3466 eidem

133 3507 182 3572 Qui
200 3507 301 3561 iontem
319 3515 446 3578 retegens
459 3514 551 3560 scorto
566 3504 700 3559 fabricare
716 3503 841 3558 lacunam

134 3595 229 3650 irrielix
249 3611 303 3650 non
317 3594 428 3649 erubuit
440 3593 604 3667 furvumque
621 3593 737 3665 paravit,

134 3686 262 3742 Ultrieom
278 3684 364 3739 vitare
376 3701 488 3741 manum
509 3700 564 3740 non
578 3700 659 3756 posse
675 3679 817 3755 probarim

131 3779 289 3834 Terribilem
304 3795 387 3851 quem
409 3776 562 3850 prostibulo
577 3785 685 3833 traxere
699 3776 817 3841 ministri

133 3873 273 3928 Pontificis
285 3873 363 3942 iussu
380 3871 495 3935 itomani
512 3869 575 3926 talia
587 3870 676 3926 tantm

131 3966 165 4018 Se
177 3979 283 4038 gerere,
299 3963 415 4018 attonito
431 3977 531 4033 papam
547 3976 599 4017 uec
611 3959 707 4017 adesse
726 3961 854 4033 querenti

131 4044 259 4114 Pandunt
271 4058 431 4131 Gregorium
442 4071 525 4127 quem
541 4054 614 4109 laesit
626 4053 701 4111 sonte
717 4062 819 4113 reiecto

130 4150 243 4204 rictibus
256 4149 389 4223 indignis,
403 4147 534 4219 auditque
551 4146 650 4215 jubere
662 4145 783 4214 rubricis

131 4241 165 4296 Se
183 4249 295 4296 centum
310 4240 391 4307 caedi,
407 4254 522 4310 quarum
536 4237 673 4294 cruciatus
685 4236 792 4305 acerbis

133 4330 307 4398 verberibus,
323 4327 497 4400 febriumque
513 4326 607 4395 celeus
621 4341 724 4402 angore
736 4326 836 4383 citatus

957 3410 1074 3486 ssAEger
1094 3424 1166 3483 equo
1182 3407 1425 3480 impositusseptis
1441 3407 1610 3465 redhibetur
1624 3407 1741 3469 anbelus:

994 3502 1099 3558 indicat
1109 3501 1271 3565 admissum,
1287 3516 1369 3572 poeno
1382 3499 1503 3556 laniatur
1517 3509 1632 3573 apertu

994 3591 1068 3646 inter
1080 3597 1108 3646 et
1123 3590 1244 3645 assiduae
1260 3589 1345 3660 pestis
1357 3589 1531 3646 cruciamina
1541 3597 1620 3646 sexto

992 3679 1049 3734 tum
1062 3678 1169 3752 prolata
1180 3677 1226 3734 dic
1238 3678 1350 3735 tandem
1366 3677 1536 3755 miserabilis
1551 3677 1648 3741 ellat:

992 3766 1140 3842 Multisque
1156 3773 1297 3843 expertum
1312 3767 1488 3825 documentis
1508 3767 1573 3835 tabe
1591 3767 1711 3843 nospes

993 3860 1093 3917 Polluti
1108 3860 1222 3933 sceleris
1235 3878 1290 3919 non
1302 3862 1475 3937 longaminis
1488 3862 1589 3937 virere
1600 3861 1721 3921 claustris.

994 3954 1091 4036 fertur.
1102 3955 1193 4024 adbuc
1212 3955 1367 4035 isticslibra,
1382 3965 1414 4035 ei.
1425 3973 1556 4031 mcnspra
1566 3957 1649 4031 liegii,

993 4047 1099 4103 Servari
1118 4048 1213 4119 putris,
1234 4055 1352 4113 attentet
1363 4048 1386 4105 si
1406 4047 1636 4127 alilibelssiliti

994 4143 1141 4201 Extermm
1155 4144 1248 4201 nitens
1263 4145 1292 4211 in
1306 4160 1377 4217 opus
1390 4160 1560 4217 componere
1576 4161 1667 4219 panes,

993 4236 1031 4289 ild
1048 4251 1194 4291 numerum
1210 4251 1264 4292 riou
1278 4236 1422 4307 perveniet
1436 4236 1670 4315 seruireaqelttm,

992 4327 1093 4383 biensis
1104 4327 1151 4399 qui
1162 4343 1295 4400 superare
1306 4328 1377 4385 solet
1395 4328 1658 4403 miranterpinistro,

866 4488 971 4544 curbi
990 4488 1081 4543 iiiiii.

744 4617 782 4677 De
803 4615 917 4676 velnae
937 4614 1066 4675 taurania·
1089 4612 1193 4675 lenite.

127 4785 200 4840 Talia
210 4784 274 4841 dum
290 4783 358 4838 serit
372 4780 495 4839 historie
507 4780 591 4841 levita
609 4781 730 4859 loannes

128 4879 195 4933 Ecce
210 4873 362 4930 sacerdotis
375 4873 527 4945 quemdam
538 4859 600 4951 suli
610 4862 731 4947 imagine
746 4869 851 4926 somnis

125 4968 203 5022 Stare
218 4962 427 5020 cachinnantum
447 4950 547 5029 cernit,
562 4977 611 5016 cur
623 4960 725 5016 scribat
735 4950 831 5017 eorum

124 5044 189 5112 rictu
202 5046 365 5116 solutorum,
380 5064 499 5122 quorum
515 5064 571 5105 non
586 5046 687 5103 uiderit
698 5050 773 5123 ora?
807 5039 818 5047 ”

125 5146 178 5200 iste
193 5136 277 5198 refert
287 5138 356 5195 'sese
370 5135 500 5193 fidentius
515 5137 601 5192 edere
613 5152 689 5205 vera,

124 5236 200 5302 Quod
215 5250 266 5290 aec
276 5230 420 5287 blanditiis
436 5228 533 5285 necsit
547 5227 682 5284 livoribus
692 5235 768 5309 actus

126 5331 251 5406 ignotum
267 5323 338 5380 facie
353 5321 426 5377 lectu
445 5308 604 5399 describere
621 5324 717 5374 notum
733 5335 741 5385 ;

123 5423 171 5477 lile
182 5419 302 5475 fremens
318 5422 345 5472 et
358 5413 433 5494 quod
448 5412 538 5495 valeat
552 5411 654 5468 hostile
673 5411 794 5468 minatus

120 5514 222 5585 Usibus
237 5508 317 5585 istius
337 5513 443 5580 partem
460 5504 566 5562 servire
580 5503 721 5558 lucernam

118 5588 228 5671 Pressit]
243 5607 271 5657 et
285 5599 314 5654 in
329 5594 453 5675 tenebris
467 5595 542 5673 hunc
555 5592 641 5667 atque
656 5584 760 5664 pavore
776 5591 877 5675 coegit.

951 4782 977 4850 [t
991 4777 1084 4832 idortis
1098 4784 1126 4831 et
1140 4774 1252 4846 ancipiti
1270 4775 1360 4846 posito
1373 4774 1518 4830 nutamine
1533 4780 1642 4853 eandm

990 4866 1069 4921 Visus
1085 4864 1242 4938 Gregorius,
1256 4863 1373 4946 stipatus
1383 4863 1515 4936 utrinqne
1525 4861 1624 4927 beatis,

991 4956 1178 5021 dextrorsum,
1195 4969 1267 5025 papa
1280 4952 1404 5019 Nicoma,
1420 4953 1552 5024 almoque
1572 4951 1684 5008 ministro

992 5048 1158 5114 Laevorsum,
1176 5046 1266 5113 Petro,
1288 5043 1409 5100 radiatus
1423 5044 1530 5099 lumine
1546 5044 1639 5110 multo,

991 5141 1176 5213 increpitans:
1201 5161 1211 5189 ι
1233 5139 1346 5196 llodicae
1360 5138 1426 5195 lidei
1442 5156 1530 5213 qnare
1543 5134 1702 5196 uuhinuii·

990 5233 1100 5288 liostem
1116 5247 1187 5302 papa
1203 5237 1279 5285 notat
1293 5228 1380 5302 digito
1395 5227 1527 5284 Nicotaus
1541 5236 1668 5302 apertum,

989 5325 1074 5390 Quem
1087 5323 1150 5397 iace
1163 5322 1313 5397 Gregorius
1327 5323 1380 5377 lata
1392 5321 1547 5399 comitante
1559 5321 1675 5379 ministro

989 5412 1130 5471 infuscans
1142 5412 1272 5491 perhibet
1286 5427 1341 5470 uon
1361 5411 1436 5490 bunc
1450 5412 1589 5494 nigrasse,
1607 5410 1651 5468 sed
1662 5408 1719 5464 abt¹

987 5500 1157 5567 escendisse,
1168 5500 1320 5572 levansque
1332 5499 1386 5555 sibi
1406 5499 1548 5557 solamine
1562 5498 1653 5565 lidum,

987 5590 1117 5646 abscedit
1131 5602 1289 5667 magnoque
1302 5591 1392 5647 iocum
1406 5589 1454 5647 dat
1465 5588 1691 5664 iuminepicom
1783 5590 1786 5597 '
