3840 6106
126 269 180 326 153
452 269 613 327 utsuutttAE
634 271 800 329 cccccStAE
818 275 991 332 hcuuusts
1002 273 1091 332 LIBRI
1110 274 1318 340 cdricelt-
1336 275 1399 330 utu.
1420 275 1466 330 lll.
1736 275 1787 332 tet

125 409 167 457 tes
187 403 357 473 ritemquca
372 415 437 476 rege
464 401 603 460 Ludovico
628 404 845 461 Transrhenensi
861 422 934 478 prae·
946 413 971 480 Λ
985 406 1129 462 Remensis
1144 406 1273 463 Ecclesiae
1288 405 1415 462 canonici
1445 421 1476 461 ac
1496 405 1635 471 monachi,
1655 405 1787 462 videlicet

126 504 238 566 ceptum
248 496 432 552 restitutionis
451 496 559 569 aceepit
572 511 657 568 super
667 496 834 567 quibusdam
849 498 933 554 rebus
982 498 1132 563 {tedoldus
1149 495 1288 561 Gislodus,
1321 493 1454 550 vulfadus
1474 494 1534 565 [ms.
1552 493 1702 565 Volladusl,
1719 494 1786 550 Fre·

126 591 221 638 sancto
243 584 366 660 Remigio
386 587 527 657 quondam
557 585 674 662 legatis:
688 587 741 643 hoc
756 593 798 642 est
817 588 845 642 in
861 605 931 662 pago
982 594 1115 650 debentus
1127 606 1159 645 ex
1175 586 1317 644 canonicis
1332 585 1421 656 ipsius
1444 586 1548 640 matris.
1565 585 1702 652 Ecclesiae,
1714 585 1789 660 Sigi-

126 672 313 729 W0f¹¹¹³0⁰¹¹⁵i
327 668 505 730 scavenheim
518 675 547 747 [i.
561 675 749 748 stadenheim]
763 692 825 732 cum
838 679 932 733 omui·
982 681 1102 738 mundus
1112 695 1144 735 ex
1155 675 1283 733 coenobio
1298 674 1385 730 sancti
1399 674 1580 738 Theoderiei;
1597 692 1628 729 ex
1645 676 1788 730 monachis

124 763 177 817 bus
193 763 227 816 ad
254 779 285 818 sc
307 764 523 834 pertinentibus,
553 761 636 820 Cossu
663 772 690 820 et
714 765 790 820 Gleni
820 766 848 821 in
860 768 931 824 saltu
982 778 1074 827 autem
1094 766 1254 825 monasterii
1273 764 1360 820 sancti
1377 763 1506 837 Remigii,
1522 763 1679 831 Nortrinus,
1706 764 1789 818 licin-

122 851 240 926 l'osago.
259 852 289 906 ln
304 853 455 929 Thuringia
469 868 582 927 quoquc
592 855 745 923 etbustriu‚
766 855 794 910 iu
807 856 868 912 loco
884 857 932 929 qui
982 863 1074 923 radus,
1086 860 1252 933 Mauringus.
1270 858 1403 922 Antheus,
1419 854 1579 922 Tetlandus,
1595 854 1786 921 RairohalduS‚

119 940 932 1012 diciturSchouerunstat,etinilelisleba,cumomnibus
983 950 1125 1013 Radullus,
1155 949 1322 1020 wicpertus,
1351 944 1540 1000 clamaverunt
1566 958 1787 1014 suspensnssea

121 1028 228 1084 ibidem
245 1030 459 1101 aspicientibus.
476 1031 530 1087 Res
538 1047 650 1104 quoque
659 1034 806 1089 nonnullas
813 1035 931 1107 juraque
983 1040 1096 1112 praelato
1111 1037 1382 1108 archiepiscoposuo
1404 1032 1439 1088 ab
1455 1031 1695 1087 administratione
1710 1031 1789 1086 ordi-

118 1119 248 1173 eeclcsiru
263 1136 295 1173 ac
306 1120 445 1192 nrarrcipia
460 1120 568 1195 legibus
594 1137 644 1192 per
659 1121 805 1178 advocatos
818 1124 931 1180 evindi-
982 1149 1048 1186 num
1064 1129 1326 1192 ecclesiastieorum,
1342 1125 1377 1181 ad
1390 1140 1460 1197 quos
1482 1124 1517 1178 ab
1539 1123 1631 1177 Ebonc
1647 1120 1787 1193 quondam

120 1217 184 1308 cata
194 1211 335 1280 recepisse
349 1211 495 1282 reperitur.
512 1212 932 1286 Resetiamnonnullasepisco-
983 1223 1104 1294 provecti
1121 1221 1239 1277 fuerant.
1256 1220 1345 1289 Super
1357 1216 1612 1290 quareclrmatione
1624 1213 1790 1288 elegilprae·

122 1315 173 1369 lm,
202 1308 290 1353 terras
317 1300 423 1355 scillcet
446 1308 530 1372 atqle
556 1302 705 1372 mancipia,
729 1319 791 1359 cum
816 1304 933 1360 diversis
984 1323 1095 1372 notatus
1107 1312 1232 1386 pontifex
1249 1309 1531 1378 hincmarusjudices
1546 1308 1598 1362 sibi
1615 1306 1789 1361 wenilonem

122 1392 261 1461 Ρθῐὲθῦῑῦ,
282 1393 315 1446 ³⁴¹
344 1400 546 1449 lucrementum
569 1394 704 1461 ecclesi&
735 1412 784 1466 plo
813 1398 932 1468 partium
984 1412 1012 1460 et
1026 1403 1191 1459 lllmaricum
1203 1417 1287 1472 supra
1307 1407 1411 1455 taxatos
1432 1397 1669 1469 archiepiscopos.
1684 1395 1791 1450 Pardu-

120 1485 333 1553 opportunitate
347 1485 535 1541 commutavit.
564 1486 657 1541 Sedet
677 1495 814 1559 praecepta
830 1489 933 1563 regalia
983 1493 1038 1549 lum
1055 1507 1168 1565 quoque
1197 1491 1406 1547 laudunensem
1433 1487 1607 1558 episcopum,
1630 1483 1720 1555 quiin
1737 1484 1790 1538 hoc

121 1591 208 1645 super
218 1575 347 1646 pluribus
360 1592 455 1632 earum
476 1593 568 1633 rerum
584 1579 850 1636 commutationibus
859 1580 933 1637 obti-
980 1585 1087 1654 judicio
1102 1584 1191 1639 locum
1208 1581 1426 1653 metropolitanae
1446 1596 1503 1634 suae
1518 1583 1656 1632 servasset
1668 1575 1790 1631 auctori·

122 1684 191 1722 nere
216 1670 329 1724 curavit.
362 1670 509 1727 Canonicis
542 1689 656 1745 quoque
683 1675 765 1744 hujus
789 1677 934 1732 Remensis
984 1680 1057 1735 tatis.
1075 1678 1129 1750 lpsi
1150 1676 1313 1732 clamatores
1334 1672 1570 1741 eosdemjudices
1593 1672 1788 1742 suscipientes,

122 1760 251 1815 ecclesiae
271 1763 406 1833 hospitale
421 1764 565 1821 constituit
579 1765 614 1820 ad
629 1767 834 1839 susceptionem
850 1785 931 1840 pere·
983 1766 1150 1823 addiderunt
1164 1766 1247 1821 etiam
1276 1763 1456 1819 Prudentium
1486 1761 1654 1816 trecassinae
1669 1759 1790 1816 civitatis

121 1852 280 1923 guidonum,
296 1855 338 1909 vel
354 1871 508 1926 pauperum
521 1857 652 1930 congruis
666 1858 701 1913 ad
717 1859 744 1913 id
759 1859 934 1931 rebusdepu-

121 1942 195 2008 tatis,
211 1959 275 1996 cum
286 1959 422 2000 consensu
432 1946 662 2017 coepiscoporum
675 1948 818 2004 Remensis
829 1950 933 2005 dicece-

120 2032 932 2104 scos,atquesubscriptionibuseorumdem,eaconditione,

122 2127 152 2174 ut
168 2119 246 2174 nullo
271 2137 392 2192 unquam
420 2130 545 2193 tempore
574 2125 692 2196 quilibet
715 2127 873 2198 episcopus,
889 2129 932 2183 vel

122 2207 258 2279 quaelibet
274 2224 392 2279 persona
400 2210 512 2265 casdem
526 2228 569 2267 res
581 2213 709 2285 cuiquam
722 2215 750 2269 in
767 2215 932 2272 beneficium

121 2298 198 2360 dare,
215 2299 257 2355 vel
273 2299 301 2351 in
317 2299 387 2353 alios
402 2315 469 2355 usus
492 2316 661 2374 quocunque
674 2306 757 2360 modo
772 2305 933 2362 abstrahere

121 2395 282 2458 praesunrat,
299 2389 643 2461 nequealiquemceusum
660 2393 702 2448 vel
714 2394 932 2452 redhibitionem

122 2475 225 2529 exinde
240 2474 369 2546 accipiat,
398 2475 447 2531 sed
465 2484 550 2532 totum
567 2479 704 2552 quidquid
720 2498 753 2537 ex
770 2483 837 2554 ipsis
850 2483 933 2540 rebus

117 2574 192 2631 yustc
208 2563 317 2634 acquiri
334 2566 466 2635 potuerit,
482 2565 511 2621 in
540 2584 607 2624 usus
621 2586 775 2642 pauperum
789 2582 873 2645 atque
885 2591 932 2630 ca·

983 1856 1154 1926 episcopum.
1164 1854 1193 1907 lli
1205 1853 1315 1921 judiees
1325 1851 1466 1907 constituti
1478 1851 1695 1918 hocjudiearunt
1703 1850 1787 1920 quod,

982 1945 1006 2000 si
1021 1944 1077 1999 Ebo
1092 1943 1319 2013 archiepiscopus
1333 1941 1360 1994 in
1376 1955 1426 1995 suo
1442 1947 1513 1995 statu
1530 1955 1645 1994 maneus
1655 1938 1790 1993 canonice

983 2032 1140 2088 hossratres
1151 2029 1331 2095 ordinaverit,
1344 2029 1479 2084 deberent
1493 2028 1659 2083 ministrare.
1669 2027 1696 2082 Si
1705 2027 1789 2082 etiam

983 2124 1084 2193 injuste
1104 2122 1241 2190 dejectus,
1260 2130 1288 2175 et
1313 2119 1446 2174 canonice
1463 2117 1614 2178 restitutus,
1632 2123 1694 2187 post
1712 2133 1791 2172 suam

983 2212 1144 2269 canonicam
1159 2209 1362 2266 restitutionem
1396 2208 1509 2263 eosdem
1533 2206 1714 2273 ordinaverit,
1729 2206 1791 2261 sine

983 2305 1038 2359 ulla
1053 2303 1206 2376 questione
1221 2302 1355 2358 deberent
1371 2300 1453 2356 etiam
1467 2298 1634 2354 ministrare.
1651 2298 1728 2353 Unde
1745 2298 1789 2353 in·

983 2396 1111 2470 terrogati
1140 2404 1205 2450 sunt
1226 2394 1401 2450 ordinatores
1429 2392 1576 2456 llincmari,
1603 2399 1630 2445 ut
1645 2391 1788 2445 edicerent

983 2504 1044 2561 quae
1059 2489 1095 2542 de
1111 2487 1215 2543 libonis
1229 2485 1416 2557 depositione,
1432 2493 1460 2538 et
1475 2483 1509 2538 dc
1523 2482 1660 2537 ancmari
1672 2496 1789 2551 compe-

983 2577 1086 2632 rissent
1099 2574 1282 2632 ordinatione.
1299 2574 1376 2628 Tunc
1393 2586 1510 2646 surgens
1533 2569 1721 2625 Theodericus
1735 2568 1790 2624 Ca·

122 2653 299 2717 ⁰⁰¹¹i⁰⁰f⁰¹¹¹2
315 2654 469 2709 secundum
481 2655 593 2712 modum
609 2658 778 2731 descriptum
800 2664 827 2717 iu
847 2664 933 2734 privi·
982 2667 1152 2725 meraoensis
1167 2667 1316 2738 episcopus
1326 2665 1448 2737 porrexit
1475 2664 1502 2717 in
1515 2669 1666 2734 conspeetu
1682 2662 1789 2733 princi-

120 2745 204 2820 legim
222 2753 250 2799 ct
263 2761 279 2799 a
295 2746 404 2800 caeteris
414 2748 736 2819 episcopiscoufirtuato,
751 2757 932 2825 expendatur.
983 2759 1064 2830 pisel
1076 2756 1175 2828 synodi
1187 2755 1330 2825 scriptum,
1347 2753 1493 2809 continens
1504 2751 1630 2808 ordinem
1639 2751 1791 2822 depositio

123 2838 210 2908 Super
224 2837 279 2891 hoc
292 2852 404 2909 quoque
419 2840 570 2896 constituto
584 2842 667 2917 regiae
681 2846 852 2901 auctoritatis
866 2864 933 2918 prae-
983 2848 1026 2902 uis
1054 2845 1159 2917 praelati
1189 2844 1300 2900 libonis.
1330 2844 1396 2898 Tum
1426 2843 1586 2897 ventilatum
1607 2848 1649 2896 est
1674 2841 1792 2913 qualiter

122 2935 231 2997 ceptum
245 2944 263 2982 a
277 2928 376 2985 liarolo
400 2946 464 3005 rege
489 2929 549 2986 lieri
575 2941 658 3006 atque
682 2934 784 2991 firmari
798 2937 929 2995 obtinuit.
982 2945 1173 2994 exarrctoratus
1183 2936 1331 3008 episcopus
1342 2935 1451 2991 restitui
1463 2933 1573 2997 debeat,
1596 2940 1626 2989 ut
1636 2933 1701 3004 quia
1717 2931 1790 2987 idem

124 3020 171 3076 Res
188 3023 932 3098 praetereaetvillasepiseopiipeneomnesordinaris
983 3026 1039 3082 Ebc
1056 3029 1199 3083 restitutus
1217 3027 1351 3082 canonico
1378 3041 1433 3082 nou
1462 3025 1554 3092 luerit,
1585 3021 1789 3094 iusupcrctab

124 3112 325 3168 rationabiliter
332 3114 450 3170 coloniis
469 3116 588 3173 describi
608 3117 683 3174 iecit.
946 3102 1135 3190 Caposrotica
1147 3120 1215 3175 sede
1227 3119 1321 3192 Sergio
1333 3135 1404 3191 papa
1419 3117 1598 3173 coulirmante
1606 3114 1790 3184 deiectionem

444 3252 548 3309 CAPUT
566 3254 610 3309 lll.

127 3340 155 3392 lle
167 3339 275 3409 syuodo
303 3343 525 3411 comprovinciali
549 3344 625 3414 opud
638 3341 828 3403 Suessouicam
839 3350 932 3405 urbem

474 3415 570 3470 bobila

153 3526 200 3582 llic
215 3526 392 3583 honorabilis
419 3531 518 3600 praesul
536 3532 706 3600 llincmarus,
723 3553 796 3593 anno
811 3539 854 3595 sui
870 3540 932 3612 epi·

126 3622 253 3686 scopatus
265 3617 386 3686 septimo
399 3618 533 3690 (uu853t,
550 3622 686 3694 synodum
695 3625 791 3682 habuit
806 3644 934 3700 compro-

125 3706 267 3762 vincialem
283 3708 357 3778 apud
386 3709 578 3767 Suessouicam
603 3715 711 3783 urbem,
724 3717 751 3772 in
766 3721 933 3777 munasterio

124 3797 204 3852 uncti
216 3797 353 3864 Redardi,
378 3798 407 3852 in
422 3800 539 3856 ccclesia
554 3812 654 3859 sanctae
673 3806 813 3864 Trinitatis
827 3811 933 3866 honore

125 3894 325 3949 trenciacum
354 3886 499 3945 Wenilonc
527 3889 681 3947 Senouensi
710 3896 931 3970 archiepiscopo,

126 3978 260 4034 lmalrico
288 3979 453 4046 Turonensi,
473 3982 644 4041 Theoderico
660 3985 850 4044 Cameracensi
867 3991 932 4062 epi-

127 4068 357 4140 scopo,Rothado
370 4070 547 4140 suessonico,
564 4075 642 4146 Lupo
656 4077 860 4145 Catalauuensi,
872 4080 932 4134 lm-

127 4172 207 4213 mone
226 4151 453 4234 Noviomagensi,
465 4161 587 4233 Erpuino
599 4164 810 4236 Silvanectcnsi,
823 4169 934 4225 eren-

126 4244 383 4315 lridoBelvacensi,
415 4249 533 4307 Pardulo
556 4253 743 4323 Laudunonsi,
774 4257 932 4314 Rilmerado

107 4340 315 4408 ,Ambianensh
331 4342 452 4399 Ruberto
481 4345 625 4412 bleldensi,
646 4349 713 4422 ligio
729 4351 931 4418 aurelianensi,

127 4433 276 4490 l'rudentio
290 4433 462 4503 Trecassino,
491 4437 648 4494 Hermanno
674 4441 692 4493 Ν
698 4441 847 4509 iverucnsi,
861 4443 931 4499 lona
945 4470 972 4538 D

982 3213 1067 3279 illius,
1083 3213 1228 3268 damnatus
1247 3212 1394 3274 exstiterit,
1424 3221 1454 3265 ut
1471 3211 1498 3264 in
1518 3209 1588 3265 laica
1599 3210 1671 3281 [ηιςη
1688 3208 1786 3280 laicali]

983 3305 1174 3362 tantummodo
1206 3304 1402 3360 communione
1432 3309 1566 3357 maneret.
1591 3303 1659 3357 Tum
1675 3300 1790 3355 recitata

982 3397 1157 3462 auctoritate,
1174 3395 1295 3469 qualiter
1308 3391 1789 3466 metropolitanusdebeatordinari,

984 3489 1083 3545 litteris
1098 3504 1210 3561 quoque
1225 3488 1363 3544 caconicis
1375 3485 1696 3556 chhamradi,cpiscopi
1715 3483 1791 3538 Rari-

982 3582 1087 3638 siorum
1104 3580 1244 3646 Ecclesia,
1266 3576 1436 3634 confirmatis
1453 3592 1501 3630 sua
1520 3574 1620 3646 suique
1648 3571 1790 3644 archiepi-

982 3675 1069 3744 scopi,
1086 3683 1114 3728 et
1129 3673 1358 3743 coepiscoporum
1387 3684 1500 3723 suorum
1513 3665 1652 3732 manibus,
1672 3679 1742 3736 quas
1757 3663 1791 3717 ad

983 3767 1147 3838 petitionem
1161 3764 1304 3820 Remensis
1327 3762 1466 3827 Ecclesiae,
1489 3760 1555 3816 cleri
1571 3775 1603 3814 ac
1619 3759 1709 3829 plebis
1724 3756 1791 3810 llin-

982 3871 1075 3912 cmaro
1086 3855 1239 3918 tribuerat;
1255 3854 1367 3908 decreto
1391 3852 1473 3905 etiam
1494 3849 1629 3905 canonico
1643 3847 1790 3902 Remorum

983 3946 1050 4002 cleri
1064 3945 1255 4016 nobiliumque
1268 3942 1396 3997 manibus
1409 3940 1550 4003 roborato,
1576 3937 1695 4009 qualiter
1713 3952 1791 3991 eum·
1870 3940 1874 3944 ’

983 4041 1045 4096 dem
1061 4041 1235 4095 llincmarum
1257 4037 1309 4090 sihi
1339 4035 1513 4106 postularunt
1540 4031 1662 4088 ordinari
1678 4029 1790 4101 episco-

984 4153 1048 4208 pum
1059 4143 1201 4191 ostensum
1214 4141 1256 4188 est
1270 4131 1404 4187 canonice
1420 4144 1482 4184 cum
1500 4127 1656 4198 praesentia,
1668 4125 1712 4180 vel
1727 4138 1791 4179 con·

982 4246 1065 4285 sensu
1077 4229 1200 4286 omnium
1225 4225 1453 4296 coepiscoporum
1480 4221 1624 4277 Remensis
1639 4220 1793 4276 dioeceseos

984 4343 1046 4381 eum
1061 4325 1218 4380 ordinatum
1233 4319 1485 4392 archiepiscopum.
1509 4317 1573 4372 Post
1588 4317 1647 4370 haec
1674 4328 1792 4389 surgens

984 4418 1057 4472 idem
1074 4418 1245 4478 hincmarus,
1275 4397 1505 4483 inconspectum
1528 4410 1603 4481 lans,
1629 4406 1789 4479 conspectu]

127 4526 390 4601 huntendunensi,
418 4528 572 4587 couetsauo
603 4529 788 4598 eavitonensi,
819 4535 931 4590 corona
985 4504 1792 4586 Pf¹¹¹⁰¹li⁸01⁵l¹¹⁰di=l⁰slfl¹il¹i¹i⁰l³⁸⁰³¹¹⁰⁰l⁰⁸⁸sl⁰⁸⁸

127 4616 327 4693 ¹indegat'cnsi,
355 4619 507 4676 Guntberto
541 4620 712 4691 Rbroicensi,
744 4624 931 4682 hildebranno

981 4605 1137 4661 ordinatum
1153 4603 1223 4658 sacri
1248 4616 1370 4657 canones
1396 4597 1430 4654 ab
1443 4596 1650 4653 ordinatoribus
1664 4595 1791 4664 accipere

127 4706 424 4782 Saginnsi‚Rigboldo,
455 4711 601 4766 Remorum
621 4714 831 4784 chorepiscopo.
850 4715 930 4770 Resi-
979 4695 1089 4765 Rheni»
1117 4695 1190 4748 diem
1224 4692 1403 4764 Pfaefeieffles
1432 4695 1460 4744 ⁰¹
1484 4688 1637 4743 ⁰⁰R⁸¹¹¹⁰ffi
1669 4683 1791 4741 ΡΟΓΓθΧῙῑ

127 4794 254 4851 dentibus
272 4799 355 4853 etiam
385 4801 555 4871 presbyteris
589 4811 616 4857 et
645 4803 931 4868 abbatibus,l)odoue

127 4888 221 4944 abbate
240 4893 398 4947 monasterii
414 4894 618 4957 sanctiSabini,
631 4895 706 4966 Lupo
718 4895 825 4951 abbate'
835 4912 932 4952 inona-

127 4981 198 5035 sterii
214 4981 291 5053 quod
308 4981 411 5038 dicitur
424 4984 589 5050 Ferrarium,
606 4985 746 5041 Bernardo
760 4985 860 5041 abbate
873 5001 932 5041 mo-

127 5071 234 5124 nasterii
252 5073 339 5125 sancti
366 5071 518 5138 Benedicti,
539 5073 615 5142 quod
645 5073 747 5128 dicitur
768 5075 930 5143 Florianum,

126 5153 215 5211 0dnue
246 5158 406 5213 monasterii
435 5162 509 5231 quod
538 5163 639 5218 dicitur
664 5165 797 5233 Cor-heire,
819 5166 932 5223 ilariaco

125 5248 284 5304 monasterii
310 5247 467 5317 corbionis,
484 5253 591 5310 bavone
614 5258 773 5312 nronasterii
788 5257 930 5313 Rrhaceu-

123 5336 168 5404 sis,
185 5347 213 5394 et
229 5341 443 5412 quampluribus
456 5345 519 5400 aliis
532 5348 721 5404 sacerdotibus
734 5357 761 5404 et
772 5349 930 5417 abbatibus,

122 5426 277 5483 astantibus
291 5429 456 5487 diaconibus
470 5449 502 5488 ac
517 5435 686 5506 reliquorum
699 5438 834 5510 graduum
845 5439 929 5504 clero,

121 5517 271 5576 Residente
287 5536 400 5594 quoque
421 5524 449 5578 in
476 5526 568 5582 modio
598 5528 718 5600 glorioso
744 5529 929 5604 regellarolo.

121 5609 170 5666 Ubi
186 5614 316 5684 quaedam
350 5617 506 5673 necessaria
538 5619 666 5676 Ecclesiae
682 5621 728 5676 Rei
740 5633 806 5676 sunt
824 5633 932 5694 pertra-

118 5707 190 5756 ctata
200 5703 325 5774 negotia.
336 5701 376 5758 td
386 5718 468 5777 quam
483 5708 618 5779 synodum
636 5709 801 5766 accedentes
817 5710 930 5783 quidam

983 4789 1066 4845 ctiam
1078 4787 1224 4861 epistolam
1241 4785 1386 4843 Remensis
1400 4783 1558 4855 provincie,
1575 4799 1607 4839 ac
1622 4796 1693 4854 pene
1709 4779 1792 4835 totius

983 4884 1076 4940 Galliae
1091 4883 1221 4939 manibus
1237 4883 1431 4953 episcoporum
1458 4879 1652 4950 subscriptam,
1669 4876 1702 4931 ad
1718 4890 1789 4946 apo·

982 4975 1106 5030 stolicum
1121 4973 1216 5029 sedern
1226 4968 1491 5043 proconiirmatione
1503 4968 1590 5040 ipsius
1605 4965 1791 5023 ordinationis

982 5069 1083 5124 datam.
1101 5066 1226 5122 Ostendit
1239 5067 1322 5121 etiam
1336 5064 1459 5135 diploma
1474 5078 1593 5130 sacrum,
1603 5061 1690 5134 ipsius
1704 5074 1791 5115 vene·

983 5163 1062 5218 randi
1077 5161 1211 5233 principis
1236 5161 1366 5216 manibus
1386 5158 1560 5232 insignitum,
1578 5165 1605 5212 et
1616 5155 1709 5230 sigillo
1722 5154 1791 5210 sub-

983 5253 1173 5328 tersignatum,
1188 5268 1220 5306 ex
1233 5250 1434 5322 approbatione
1459 5264 1516 5304 suae
1543 5248 1727 5305 ordinationis
1755 5246 1788 5300 ad

982 5344 1242 5399 eamdemsanctam
1271 5349 1299 5397 et
1325 5341 1504 5412 apostolicam
1534 5338 1790 5397 RomanamEccle·

981 5435 1061 5490 siam.
1094 5435 1194 5506 Sicque
1220 5435 1374 5503 judicatum
1400 5443 1483 5507 atque
1525 5432 1717 5488 confirmatum
1746 5437 1788 5484 ost

982 5524 1157 5579 Rincmarum
1172 5526 1333 5597 episcopum
1350 5527 1482 5581 canonice
1501 5525 1670 5580 ordinatum.
1683 5519 1787 5575 lleinde

981 5618 1141 5673 ventilatum
1153 5627 1204 5682 est,
1222 5619 1289 5692 quid
1300 5619 1504 5674 decernendum
1522 5617 1592 5672 soret
1603 5617 1637 5671 de
1648 5615 1700 5679 his,
1717 5627 1788 5684 quos

980 5710 1039 5768 Ebu
1057 5720 1121 5784 post
1133 5728 1211 5768 suam
1226 5713 1441 5786 depositionem,
1456 5712 1562 5783 absque
1576 5709 1701 5785 legitima
1707 5708 1787 5766 resti·
