3840 6106
145 227 215 286 tout
808 226 982 284 bassoldi!
1001 226 1035 282 vt
1054 224 1149 281 PAPAE
1744 223 1820 282 1088

145 353 255 426 tuisque
280 355 488 411 successoribus
499 355 527 411 in
556 362 720 427 perpetuum
740 369 823 427 supra
849 354 952 411 dictum
967 361 993 427 Α
1006 353 1116 424 tuisque
1131 352 1341 409 successoribus
1359 351 1504 410 ecclesiam
1520 356 1622 407 sancte
1638 350 1736 407 Crucis
1752 366 1816 406 cnm

146 447 356 516 monasterium,
371 465 433 504 cum
448 449 579 505 omnibus
597 449 654 505 suis
673 448 834 520 adjacentiis
848 454 875 503 et
890 463 954 518 pen-
1005 440 1122 497 decimis
1136 449 1164 496 et
1179 439 1318 512 primitiis,
1335 449 1363 496 et
1389 439 1416 495 S.
1432 439 1546 496 loannis
1563 455 1626 496 cum
1654 438 1774 495 decimis
1789 451 1816 494 et

147 537 283 605 tinentiis,
299 554 360 594 cum
382 539 483 595 linibus
498 540 677 612 terminisque
697 540 763 595 suis.
782 539 812 594 Et
825 537 887 595 ideo
899 538 954 593 tuis
1004 529 1133 601 primitiis
1148 535 1174 584 cl
1188 528 1388 595 0blal50¹¹ib¹1⁸2
1414 537 1498 601 alque
1520 527 1649 584 ⁸¹0dib¹¹⁸
1677 527 1712 582 ad
1742 528 1816 598 ipsas

149 623 205 697 piis
228 624 375 682 desideriis
394 626 527 692 faventes,
553 635 648 684 nostra
663 627 812 698 apostolica
831 627 954 683 auctori·
1004 621 1140 679 Ecclesias
1159 619 1374 692 pcrtinentibus,
1388 628 1416 674 et
1440 619 1584 676 ecclesiam
1599 619 1628 676 S.
1644 618 1768 674 ltaudilii
1788 619 1814 672 in

147 720 204 771 tate
229 717 405 773 decernimus
420 719 453 774 ad
469 719 559 790 ipsum
580 720 721 790 praelatum
743 719 771 774 S.
783 786 787 791 ·
798 717 870 774 Petri
886 732 954 789 apo·
1006 711 1076 770 valle
1093 708 1255 781 Tabellaria,
1276 714 1304 764 et
1319 707 1464 764 ecclesiam
1491 708 1518 763 S.
1544 706 1677 779 Stephani
1693 722 1759 779 quae
1775 714 1815 761 est

149 807 213 864 stoli
236 810 431 867 monasterium
462 827 523 866 cum
553 811 682 867 omnibus
711 811 769 867 suis
798 810 897 865 amodo
929 817 957 864 et
1006 804 1035 870 in
1048 803 1121 859 valle
1141 800 1341 867 Subirsdcllos,
1358 806 1386 855 et
1404 799 1547 855 ecclesiam
1566 799 1595 853 S.
1617 797 1775 864 Fructuosi,
1790 807 1816 852 ct

150 912 237 969 usque
260 898 287 951 in
308 897 390 953 sanem
405 899 499 954 saeculi
514 899 567 954 sub
583 898 738 970 patrocinio
754 904 781 952 ct
794 897 957 953 defensione
1007 895 1151 954 ecclesiam
1171 893 1199 948 S.
1224 892 1362 948 vincentii
1381 907 1442 964 quae
1465 890 1554 947 estin
1582 888 1653 946 valle
1682 889 1816 944 banciani

150 992 252 1041 sanotae
271 972 401 1041 llomana
415 997 443 1042 et
461 987 619 1057 apostolica
639 987 734 1042 matris
753 985 880 1042 Ecclesia
894 1001 958 1057 per·
1008 1004 1070 1044 cum
1086 986 1202 1042 decimis
1230 993 1257 1039 et
1276 983 1405 1055 primitiis
1425 983 1491 1047 suis,
1508 991 1535 1038 et
1550 981 1696 1038 ecclesiam
1722 980 1751 1034 S.
1768 981 1817 1035 Ge

153 1079 238 1149 patim
254 1081 483 1151 permanendum,
498 1087 526 1136 et
540 1082 591 1136 sub
603 1081 719 1137 tuitione
734 1087 837 1136 sanctae
847 1087 958 1147 nostras,
1010 1079 1092 1146 nesii,
1108 1084 1136 1133 et
1159 1075 1305 1132 ecclesiam
1321 1074 1348 1129 S.
1367 1073 1439 1130 Petri
1466 1073 1604 1145 cumipse
1631 1081 1724 1128 castro
1738 1071 1817 1126 llira·

153 1172 197 1229 oui
212 1174 267 1229 lton
282 1183 393 1229 auctore
417 1175 599 1241 deservimus,
619 1174 747 1230 Ecclesiae
769 1174 958 1239 constitutum,
1010 1172 1072 1236 lias,
1088 1177 1115 1227 et
1135 1170 1224 1240 ipsum
1239 1175 1356 1224 castrum
1373 1166 1504 1221 virdariae
1519 1182 1580 1221 cum
1597 1165 1658 1237 ipso
1673 1163 1818 1220 castellare

153 1266 257 1321 nullius
270 1266 448 1335 altariusjuri
469 1274 496 1322 et
511 1267 608 1323 ditioni
625 1266 810 1333 submittatur,
831 1265 886 1322 uisi
909 1265 961 1321 sub
1010 1267 1123 1316 etcum
1148 1259 1209 1328 ipso
1232 1254 1333 1312 Fitorio
1361 1262 1388 1310 et
1422 1270 1485 1310 cum
1517 1253 1604 1309 Pinna
1638 1251 1732 1327 Nigra,
1756 1267 1816 1305 eum

156 1362 201 1410 tua
215 1361 381 1427 tuorumque
395 1372 584 1412 successorum
599 1355 627 1409 in
643 1364 817 1427 perpetuum.
1011 1351 1141 1408 omnibus
1157 1348 1258 1416 rochis,
1274 1347 1354 1403 torris
1369 1353 1396 1402 et
1409 1345 1502 1418 sylvis,
1524 1360 1585 1418 quae
1600 1343 1674 1399 inira
1700 1343 1754 1397 bos
1767 1349 1820 1396 ter-

192 1442 391 1499 Conlirmamus
410 1460 530 1516 namque
546 1445 595 1499 tibi
618 1444 727 1516 tuisque
755 1443 962 1500 successoribus
1013 1446 1104 1502 minos
1128 1452 1203 1511 sunt,
1218 1448 1333 1514 excepto
1352 1441 1440 1512 ipsam
1462 1440 1559 1495 silvam
1587 1438 1622 1494 de
1646 1444 1744 1493 sancto
1769 1437 1822 1492 llo

153 1532 317 1603 praedictum
343 1534 541 1588 monasterium
556 1550 618 1589 cum
644 1533 703 1589 suis
722 1534 848 1590 terminis
864 1541 892 1589 et
914 1533 963 1589 ad·
1013 1551 1107 1601 mano,
1120 1537 1191 1591 sicut
1215 1539 1325 1591 resonat
1337 1533 1366 1588 in
1382 1533 1475 1588 charta
1490 1547 1572 1604 qnam
1593 1530 1724 1586 lecerunt
1738 1529 1822 1583 Gaus-

152 1626 291 1695 jacentiis,
311 1635 339 1683 ot
353 1645 415 1684 cum
440 1629 570 1686 omnibus
598 1647 659 1703 quae
682 1631 796 1686 inlerius
818 1631 964 1687 continen-
975 1662 1001 1731 B
1014 1628 1110 1685 fredus
1123 1642 1216 1684 comes
1230 1634 1258 1682 ct
1281 1625 1430 1697 episcopus
1444 1622 1587 1680 Suniarius
1600 1621 1636 1678 ad
1647 1621 1706 1691 jam
1720 1621 1822 1677 dictum

156 1724 211 1782 tur,
236 1716 264 1770 id
291 1725 343 1784 cst,
370 1719 405 1773 ab
427 1718 486 1790 ipsa
505 1720 587 1774 meda
606 1736 667 1791 quae
691 1726 733 1775 est
757 1718 826 1774 inira
855 1726 962 1791 portum
1014 1717 1184 1776 cenobium.

159 1806 273 1862 Fraxani
300 1816 327 1864 et
348 1809 408 1881 ipso
433 1826 493 1866 raso
512 1827 602 1882 usque
625 1811 653 1866 in
685 1811 775 1867 locum
805 1827 888 1883 quem
917 1811 964 1865 di·
1051 1807 1324 1866 ltemconfirmamus
1346 1805 1487 1882 adipsum
1504 1800 1825 1871 coenobiuminperpe-

161 1906 228 1954 cunt
241 1898 306 1954 Tres
322 1899 429 1966 iratres,
452 1917 468 1956 a
496 1901 719 1972 partevidelicet
741 1902 855 1958 orientis
877 1918 965 1976 usque
1015 1909 1093 1956 tuum
1119 1905 1245 1974 stagnum
1267 1895 1301 1951 de
1328 1894 1474 1951 castilione
1499 1908 1562 1949 cum
1589 1892 1651 1964 ipso
1679 1889 1768 1964 φάη
1793 1887 1825 1943 da

160 1986 190 2042 iu
204 1988 327 2043 medium
342 2005 432 2056 mares
449 1997 531 2062 atque
550 1991 615 2046 inde
629 1991 705 2046 vadit
719 1991 754 2046 ad
769 1992 860 2063 ipsum
875 1993 965 2049 locum
1016 2007 1091 2047 mare
1106 1998 1207 2048 etcum
1223 1988 1290 2060 ipsis
1308 1986 1417 2053 insulis,
1433 1985 1505 2041 sicut
1528 1989 1641 2040 resonat
1669 1981 1698 2036 in
1720 1995 1825 2052 praece-

159 2088 241 2145 quem
259 2081 358 2130 vocant
372 2075 501 2132 liolinum
517 2077 552 2133 de
572 2078 714 2146 Balascbo,
731 2079 852 2151 indeque
870 2096 967 2150 perve-
1017 2090 1064 2155 pto
1087 2080 1218 2137 Ludovicr
1241 2077 1325 2154 regis,
1341 2077 1399 2133 sive
1423 2076 1451 2132 in
1466 2077 1562 2132 charta
1590 2090 1673 2147 qnam
1701 2073 1826 2128 lecerunt

161 2166 202 2220 nit
234 2166 268 2221 ad
292 2167 378 2236 ipsam
404 2168 531 2237 Tamarit,
559 2176 586 2225 ot
612 2170 677 2225 inde
705 2172 795 2245 pergit
819 2187 908 2244 usque
933 2173 967 2227 ad
1017 2175 1295 2233 Gauzircduscomes
1310 2171 1495 2228 etSuniarius
1513 2167 1825 2240 episcopusadmona-

159 2255 249 2327 ipsam
275 2255 442 2319 Petralitam,
466 2264 493 2313 at
515 2275 619 2314 serram
639 2260 771 2332 usquein
791 2262 851 2332 ipso
867 2261 968 2319 litorio
1018 2264 1133 2321 sterium
1146 2265 1202 2334 jam
1219 2263 1334 2326 dictum,
1349 2266 1377 2316 et
1392 2265 1525 2331 quantum
1542 2257 1628 2313 habet
1655 2257 1748 2328 ipsum
1768 2271 1827 2310 mo·

160 2342 196 2398 de
220 2344 465 2402 montePininello
494 2355 521 2402 ot
537 2348 611 2403 vadit
635 2349 811 2405 ascendendo
826 2366 915 2422 usque
941 2351 968 2406 iu
1019 2356 1168 2413 nestorium
1196 2354 1223 2408 in
1258 2352 1325 2408 villa
1360 2350 1527 2407 Castellioue
1554 2356 1581 2404 el
1622 2346 1741 2403 invilla
1780 2346 1829 2400 Pa·

162 2435 319 2491 firmitatem
336 2436 424 2508 ipsius
443 2439 556 2507 montis,
570 2448 653 2512 atque
671 2441 865 2497 descendendo
881 2442 970 2518 pergit
1019 2446 1107 2501 latioli
1139 2459 1220 2516 quem
1262 2446 1362 2498 vocant
1399 2439 1558 2494 Furtianum
1600 2435 1774 2508 superiorem
1805 2443 1830 2488 et

162 2546 213 2603 per
240 2529 327 2601 ipsam
358 2530 429 2585 siam
460 2547 549 2603 usque
577 2532 605 2587 iu
634 2533 724 2588 locum
758 2549 841 2607 quem
869 2541 970 2591 vocant
1019 2533 1217 2592 Fortianellnm
1244 2531 1399 2593 minorem,
1414 2533 1442 2582 et
1457 2527 1581 2581 villarem
1608 2523 1742 2580 lldesindi
1768 2539 1826 2578 cum

163 2618 322 2686 sorberelo,
338 2626 365 2675 et
389 2618 586 2676 descendendo
607 2622 770 2692 pervcnitin
794 2623 880 2694 ipsam
907 2623 971 2678 Clu·
1020 2623 1088 2696 ipsis
1111 2621 1217 2694 stagnis
1241 2625 1269 2675 et
1301 2615 1468 2690 piscatoriis,
1493 2622 1520 2670 et
1557 2613 1651 2670 omnia
1690 2627 1752 2685 qnae
1782 2611 1829 2665 ba-

163 2727 221 2767 mm
237 2713 313 2767 etad
336 2712 424 2783 ipsum
453 2713 571 2768 casalem
600 2714 636 2770 de
656 2715 794 2770 Friulano.
813 2716 879 2771 lnde
906 2732 970 2772 saro
1020 2714 1069 2769 bet
1096 2712 1124 2766 in
1151 2708 1270 2765 termino
1306 2708 1341 2762 de
1374 2707 1435 2778 ipso
1465 2705 1533 2761 raro
1563 2711 1592 2759 et
1617 2702 1690 2758 villae
1723 2701 1828 2757 Saecari

162 2799 289 2855 ascendit
304 2815 353 2871 per
366 2799 422 2869 iam
436 2801 535 2857 dictam
556 2802 629 2857 niam
645 2803 679 2858 ad
695 2803 785 2875 ipsum
805 2805 923 2860 casalem
936 2805 971 2860 do
1021 2801 1130 2860 etvillae
1143 2814 1221 2856 novae
1246 2805 1274 2854 et
1288 2796 1384 2854 villare
1396 2794 1537 2870 stagniolo
1560 2809 1623 2849 cum
1639 2791 1710 2864 ipsis
1729 2790 1829 2865 stagnis

163 2889 313 2960 salvatore,
329 2891 405 2948 etad
434 2892 523 2964 ipsum
545 2894 646 2950 collum
662 2895 799 2951 Trederici
826 2896 860 2952 de
885 2897 972 2952 Vinea
1021 2902 1050 2950 et
1062 2892 1121 2948 suis
1134 2889 1334 2956 villarunculis,
1354 2894 1383 2943 et
1404 2893 1539 2960 quantum
1559 2884 1644 2939 babet
1659 2883 1689 2937 in
1705 2882 1768 2938 villa
1783 2882 1828 2936 Pe·

164 2979 264 3048 Vifflla,
293 2982 461 3052 θῑΡθΝθῦῙῑ
490 2998 578 3055 usque
602 2982 628 3038 5¹¹
645 2985 831 3040 summildlem
859 2985 969 3051 mulis,
1021 2982 1829 3061 tralta‚etinvillatileastri,etinvillaS.Clementis‚et

166 3069 213 3142 qui
228 3070 332 3126 ibidem
349 3080 400 3126 est.
426 3072 493 3127 lndc
515 3088 580 3128 vero
603 3073 679 3129 vadit
693 3091 744 3145 per
765 3075 852 3146 ipsam
867 3091 970 3130 sermm
987 3032 1051 3139 Cin
1066 3081 1160 3137 villane
1180 3075 1328 3144 Dodollini,
1345 3083 1373 3130 et
1392 3075 1420 3129 iu
1437 3072 1567 3130 comitatu
1596 3069 1779 3143 lmpurstuno,
1805 3077 1830 3122 el

168 3177 257 3233 usque
282 3162 311 3216 in
334 3161 436 3217 collum
458 3163 493 3217 de
509 3163 723 3233 llermeneardo,
746 3172 774 3220 et
787 3167 913 3237 pervenit
937 3169 973 3222 ad
1023 3179 1156 3246 quantum
1174 3167 1257 3223 habet
1269 3167 1298 3221 in
1311 3165 1377 3222 vitta
1391 3162 1532 3227 lllilitiano,
1549 3177 1632 3233 quem
1647 3169 1749 3216 vocant
1767 3158 1831 3213 Stu-

167 3250 271 3307 iontem
288 3254 345 3307 sire
360 3254 394 3308 ad
416 3254 516 3309 collum
532 3254 567 3311 de
585 3256 709 3322 Filmera‚
726 3264 754 3313 et
778 3257 842 3313 iude
857 3257 891 3313 ad
916 3259 972 3315 col·
1022 3267 1097 3317 ctum
1113 3259 1234 3322 Petrum,
1250 3255 1320 3311 etin
1336 3253 1402 3308 silla
1412 3251 1584 3307 armentaria
1598 3266 1664 3307 cum
1678 3250 1738 3321 ipsa
1748 3248 1830 3304 eccle·

167 3343 224 3398 lum
240 3344 267 3399 S.
285 3345 411 3412 Genesii3
427 3345 523 3418 sicque
538 3347 715 3404 ascendendo
731 3355 759 3405 et
777 3349 974 3407 descendendo
1024 3351 1065 3406 sia
1085 3350 1114 3404 S.
1128 3346 1246 3414 Martini,
1263 3352 1292 3402 et
1314 3346 1342 3402 in
1358 3343 1424 3399 nilla
1436 3341 1570 3408 llucroni,
1600 3347 1629 3397 et
1648 3340 1679 3394 iu
1694 3340 1759 3395 villa
1786 3339 1834 3394 Co·

168 3430 244 3488 vadit
262 3448 314 3504 per
337 3433 522 3490 summitatem
547 3435 581 3490 de
611 3436 670 3507 ipsa
691 3452 767 3492 serra
779 3454 862 3510 quam
877 3446 976 3496 vocant
1025 3440 1123 3504 lumbi,
1138 3447 1166 3496 et
1181 3439 1210 3494 in
1229 3438 1294 3494 villa
1309 3437 1452 3494 chaniano
1466 3449 1528 3491 cum
1542 3431 1664 3488 ecclesia
1679 3431 1706 3487 S.
1719 3431 1833 3487 llartini.

169 3523 263 3594 calmi,
292 3535 320 3584 et
342 3529 468 3599 pervenit
493 3529 592 3585 subtus
629 3532 720 3603 ipsum
747 3539 865 3589 castrum
892 3551 974 3606 quem
1025 3537 1053 3588 et
1067 3531 1094 3586 in
1110 3528 1175 3586 nilla
1189 3529 1339 3596 Suntrana,
1360 3533 1388 3582 et
1400 3526 1429 3581 in
1444 3525 1508 3581 villa
1522 3522 1670 3587 Dalmalia,
1690 3529 1718 3578 et
1733 3521 1760 3577 in
1773 3521 1835 3576 silla

167 3623 268 3672 socam
281 3615 370 3672 Pinna
384 3617 466 3693 Nigra
477 3634 567 3691 usque
582 3619 611 3675 in
630 3620 706 3692 ipsas
720 3620 814 3678 vineas
828 3639 890 3696 qum
913 3633 978 3680 sunt
1026 3619 1183 3685 Torricella,
1203 3626 1231 3674 et
1245 3617 1273 3673 in
1292 3616 1357 3672 uilla
1376 3613 1510 3670 llinbeuri
1524 3612 1637 3668 monui.
1656 3612 1688 3666 lit
1708 3612 1736 3666 in
1751 3609 1835 3667 comi-

169 3705 204 3762 de
219 3705 335 3762 Palairo.
361 3707 394 3762 El
407 3709 482 3765 vadit
506 3710 602 3767 subter
623 3711 710 3783 ipsam
739 3714 835 3771 silvam
859 3732 921 3789 quae
936 3727 977 3775 est
1026 3716 1084 3766 talu
1099 3706 1306 3772 bisuldunensi,
1319 3712 1452 3778 quantum
1467 3701 1549 3758 babet
1564 3700 1593 3755 in
1610 3701 1677 3757 villa
1689 3699 1780 3755 Lcrtio
1794 3700 1837 3755 sel

168 3793 203 3850 ad
226 3795 371 3851 meridiem
386 3797 483 3854 subtus
503 3809 622 3855 castrum
634 3801 765 3860 virdariae
779 3821 867 3878 usque
880 3806 977 3865 subtus
1026 3800 1055 3857 in
1067 3799 1252 3867 molendium,
1267 3798 1311 3853 vel
1321 3797 1350 3852 ¹¹¹
1364 3794 1491 3867 Talli⁰¹³⁵
1504 3809 1573 3866 ‘lm
1586 3802 1690 3850 V⁰⁰³¹¹¹
1703 3792 1833 3869 figam·

169 3885 258 3957 ipsam
272 3887 382 3943 rocbam
407 3906 489 3960 quam
507 3890 603 3948 dicunt
617 3893 729 3962 litorio,
754 3903 781 3952 et
795 3899 921 3954 ascendit
941 3899 976 3954 ad
1027 3890 1060 3947 El
1073 3890 1102 3944 in
1116 3889 1247 3945 00¹nil³ll¹
1269 3884 1450 3950 Gefflndessssis
1471 3883 1562 3955 ipsum
1587 3898 1716 3937 ¹¹¹⁸⁰⁸¹¹¹¹¹
1733 3881 1780 3953 qui
1797 3889 1836 3935 ⁸⁵¹

169 3979 269 4034 vallem
285 3978 319 4036 de
341 3981 519 4050 Fulcimania,
540 3990 622 4056 atque
637 3989 761 4057 pervenit
773 3990 870 4046 subtus
885 3991 977 4049 lantes
1026 3977 1098 4034 infla
1123 3991 1217 4032 ΝΜ
1235 3975 1360 4046 ejusdem
1385 3971 1512 4038 civitatib
1535 3977 1563 4027 θῑ
1588 3970 1682 4027 Villam
1711 3968 1833 4025 Ρθῑᾶἱῑθῑῑ

172 4067 206 4123 de
221 4069 330 4124 bevotis
356 4070 496 4127 invallem
521 4071 556 4128 de
585 4074 711 4131 Frinone.
729 4078 876 4135 lndeuero
903 4081 977 4137 vadit
1026 4083 1090 4126 cum
1103 4066 1226 4123 5061θῦῑᾶ
1240 4066 1268 4123 S·
1285 4065 1405 4132 Genesii,
1421 4073 1448 4121 θῑ
1460 4061 1607 4118 0⁰0¹0¹5⁸¹¹¹
1623 4067 1728 4118 ⁵³¹¹&OE
1741 4059 1831 4115 flasi&

171 4171 222 4229 per
237 4157 309 4229 ipsas
329 4159 427 4215 rochas
441 4177 529 4233 usque
555 4162 584 4217 in
608 4172 730 4221 montem
755 4167 790 4222 de
810 4168 923 4238 lnlesta,
949 4180 977 4226 et
1027 4166 1056 4222 iu
1072 4165 1200 4233 blandas,
1214 4171 1242 4219 ct
1254 4161 1399 4219 ecclesiam
1414 4160 1500 4216 sancti
1516 4155 1631 4225 luliani,
1646 4164 1675 4213 et
1688 4156 1832 4211 Ecclesiam

173 4246 318 4303 descendit
332 4266 347 4304 a
361 4258 438 4320 parte
455 4251 610 4309 Occidentis
625 4272 675 4326 per
700 4257 788 4329 ipsam
802 4259 874 4314 riam
891 4260 978 4331 publi·
1028 4262 1115 4318 sancti
1132 4259 1258 4334 Gaugini,
1274 4266 1302 4314 et
1314 4255 1406 4313 villam
1417 4255 1522 4328 Felgari
1541 4269 1604 4309 cum
1618 4252 1739 4308 eeclesia
1750 4250 1834 4306 sancti

173 4353 330 4412 eamusque
346 4341 373 4396 iu
388 4344 499 4399 rocham
520 4345 677 4414 ventosam,
694 4356 721 4404 ot
743 4350 768 4404 in
785 4351 875 4422 ipsum
890 4368 978 4424 usque
1022 4356 1170 4430 ‘Cypriani
1193 4361 1220 4410 et
1234 4352 1383 4410 Ecclesiam
1398 4358 1497 4408 ssnctae
1517 4349 1610 4415 iustae,
1625 4363 1689 4403 curn
1721 4345 1835 4401 decimis

172 4428 262 4484 ¹⁰⁰¹¹s¹¹
284 4429 331 4502 qm
349 4433 606 4490 vocaturdevatde
623 4436 740 4512 saurga,
756 4445 784 4494 et
805 4441 978 4496 aasentias
1031 4452 1059 4502 a
1080 4443 1209 4517 primitiis
1227 4449 1254 4499 a
1282 4439 1472 4497 oblationibus
1499 4438 1534 4494 aa
1560 4437 1676 4493 easdem
1704 4433 1835 4491 secessas

173 4520 261 4592 ipsam
285 4537 406 4590 crucem,
422 4523 517 4597 sicque
536 4525 680 4583 descendit
692 4545 780 4602 usque
800 4531 829 4586 in
853 4532 923 4587 riam
945 4533 980 4588 de
1030 4532 1243 4606 pertinentibus,
1264 4539 1291 4585 et
1307 4529 1399 4599 ipsum
1415 4528 1510 4599 pinum
1522 4526 1569 4599 qui
1589 4524 1643 4580 luit
1666 4524 1702 4578 de
1720 4522 1834 4586 Borello,

171 4607 303 4679 jamdicta
322 4626 402 4667 cruce
418 4629 467 4683 per
480 4614 567 4686 ipsam
581 4616 679 4673 vallem
696 4634 785 4691 usque
805 4620 833 4675 in
851 4622 926 4696 reigo
944 4622 979 4677 de
1029 4633 1057 4681 ot
1080 4624 1190 4681 alaudia
1213 4620 1390 4679 soccoronio.
1415 4620 1446 4675 Et
1465 4619 1494 4674 in
1520 4617 1654 4674 comitatu
1683 4616 1835 4671 Bnrcbino-

174 4696 289 4773 budiga.
316 4699 382 4756 lnde
397 4701 541 4760 descendit
564 4704 592 4760 in
615 4707 717 4763 collum
743 4711 778 4765 de
799 4709 934 4778 Terrario,
951 4722 979 4767 et
1032 4718 1122 4782 pensi,
1143 4724 1172 4771 at
1189 4715 1216 4769 in
1231 4713 1361 4780 tianensi,
1385 4713 1413 4767 in
1425 4717 1519 4767 monte
1540 4709 1647 4783 Signio,
1675 4714 1704 4764 et
1720 4710 1749 4763 in
1771 4707 1838 4764 salle

174 4788 302 4859 pervenit
322 4788 350 4845 iu
369 4793 554 4850 summitatem
575 4798 677 4853 montis
697 4815 779 4871 quem
805 4799 901 4856 dicunt
928 4800 983 4855 llo·
1032 4806 1167 4873 Jordaria,
1182 4811 1317 4878 qnantum
1333 4802 1438 4858 ibidem
1452 4798 1544 4855 habet.
1563 4798 1632 4853 Etin
1646 4797 1713 4853 villa
1726 4797 1839 4861 barone,

75 4900 78 4904 ’
175 4880 227 4936 oba
243 4881 365 4938 Murena.
382 4884 488 4941 Deinde
516 4903 533 4942 a
556 4896 634 4959 parte
650 4890 726 4947 circii
740 4889 937 4947 descendendo
956 4898 983 4947 et
1032 4908 1060 4956 et
1073 4896 1219 4972 indgello,
1234 4904 1262 4952 et
1278 4895 1306 4949 in
1318 4892 1458 4950 Terminio
1478 4891 1512 4946 de
1528 4889 1658 4945 Olerdula
1672 4889 1701 4943 in
1718 4889 1841 4943 penades

175 4978 353 5034 ascendendo
380 4981 507 5051 pervenit
541 4983 569 5038 in
594 4986 781 5042 summitatem
815 4986 849 5042 de
872 4985 983 5042 Wardia
1032 4990 1158 5048 alaudem
1181 4988 1229 5061 qui
1264 4986 1317 5043 luit
1340 4986 1375 5042 de
1404 4985 1551 5041 Guiliscbo.
1588 4982 1621 5038 Et
1649 4981 1678 5037 in
1709 4982 1841 5037 comitatu

176 5067 320 5134 llaunsca,
341 5078 369 5127 at
383 5071 474 5147 pergit
491 5091 541 5145 per
559 5091 694 5132 summam
722 5093 825 5134 serram
844 5092 932 5150 usque
951 5076 980 5131 in
1032 5085 1150 5144 Ausona,
1178 5089 1312 5152 quantum
1336 5077 1422 5134 habet
1443 5075 1550 5132 invilla
1573 5075 1670 5149 berga,
1689 5088 1755 5129 cum
1784 5073 1842 5143 ipsa

176 5160 279 5231 parada
292 5161 326 5217 de
352 5163 491 5234 Durando,
512 5173 540 5223 et
562 5168 688 5239 pervenit
708 5186 758 5241 per
772 5185 907 5226 summam
922 5185 982 5224 ser·
1032 5170 1148 5228 ecclesia
1163 5170 1268 5225 Sanctae
1284 5168 1392 5224 Ceciliae
1407 5182 1470 5222 cum
1484 5179 1535 5220 suo
1545 5163 1655 5231 alaude,
1669 5169 1700 5218 et
1711 5161 1842 5217 alaudem

176 5264 234 5304 ram
250 5252 383 5324 usquein
404 5255 512 5310 rederix
530 5257 564 5312 de
583 5264 678 5313 sancto
693 5257 820 5315 Genesin.
837 5259 869 5314 Et
889 5274 983 5314 ascen-
1023 5262 1114 5333 'quem
1140 5259 1224 5315 habet
1248 5258 1275 5312 in
1293 5255 1422 5314 terminio
1448 5254 1483 5309 de
1512 5261 1601 5309 castro
1618 5251 1756 5317 Cardono,
1773 5260 1802 5306 et
1816 5250 1844 5304 in

178 5340 220 5396 dit
239 5358 290 5414 per
308 5359 442 5401 summam
466 5364 569 5404 serram
590 5349 618 5405 in
633 5348 724 5421 ipsum
740 5351 852 5425 pugium
873 5351 920 5424 qui
939 5358 982 5407 ost
1033 5351 1185 5409 Correzano
1200 5350 1345 5406 ecclesiam
1369 5347 1474 5402 Sanctae
1497 5344 1587 5400 Mariae
1602 5354 1633 5399 et
1658 5342 1755 5398 Sancti
1774 5341 1845 5397 Petri

180 5445 265 5501 super
287 5431 378 5503 ipsum
395 5434 600 5505 llovescarium,
627 5445 655 5494 et
669 5438 812 5494 descendit
830 5455 881 5510 per
894 5439 981 5511 ipsam
1034 5455 1096 5495 cum
1109 5454 1159 5495 suo
1178 5438 1288 5494 alaude.
1304 5437 1335 5492 Et
1355 5436 1383 5490 in
1396 5434 1527 5491 comitatu
1542 5431 1707 5496 Paliarensi,
1721 5429 1848 5500 justaci-

178 5536 281 5577 serram
305 5524 340 5579 ad
363 5526 421 5596 jam
442 5528 543 5584 dictam
565 5531 674 5587 medam
695 5546 756 5604 quae
785 5538 828 5585 est
852 5530 926 5586 intus
954 5528 983 5584 in
1034 5528 1146 5585 vitatem
1163 5526 1354 5592 liminianam,
1369 5521 1515 5581 ecclesiam
1534 5522 1560 5576 S.
1574 5520 1694 5576 andreae
1710 5529 1739 5576 et
1753 5519 1849 5576 omnia

180 5628 266 5671 mare.
288 5616 355 5676 ltcm
375 5619 446 5676 inira
472 5622 523 5677 hos
554 5623 686 5680 terminos
711 5620 907 5680 confirmamus
933 5621 982 5679 tibi
1034 5634 1097 5692 quoe
1112 5617 1196 5674 habet
1216 5616 1245 5672 in
1261 5615 1361 5674 eodem
1377 5612 1519 5670 comitatu.
1538 5611 1571 5667 lit
1589 5609 1618 5666 in
1636 5609 1772 5667 comitatu
1787 5610 1848 5664 Cer-
