3840 6106
215 312 269 369 tta

775 309 959 367 rtouotuet
980 307 1133 366 caueatct
1154 310 1318 368 badensis

1827 322 1880 378 tlt

212 441 337 508 minime,
351 440 421 496 sieut
434 446 539 497 rectum
565 447 618 508 est,
647 440 851 513 persolvantur.
869 441 946 497 Unde
963 443 1144 513 ma-Aomni
1166 445 1319 509 exactione,
1346 462 1408 518 quae
1448 454 1571 521 teprporc
1600 450 1643 505 ari
1670 432 1755 507 nostri
1786 453 1881 510 domni

210 532 378 608 gnifrccntioe
392 541 493 590 nostrae
518 534 598 606 petiit
613 534 786 609 dignitatem,
811 543 843 590 ut
854 540 956 590 nostrae
973 551 1019 589 au-

210 625 345 683 ctoritatis
357 634 526 697 praeceptum
548 626 583 681 ob
596 627 643 682 Dei
658 633 686 682 et
708 635 809 683 sanetae
835 625 923 698 ipsius
938 625 1017 680 Geni·

209 717 295 784 tricis,
311 718 369 774 sive
384 718 498 790 pretiosi
522 719 630 789 patroni
647 720 733 775 nostri
761 721 878 797 Remigii
894 739 1016 779 amorem

211 804 237 860 ei
250 804 311 861 fieri
318 807 492 876 juberemus.
501 806 583 876 Cujus
592 807 672 863 nobis
681 809 845 865 amabilibus
858 819 886 867 et
895 829 1018 868 neeessa-

211 893 689 967 riispetitionibusacquiescentes,
709 903 737 951 et
752 897 838 953 libere
853 898 1017 971 placideque

210 983 407 1055 obsequentes,
422 985 476 1040 hoe
501 992 602 1040 nostre
630 1000 737 1059 magnae
762 987 932 1042 auctoritatis
948 1004 1018 1058 prae·

211 1078 321 1142 ceptum
343 1072 368 1127 ei
396 1071 456 1128 ficri
475 1073 619 1142 jussimus.
647 1073 700 1128 Per
727 1074 801 1144 quod
826 1074 1018 1145 praecipientes

211 1173 341 1231 expresse
356 1160 498 1229 jubemus,
525 1168 555 1216 ut
570 1161 695 1234 quisquis
721 1161 843 1217 fidetium
861 1162 907 1217 Rei
927 1163 1017 1218 omni-

211 1248 343 1317 potentis,
356 1257 579 1321 nostrommquc,
594 1265 628 1305 ex
647 1249 751 1305 eisdem
765 1251 922 1305 sanctaeRci
938 1252 1017 1325 geni-

210 1339 286 1394 tricis
301 1339 400 1408 llariae,
416 1340 460 1396 uel
480 1341 567 1396 saneti
595 1339 761 1396 confessoris
776 1339 874 1396 Christi
891 1342 1016 1417 Remigii,

212 1425 359 1481 Remorum
375 1427 498 1482 ecelesiae
524 1428 618 1495 rebus,
632 1429 692 1483 sire
716 1428 891 1500 episcopatus
907 1431 1017 1505 religio-

210 1517 312 1572 sissimi
331 1525 359 1574 et
384 1518 554 1574 dilectissimi
582 1519 663 1575 nobis
685 1518 822 1575 Rinemari
849 1502 1017 1576 venerabilis

162 1689 165 1695 1
209 1611 421 1683 archiepiscopi,
444 1611 549 1684 aliquid
577 1613 679 1668 habere
694 1612 876 1688 dignoscitur,
898 1613 956 1668 sire
969 1629 1019 1684 per

210 1697 365 1772 largitionis
379 1706 480 1754 nostrae
503 1699 724 1767 concessionem,
745 1699 803 1755 sive
818 1714 868 1770 per
886 1714 1018 1771 quorum-

1070 530 1160 586 liareli
1186 533 1359 604 imperatoris
1373 552 1407 590 ex
1424 537 1521 592 eadem
1550 554 1613 594 casa
1631 540 1679 594 Rei
1700 541 1883 616 exigebantur

1069 619 1104 674 ad
1116 622 1257 692 palatium,
1273 626 1347 695 quod
1372 634 1486 681 vocatur
1506 628 1680 702 aquisgrani,
1695 637 1726 684 ut
1741 631 1769 684 in
1795 630 1882 685 aedifi-

1068 711 1177 766 catione
1204 720 1231 767 et
1251 715 1451 770 restauratione
1479 716 1566 787 ipsius
1592 717 1716 773 ecclesiae
1741 718 1802 785 Rei,
1832 736 1881 791 pcr

1069 802 1160 858 futura
1176 812 1300 876 tempora
1314 823 1400 879 usque
1422 808 1457 862 ad
1471 806 1555 864 finem
1566 809 1671 877 saecuii,
1683 811 1717 864 ad
1733 811 1879 866 utilitatem

1069 909 1142 965 saepe
1153 895 1232 952 dietae
1245 907 1347 953 sancta
1361 898 1486 954 ecelesiae
1501 900 1528 955 in
1545 901 1722 973 eleemosyna
1738 901 1882 974 itliuspre

1069 981 1194 1052 facerent,
1217 993 1245 1040 et
1269 1003 1321 1042 nec
1343 988 1377 1042 ad
1392 989 1521 1044 eumdem
1545 991 1647 1057 locum,
1667 992 1709 1045 rel
1735 991 1772 1046 ad
1795 992 1878 1046 alium

1069 1078 1221 1147 quemlibet
1241 1078 1308 1150 ipsae
1339 1079 1550 1147 redhibitiones,
1578 1083 1621 1137 vel
1660 1082 1795 1153 impensae
1825 1083 1880 1138 ullo

1069 1186 1190 1241 unquam
1208 1177 1331 1241 ternpore
1346 1172 1531 1247 exigerentur,
1541 1174 1589 1228 sed
1601 1174 1715 1229 remissa
1731 1175 1880 1250 induigen-

1070 1262 1106 1316 tia
1125 1261 1199 1316 illius
1214 1262 1242 1316 in
1253 1262 1352 1317 eodem
1373 1263 1433 1319 loco
1448 1263 1622 1335 proficerent.
1634 1264 1795 1335 Cujusbene
1805 1274 1881 1342 gesta

1069 1361 1128 1408 rata
1141 1354 1308 1421 judicantes,
1335 1371 1385 1426 per
1414 1357 1466 1412 hoe
1496 1367 1596 1412 nestrae
1625 1358 1801 1413 auctoritatis
1816 1375 1883 1430 praL

1068 1450 1178 1513 ceptum
1192 1441 1378 1510 decernimus,
1403 1450 1433 1498 ut
1459 1445 1593 1517 quidquid
1610 1445 1644 1500 de
1665 1446 1823 1513 exactione,
1840 1447 1880 1502 ret

1069 1532 1203 1602 operariis
1236 1532 1373 1603 praedictae
1405 1534 1610 1589 constitutionis
1648 1550 1733 1606 supra
1760 1536 1881 1606 scriptus

1069 1622 1188 1678 domnus
1201 1631 1229 1678 et
1255 1624 1366 1698 genitor
1384 1632 1489 1692 noster,
1518 1641 1567 1681 seu
1584 1631 1611 1681 el
1626 1627 1660 1681 de
1673 1626 1879 1683 murocivitatis

1069 1714 1165 1785 ipsius,
1187 1715 1230 1771 vel
1245 1716 1297 1771 uiis
1321 1717 1354 1771 ad
1381 1718 1512 1773 utilitates
1539 1718 1651 1773 claustri
1677 1719 1876 1775 canonicorum

210 1807 319 1863 ⁰¹¹⁰R¹¹0
343 1801 641 1862 supramem‘lfflwfflm
661 1791 875 1859 affectaliffllssmi
906 1792 948 1847 tel
964 1809 1020 1846 ΠΜ·
1031 1817 1056 1885 B
1069 1805 1276 1876 proficientibus
1290 1808 1318 1862 in
1331 1824 1382 1864 suo
1397 1818 1535 1880 praecepto
1547 1811 1686 1866 concessit
1701 1832 1708 1874 ς
1728 1811 1782 1866 boc
1796 1818 1878 1866 totum

210 1879 408 1947 chindlifflteffl,
433 1882 579 1936 senellam
604 1888 632 1937 θῐ
655 1881 891 1952 ἀθρΐθθὸῑῑθηθῐῃ,
916 1881 1019 1952 ahquid
1071 1903 1204 1965 perpetua
1226 1906 1319 1951 nostra
1346 1897 1518 1973 indulgentia
1542 1898 1585 1953 vel
1612 1899 1809 1963 concessione,
1834 1915 1880 1954 seu

211 1970 413 2042 tenorealique
429 1986 461 2025 ex
490 1970 628 2041 predictis
653 1970 734 2025 rebus
760 1979 856 2025 tenere
872 1968 915 2024 vet
930 1968 1019 2040 possi-

211 2056 276 2113 dere
289 2057 421 2125 comitur,
436 2072 537 2113 nouam
553 2065 582 2113 et
599 2057 736 2113 decimam
752 2056 780 2111 in
807 2055 952 2111 missorum
969 2070 1019 2110 no-

209 2154 327 2202 strorum
352 2146 508 2218 presentie,
538 2147 623 2203 misso
647 2145 771 2202 ecclesie
795 2150 898 2200 sanetae
917 2143 1017 2210 llariae,

209 2234 252 2289 vel
267 2235 355 2290 sancti
368 2235 486 2309 Remigii
511 2235 671 2303 Remorum,
688 2234 746 2289 sive
768 2232 907 2288 Rinemari
933 2248 1019 2287 uene-

209 2321 303 2377 rabilis
315 2322 515 2394 archiepiscopi
544 2322 678 2389 revadiet,
706 2328 734 2377 ct
758 2320 840 2376 annis
854 2319 971 2395 singulis
984 2319 1018 2374 ad

208 2414 336 2470 eamdem
351 2413 491 2486 prefatam
503 2423 531 2470 et
556 2420 737 2470 memoratam
751 2411 897 2468 ecetesiam
912 2411 1018 2482 persol-

208 2517 284 2569 vere,
295 2503 400 2574 absque
429 2502 512 2557 ullius
537 2501 692 2558 occasionis
721 2500 940 2556 contradictione
955 2514 1017 2554 cum

207 2593 284 2648 omni
295 2592 437 2668 uigilantia
451 2593 572 2648 studeat.
588 2591 750 2663 Quicunque
760 2605 825 2645 rere
840 2596 936 2646 contra
947 2589 1019 2645 lianc

207 2692 308 2741 nostrae
327 2683 496 2740 auctoritatis
514 2683 729 2755 preceptionem
743 2681 778 2737 de
798 2683 851 2737 hoe
878 2680 937 2735 fieri
948 2695 1018 2751 prae·

206 2776 366 2847 sumpserit,
382 2775 450 2831 sciat
464 2775 619 2831 seeundum
640 2774 731 2850 dignae
764 2773 905 2829 memoriae
922 2773 975 2839 avi,
991 2779 1018 2827 et

1069 1989 1230 2045 auctoritate
1245 2006 1418 2055 eoncessum,
1446 1992 1489 2046 vel
1510 1989 1701 2046 confirmatum
1729 2000 1842 2046 maneat
1856 1992 1880 2046 iu

1069 2091 1245 2154 perpetuum.
1273 2083 1303 2139 Et
1331 2091 1361 2138 ut
1398 2084 1457 2139 bac
1481 2090 1581 2139 nostre
1597 2082 1820 2139 confirmationis
1839 2083 1880 2138 ret

1070 2175 1261 2232 concessionis
1281 2176 1430 2232 auctoritas
1463 2191 1513 2246 per
1527 2175 1618 2231 futura
1642 2182 1770 2247 tempora
1781 2176 1880 2232 certior

1069 2273 1260 2338 cognoscatur,
1282 2271 1310 2320 ct
1337 2271 1499 2336 permaneat
1527 2263 1701 2329 inconvulsa,
1717 2280 1780 2320 cam
1798 2281 1876 2319 manu

1068 2360 1161 2407 nostra
1174 2351 1451 2418 subterfirmavimus,
1467 2361 1495 2408 et
1520 2353 1555 2407 de
1577 2353 1680 2408 annulo
1706 2360 1803 2408 nostro
1818 2369 1874 2408 eam

1068 2439 1182 2512 sigillari
1197 2441 1390 2512 praecepimus.
1408 2443 1474 2496 Rata
1488 2457 1515 2495 xv
1533 2441 1670 2505 Kalendas
1680 2441 1791 2509 lunias,
1807 2457 1874 2496 anno

1069 2531 1103 2587 to
1119 2544 1253 2605 regnante
1286 2530 1384 2589 fiarolo
1412 2533 1533 2607 glorioso
1559 2549 1636 2607 rege,
1656 2533 1816 2590 indictione
1836 2534 1873 2590 13.

1069 2623 1163 2676 lictum
1180 2623 1367 2680 llermeriaein
1397 2624 1499 2696 palatio
1526 2627 1614 2703 regio,
1646 2627 1674 2681 in
1702 2624 1875 2682 Reinominc

1068 2710 1194 2768 feliciter.
1210 2714 1305 2768 Amen.
1328 2738 1341 2766 n

1395 2785 1500 2842 CAPUT
1515 2787 1546 2840 V.

164 2908 167 2916 .
207 2865 259 2936 piae
275 2866 474 2922 recordationis
489 2866 624 2942 genitoris
644 2865 731 2922 nostri
745 2863 865 2936 capitula
880 2879 911 2918 se
925 2879 1018 2918 emen·
1067 2874 1105 2927 pe
1126 2875 1299 2943 reparatione
1320 2877 1456 2932 gemens„
1475 2875 1590 2930 mpsim
1604 2875 1638 2929 ap
1651 2876 1712 2945 ,Ῥω
1727 2876 1875 2930 flium„

206 2955 345 3026 daturum,
361 2964 389 3014 et
401 2958 475 3030 ipsas
493 2958 604 3014 casdem
614 2973 658 3015 res
675 2957 780 3030 absque
795 2956 911 3024 alieuius
931 2955 1017 3011 inter·
1410 2950 1535 3017 patrato.

205 3049 340 3106 cessionis
351 3050 546 3122 impetratione
562 3050 728 3106 amissurum
757 3049 817 3120 (lib.
830 3066 848 3103 1.
863 3063 923 3118 cap.
941 3048 993 3102 163
1007 3065 1014 3114 ;
1029 3091 1054 3162 C
1103 3056 1265 3126 Rujusmodi
1276 3061 1358 3133 regiae
1383 3060 1566 3136 benignitatis
1592 3059 1703 3116 functus
1727 3061 1873 3117 auctorita·

205 3141 258 3202 lt'b·
271 3158 299 3198 1¹·
319 3157 343 3199 ⁶·
357 3142 391 3198 Ἢ
408 3158 416 3209 ;
433 3143 480 3198 lib·
493 3159 529 3211 ll,
545 3157 569 3210 ⁶2
586 3142 642 3212 4⁰l·
661 3142 692 3197 El
705 3148 735 3197 ¹¹²
750 3142 810 3196 ¹¹aess
832 3146 933 3196 ³⁰⁸2?ae
946 3155 1015 3211 prae-
1066 3149 1142 3206 tibus
1160 3159 1188 3208 et
1207 3153 1235 3207 in
1262 3153 1414 3225 episcopati
1448 3154 1515 3209 sede
1541 3151 1731 3219 confirmatus,
1748 3152 1873 3224 praefatus

204 3233 341 3305 captionis
356 3234 506 3290 auctoritas
527 3233 715 3290 inviolabilem
741 3232 865 3289 obtineat
880 3229 1017 3286 firmitatis
1067 3242 1230 3300 niuemaffls
1243 3245 1481 3317 archiepiscopus,
1506 3245 1741 3317 temptumbeaqae
1753 3244 1803 3300 pei
1823 3261 1872 3319 30.

204 3324 336 3400 rigorem,
356 3333 384 3382 ct
397 3325 432 3380 ab
456 3326 586 3382 omnibus
603 3323 730 3380 fidelibus
743 3322 903 3380 sanelaeDei
923 3321 1016 3378 Eccle·
1065 3331 1172 3388 nitricis
1185 3334 1286 3401 ilariae,
1306 3335 1380 3406 quod
1407 3351 1423 3390 a
1450 3333 1638 3390 fundamentis
1654 3333 1713 3390 Ebc
1742 3347 1871 3389 renovare

203 3415 251 3472 siae
266 3423 294 3472 el
309 3416 422 3484 nostris,
439 3416 621 3489 presentibus
635 3416 776 3472 scilieetet
784 3413 895 3481 futuris,
912 3413 1014 3480 verius,

202 3503 360 3576 certiusque
371 3504 509 3570 credatur,
526 3505 699 3560 camannulo
721 3509 817 3559 nostre
833 3502 928 3557 subter
939 3501 1016 3577 sigit-

202 3589 252 3645 lari
268 3590 410 3660 jussimus.
436 3592 504 3646 Rata
519 3608 544 3647 rr
558 3591 671 3647 Nounas
696 3589 877 3663 Septembris,
898 3591 1004 3646 ann08

201 3676 353 3735 indictione
368 3678 414 3748 lo,
447 3688 581 3756 regnante
604 3679 702 3737 llarelo
730 3676 1013 3754 gloriosissimoregc.

200 3768 295 3825 Actum
312 3770 340 3826 in
356 3772 525 3829 monasterio
541 3771 629 3828 sancti
642 3771 775 3838 Quintini.
793 3790 806 3823 n

238 3861 422 3919 immunitatis
435 3864 516 3920 etiam
531 3863 683 3920 seeundum
712 3868 918 3919 antecessorum
948 3877 1013 3917 suo·

199 3971 259 4009 rum
288 3971 384 4031 regum
413 3955 582 4027 exemplaria
604 3955 695 4012 cidem
717 3963 819 4010 sanetae
846 3954 905 4009 sedi
934 3970 1011 4009 suam

157 4096 161 4102 ,
199 4042 318 4098 contulit
340 4044 542 4100 auctoritatem.
568 4043 728 4100 Cessionem
752 4058 862 4116 quoque
878 4042 1012 4117 genitoris

199 4131 241 4185 sui
271 4131 401 4188 ludovici
431 4132 466 4187 de
494 4131 638 4188 exactione
664 4131 739 4206 regia
768 4133 871 4201 (supra,
901 4133 949 4186 lib.
980 4149 1009 4198 u,

199 4235 222 4275 e.
243 4219 297 4291 19),
322 4219 366 4275 rel
381 4220 515 4291 operariis
541 4236 573 4275 ac
591 4235 670 4275 muro
686 4219 805 4275 civitatis
821 4219 857 4274 ob
873 4225 1010 4275 restaura-

199 4309 302 4366 tionem
326 4309 411 4381 ipsius
426 4316 528 4366 sanetae
547 4308 595 4364 Dei
617 4306 742 4364 ecclcsiae
758 4306 896 4381 delegata,
912 4306 1009 4376 hujus-

199 4399 274 4458 modi
288 4398 631 4456 confirmaritauctoritate
648 4415 655 4453 ε

1065 3430 1196 3491 eoepcrat,
1214 3422 1265 3478 istc
1276 3439 1344 3494 pace
1369 3424 1514 3497 gratiaque
1540 3422 1636 3478 fruens
1648 3422 1736 3497 regia,
1753 3418 1875 3494 praeelari

1064 3511 1266 3566 consummarit
1292 3512 1401 3567 decoris
1429 3512 1591 3569 eminentia.
1613 3512 1731 3582 insuper
1758 3517 1874 3566 etaram

1063 3608 1165 3655 sanctae
1178 3601 1226 3655 Rei
1240 3602 1384 3677 genitricis
1394 3618 1461 3658 auro
1477 3602 1599 3667 vestivit,
1609 3618 1641 3657 ac
1658 3601 1804 3673 lapidibus
1817 3615 1876 3671 pre-

1064 3689 1143 3745 tiosis
1156 3690 1275 3746 ornavit.
1293 3692 1338 3747 Ris
1348 3707 1461 3764 quoque
1476 3691 1603 3748 versibus
1616 3689 1735 3747 titulavit
1749 3709 1757 3745 ε

1094 3783 1162 3832 Hanc
1173 3799 1242 3834 aram
1256 3785 1355 3834 Domini
1365 3785 1497 3836 Genitrieis
1506 3785 1600 3835 honore
1610 3783 1721 3834 dicatam

1092 3846 1178 3896 Cultor
1188 3848 1282 3911 ubique
1293 3862 1353 3896 suus
1378 3848 1450 3910 (suis)
1465 3847 1593 3898 decorarit
1603 3847 1735 3911 episeopus
1747 3845 1874 3896 Rinemar.

1092 3909 1237 3960 Muneribus
1248 3911 1332 3966 sacris,
1344 3910 1445 3960 functus
1453 3910 1499 3960 hac
1511 3911 1568 3960 sede
1577 3909 1700 3960 sacerdos.

1092 3972 1148 4021 lam
1159 3972 1221 4022 bene
1232 3973 1362 4044 eompletis
1379 3973 1489 4022 centenis
1499 3973 1575 4022 octies
1585 3972 1667 4022 annis.

1092 4033 1261 4099 Quadraginta
1274 4035 1350 4084 simut
1361 4036 1449 4100 quinto
1458 4035 1574 4085 volvente
1587 4035 1634 4084 sub
1651 4032 1722 4096 ipsis,

1091 4096 1154 4146 Cum
1165 4097 1265 4159 juvenis
1280 4097 1388 4147 Karalus
1402 4106 1494 4162 regeret
1508 4097 1651 4147 diademata
1664 4095 1745 4157 regni.

1091 4158 1162 4208 Hune
1173 4160 1220 4209 sibi
1230 4169 1354 4224 pastorem
1367 4160 1525 4224 poscentibus
1537 4159 1606 4210 urbis
1618 4159 1742 4208 murenis.

1061 4241 1092 4296 Et
1102 4241 1137 4296 ai
1152 4242 1299 4318 imaginem
1315 4244 1362 4300 llei
1377 4243 1523 4301 Genitrieis
1539 4244 1567 4299 in
1582 4243 1643 4315 ipso
1658 4241 1754 4298 altari.

1090 4331 1165 4404 Virgo
1174 4333 1251 4383 blaria
1261 4341 1326 4384 tenet
1336 4334 1473 4390 bominem.
1487 4347 1498 4383 r
1543 4346 1625 4404 mque,
1642 4331 1773 4395 usumque

1090 4393 1233 4446 Visceribus
1245 4396 1351 4460 propriis
1364 4404 1452 4446 natum
1462 4396 1493 4446 de
1525 4397 1619 4444 famine
1633 4401 1731 4442 saneto.

234 4491 293 4548 «ln
314 4492 426 4548 nomine
441 4499 543 4548 sancus
556 4498 584 4546 et
594 4490 744 4545 individuae
756 4486 906 4555 Trinitatis,
923 4462 1047 4544 Raro-D
1092 4478 1173 4534 Tecta
1189 4478 1284 4549 templi
1299 4475 1708 4549 plumbeiseoopcruittabulis,
1719 4474 1869 4546 ipsumque

197 4579 241 4636 lus
253 4582 342 4657 gratia
357 4582 405 4638 Rei
420 4598 478 4638 rex.
492 4581 520 4637 Si
549 4580 730 4653 petitionibus
756 4578 880 4634 fidelium
898 4584 1010 4633 nostro-

196 4674 391 4741 rum,maximc
403 4673 512 4730 Remini
542 4672 728 4740 sacerdotum,
756 4670 897 4743 precipue
912 4670 941 4724 in
953 4669 1007 4737 bis,

196 4781 259 4838 quae
273 4767 467 4824 ecclesiasticis
491 4765 655 4822 utilitatibus
669 4773 785 4837 possunt
802 4764 926 4836 praebere
939 4777 1007 4818 eon-

195 4855 309 4923 sultum,
322 4855 474 4932 benignum
494 4853 702 4911 commodamus
713 4869 869 4919 assensum,
887 4852 967 4907 uobis
981 4851 1008 4906 id

195 4944 231 5000 ad
243 4951 353 5000 aeoernae
372 4943 604 5001 remunerationis
631 4942 771 4999 eredimus
797 4940 943 5013 provenire
959 4955 1009 4994 au-

195 5044 349 5110 grncntum.
366 5036 484 5093 Proinde
507 5033 753 5090 noveritomnium
773 5030 896 5087 fidelium
914 5031 961 5086 [tei
977 5044 1009 5085 ac

196 5134 364 5197 nostrorum,
388 5128 566 5200 presentium
582 5127 687 5184 seilicet
711 5132 739 5180 et
755 5123 907 5181 futurorum
925 5123 1007 5179 indu·

195 5219 273 5288 stria,
285 5220 351 5292 quia
361 5221 402 5275 uir
422 5219 589 5276 uenerabilis
611 5219 783 5284 Rinemarus,
799 5217 946 5272 Remcnsis
960 5232 1007 5271 ur-

195 5307 238 5364 bis
251 5309 476 5381 archiepiscopus
499 5306 599 5363 obtulit
625 5305 782 5362 screnitatis
809 5309 910 5359 nostras
925 5303 1006 5359 obtu-

194 5400 269 5456 tibus
283 5408 453 5473 praeeeptum
469 5401 521 5472 piae
541 5399 681 5455 memoriae
707 5397 802 5453 domni
818 5412 849 5452 ac
871 5396 1006 5472 genitoris

194 5492 281 5549 uestri
304 5491 434 5549 Ludoviei
459 5490 644 5562 imperatoris,
672 5488 747 5562 quod
772 5488 799 5544 id
822 5487 1006 5559 elcemosynae

193 5591 251 5632 suae
265 5585 414 5652 numento
436 5577 562 5634 eoelcsiae
575 5577 602 5634 S.
631 5575 724 5632 Mariae
750 5584 833 5648 atque
854 5575 942 5631 saneti
956 5574 1007 5631 Re·

192 5666 270 5743 migii
298 5665 359 5724 fieri
377 5669 510 5738 decrevit,
534 5669 568 5725 de
590 5684 675 5741 opere
704 5675 732 5723 et
751 5666 898 5738 operariis,
921 5672 1005 5736 atque

1063 4571 1197 4643 templum
1211 4572 1291 4643 pictis
1319 4571 1460 4628 decorarit
1487 4569 1614 4636 cameris,
1643 4568 1777 4624 fenestris
1790 4568 1869 4623 etism

1061 4662 1325 4734 illustravitritreis,
1352 4663 1521 4737 pavimentis
1547 4677 1660 4736 quoque
1690 4661 1869 4716 stravitmar-

1059 4755 1173 4810 mercis.
1196 4753 1309 4810 Crucem
1333 4753 1546 4809 eminentiorem
1579 4750 1710 4824 gemmis,
1746 4763 1865 4820 auroque

1059 4844 1214 4915 cooperuit.
1244 4843 1317 4899 Alias
1335 4843 1418 4899 etiam
1443 4857 1541 4899 cruces
1565 4848 1620 4896 tam
1636 4855 1706 4895 aure
1727 4855 1810 4913 quam
1825 4853 1866 4893 ar-

1059 4944 1143 5009 gento
1160 4935 1274 5008 pararit.
1295 4936 1415 4992 Calicem
1433 4936 1566 5007 majorem
1582 4950 1646 4989 cum
1665 4940 1776 5003 patena,
1795 4944 1864 4985 sum·

1059 5026 1285 5099 ptorioquefccit
1317 5042 1349 5082 ex
1379 5040 1456 5092 auro,
1473 5025 1656 5096 lapidumque
1680 5021 1869 5094 pretiesomm

1058 5116 1205 5171 illustrarit
1219 5116 1321 5172 nitore.
1333 5115 1384 5181 Qui
1400 5115 1469 5170 calix
1484 5122 1581 5186 postea
1597 5127 1645 5184 pro
1676 5109 1880 5183 redemptione

1056 5224 1088 5264 ac
1109 5208 1198 5265 salute
1223 5208 1318 5279 patrias
1347 5205 1527 5263 Nortmannis
1555 5205 1636 5260 datus
1662 5210 1705 5259 est
1733 5222 1742 5270 ς
1773 5209 1877 5273 patena

1056 5300 1147 5357 adbuc
1165 5307 1322 5356 reservatur
1336 5299 1454 5355 ibidem.
1472 5298 1608 5353 Libellum
1624 5311 1738 5368 quoque
1761 5294 1796 5349 de
1809 5299 1872 5347 ortu

1056 5402 1158 5449 sanctae
1173 5393 1220 5448 Dei
1237 5392 1381 5467 genitricis
1396 5391 1498 5453 itariae,
1510 5390 1561 5445 scd
1577 5397 1605 5445 et
1620 5402 1781 5443 sermenem
1797 5378 1868 5438 beati
1907 5452 1914 5459 .

1056 5481 1213 5552 Ricmnymi
1236 5481 1270 5536 de
1298 5480 1386 5551 ipsius
1408 5479 1532 5535 Dominae
1564 5475 1758 5547 assumptione
1786 5463 1860 5527 scribi
1904 5516 1913 5525 .

1055 5568 1131 5638 fecit,
1146 5578 1174 5626 et
1194 5570 1295 5627 tabulis
1314 5570 1457 5638 eburneis,
1478 5582 1602 5641 aureque
1615 5564 1727 5622 vestitis
1744 5558 1855 5618 muniuit.
1896 5600 1903 5605 .

1055 5661 1193 5719 bucellum
1214 5662 1297 5719 ctiam
1321 5663 1481 5735 quemdam,
1499 5661 1552 5716 hoe
1579 5665 1622 5715 est
1638 5673 1754 5729 capsam
1782 5650 1852 5719 maie·
1909 5680 1914 5687 ·
