3840 6106
126 287 175 342 tal
456 288 618 346 utstotttAE
638 289 808 348 ecelesiae
827 291 992 349 aethneis
1011 293 1100 350 LIBRI
1119 290 1282 360 chelbon.
1295 324 1331 334 —
1350 292 1412 348 lte.
1434 295 1466 348 ll.
1740 293 1792 350 lh!

127 416 184 472 lum
200 418 338 489 pervenit.
366 419 505 475 medicum
533 420 675 476 caelestem
700 422 756 478 sibi
769 422 877 490 adesse,
892 440 936 480 re-
947 431 974 498 Λ
986 424 1103 481 uifacius
1127 424 1353 494 archiepiscopus
1372 431 1400 478 et
1423 423 1530 495 legatus
1544 429 1647 478 sanctae
1663 423 1791 478 Romanae

126 516 207 579 cepta
221 510 353 578 sanitate,
379 511 484 566 sentire
511 512 672 582 promeruit.
699 513 729 569 lit
745 515 890 571 confestim
901 517 935 572 ad
987 514 1128 580 Ecclesiae,
1139 522 1167 569 et
1180 511 1312 583 praefatus
1326 512 1541 568 amabilissimus
1558 512 1691 568 fulradus
1706 512 1793 567 Fran-

125 600 217 655 locum
233 601 302 656 sacri
318 600 497 658 medicatoris
513 603 654 674 profectus
679 614 730 671 est,
748 614 890 679 totumque
906 624 936 663 se
986 603 1035 659 ciae
1049 601 1280 674 archipresbyter,
1315 607 1440 671 tempore
1465 610 1669 656 antecessorum
1682 607 1793 656 nostro-

126 695 369 768 inlaerymisante
385 697 627 769 ipsiuseflundens
647 700 819 766 memoriam,
834 702 937 774 gratias
986 709 1046 748 rum
1075 692 1211 748 zachari&
1240 697 1267 745 0²
1295 689 1544 761 stephanirsapt.
1577 689 1793 758 ¹¹l⁵11⁰⁰0⁸⁸⁰li⁸

124 785 232 852 maurit,
251 794 395 858 etquanra
413 787 467 842 sthi
482 803 533 860 per
549 789 609 857 ejus
630 789 831 846 invocationem
850 790 937 845 Patris
986 781 1070 848 illius,
1082 783 1198 837 muttum
1213 779 1416 845 lascaverunt,
1432 784 1462 833 ut
1480 778 1561 834 bonae
1573 780 1793 849 memoriane

124 877 224 933 fecerit
238 878 529 945 Dominus,indieavit.
538 880 593 936 Nec
603 881 715 956 longum
730 891 792 954 post
801 882 860 937 haec
873 881 935 936 urbi
986 870 1117 926 decessor
1128 878 1221 926 ¹¹⁰⁸ler
1235 868 1354 925 d0¹¹¹¹¹1¹⁸
1368 867 1511 923 zachari&
1522 867 1635 938 lanium
1651 868 1792 938 assshiepl·

125 970 935 1039 llemorumsaeramembrarevocarunt,etecolesiasaneti
986 975 1072 1031 sc⁰li0
1098 958 1322 1026 Rssmesssisdbssl
1351 957 1476 1023 “Omlnes
1505 955 1791 1027 leidelleffiliffllem

125 1061 249 1132 Dionysii
265 1070 342 1116 extra
356 1063 806 1120 murumeivitaliscauonicorum
818 1066 935 1121 liemeu·
987 1049 1167 1122 suprascripti
1197 1049 1329 1105 B⁰flls³⁰li
1351 1049 1558 1114 lfflsssmlsteffls
1589 1047 1665 1119 quod
1682 1047 1712 1116 [b
1732 1046 1790 1118 qul]

124 1149 854 1224 siumstudio,sumptibusquerestructa,ibidcmonm
862 1156 935 1211 beati
986 1141 1021 1196 ab
1036 1138 1393 1204 lll⁰⁰⁰1¹⁵ii¹1¹11¹8¹¹¹ib⁸8d
1410 1137 1448 1191 ibi
1464 1151 1628 1208 permanere
1642 1134 1794 1205 lesmlfflfl

122 1237 268 1294 Theodulfi
280 1240 445 1315 pignoribus
456 1240 608 1297 honorifice
628 1253 793 1298 venerantur
814 1243 898 1300 illata.
987 1245 1042 1285 1¹⁰⁰
1070 1229 1132 1296 sulla
1161 1229 1209 1283 ⁸⁰1¹
1231 1228 1318 1301 ¹¹¹⁸ssss
1343 1236 1439 1282 ⁰0¹¹²s³
1467 1226 1551 1279 ”eum
1573 1224 1679 1293 θιθθωθ
1697 1228 1740 1277 &Sl
1765 1233 1795 1278 0⁸

433 1327 539 1385 CAPUT
568 1331 634 1386 xvl.
988 1319 1132 1374 {lemensis
1147 1319 1268 1374 Ecclesia
1281 1334 1330 1389 per
1343 1317 1431 1371 multa
1445 1323 1582 1385 tempora,
1591 1320 1619 1369 ct
1630 1328 1679 1383 per
1694 1311 1795 1366 multos

344 1421 381 1472 lle
402 1419 471 1473 Abel
489 1421 546 1489 ejas
561 1436 719 1475 successore,
987 1408 1144 1464 annossine
1157 1407 1288 1478 episcopo
1299 1405 1360 1471 fuit,
1381 1414 1461 1460 etres
1473 1403 1600 1458 ecelesiae
1614 1401 1649 1455 de
1666 1400 1712 1456 illo
1728 1399 1793 1470 epi-

164 1505 281 1561 lieatum
298 1505 478 1582 lligobertum
497 1515 610 1564 secutus
626 1508 692 1564 hbel
717 1510 743 1563 in
760 1509 937 1582 episcopatus
988 1508 1102 1570 scopato
1116 1499 1214 1554 ablate
1233 1507 1307 1562 suut,
1319 1507 1347 1552 et
1362 1512 1411 1568 per
1423 1496 1509 1552 laicos
1524 1494 1619 1550 dirisae
1634 1502 1710 1554 sunt,
1722 1491 1795 1546 sieut

124 1596 229 1649 ordine
255 1595 402 1666 reperitur,
421 1597 549 1668 quamvis
569 1613 632 1652 oum
653 1598 764 1669 quidam
780 1599 937 1671 corepiseo·
988 1599 1016 1648 et
1034 1592 1069 1648 de
1088 1592 1149 1647 aliis
1161 1588 1379 1662 episcopatibus,
1410 1589 1528 1643 maxime
1551 1593 1643 1641 autem
1665 1583 1793 1639 llemeusi

127 1701 195 1756 pum
212 1692 318 1739 tanturn
332 1685 415 1740 fuisse
432 1686 551 1741 tradant.
570 1685 730 1742 Pontificem
748 1696 840 1742 tamen
860 1689 936 1743 illurn
987 1686 1199 1757 metropolitana
1211 1684 1331 1740 ciuitate.

125 1779 267 1834 exstitisse
279 1778 397 1833 diversis
408 1778 567 1835 invenimus
580 1779 794 1847 assertionibus,
812 1789 839 1835 et
850 1782 937 1836 maxi·
950 1747 975 1815 Β
1289 1774 1394 1829 CAPUT
1412 1773 1491 1828 xvll.

127 1883 171 1922 me
188 1867 217 1921 in
227 1865 354 1938 epistolis
374 1866 510 1922 Zachariae
526 1882 604 1939 papae
620 1869 654 1922 ad
683 1877 807 1924 sanctum
822 1870 934 1926 Bonil‘u-
1236 1871 1271 1922 lle
1287 1867 1395 1935 tilpino
1409 1867 1540 1935 episcopo.

125 1960 203 2014 cium
219 1957 331 2013 directis
358 1959 484 2027 (chuaa.
513 1961 591 2029 epist.
613 1960 790 2026 85,'tom.lll
812 1961 934 2032 Conciti,
1022 1960 1181 2015 Praemissos
1210 1959 1238 2013 in
1267 1958 1432 2029 episcopatu
1458 1954 1743 2029 sequitur.'lilpinus,
1760 1967 1793 2007 ea

126 2047 286 2118 inquorum
306 2061 362 2100 una
384 2057 590 2112 commemorat,
619 2048 755 2103 indicasse
774 2048 935 2120 praedictum
986 2051 1153 2107 monasterio
1177 2050 1264 2106 sancti
1288 2047 1411 2119 Dionysii
1426 2054 1595 2119 assumptus,
1616 2045 1659 2101 eui
1675 2059 1794 2120 magnus

125 2135 240 2190 beatum
261 2133 432 2190 bonifacium
451 2134 511 2191 suis
540 2136 844 2219 litterisintercaetera,
861 2139 935 2210 quod
986 2144 1100 2199 llarolus
1114 2143 1149 2197 ab
1164 2142 1283 2197 adriano
1299 2157 1370 2212 papa
1386 2141 1548 2212 impetrasse
1562 2138 1676 2210 pallium
1687 2136 1795 2207 reperi-

124 2238 182 2285 tres
205 2229 354 2301 episcopos
381 2245 432 2300 per
456 2229 581 2304 singulas
608 2230 936 2300 metropolitanasurbes
985 2244 1039 2304 tur,
1057 2235 1268 2303 sicuteJusdem
1298 2250 1375 2305 papae
1403 2235 1546 2306 adipsum
1577 2229 1795 2302 directapandit

123 2321 294 2386 ordinasset,
309 2321 335 2375 id
350 2328 401 2386 est,
413 2320 570 2376 Grimonem
587 2321 617 2375 in
636 2321 746 2376 civitate
758 2337 819 2392 quae
835 2321 936 2377 dicitur
985 2328 1112 2399 epistola,
1125 2343 1186 2399 quae
1201 2327 1239 2381 ita
1252 2327 1351 2397 incipit
1368 2344 1374 2379 :

124 2412 278 2480 hodomus,
293 2413 593 2469 secundumverohbel
601 2413 747 2469 incivitate
758 2429 819 2485 quae
835 2414 936 2469 dicitur
1024 2417 1183 2471 «hunuanus
1198 2414 1357 2485 episeopus,
1385 2429 1482 2470 servus
1513 2427 1655 2467 servorum
1677 2411 1736 2474 liei,
1749 2426 1794 2465 re·

122 2507 274 2561 Remorum
291 2523 297 2560 :
315 2506 427 2561 tertium
441 2503 562 2576 denique
592 2504 767 2561 llartbertum
779 2505 807 2559 in
823 2506 934 2561 civitate
986 2508 1187 2563 verendissimo
1202 2516 1229 2560 et
1239 2506 1414 2562 sanctissimo
1430 2504 1560 2561 confratri
1573 2511 1669 2558 nostro
1684 2502 1795 2557 Trurrno

120 2615 185 2670 quar
199 2597 302 2653 dicitur
316 2597 434 2652 Senouis
451 2615 457 2651 :
477 2597 551 2662 «Qui
574 2606 601 2652 et
616 2595 691 2668 apud
708 2612 770 2663 nos,
791 2596 933 2669 inquiens,
986 2599 1115 2656 Ecclesiae
1130 2599 1272 2653 hamensis
1286 2597 1497 2667 archiepiscopo
1510 2596 1559 2664 (7).

119 2688 183 2754 fuit,
198 2698 227 2743 et
240 2696 287 2743 tua
303 2688 384 2744 nobis
403 2689 516 2758 pariter,
533 2695 560 2742 et
585 2688 760 2743 llorlomauni
776 2695 859 2761 atque
871 2689 935 2760 Pip-
1022 2715 1034 2738 ι
1055 2690 1124 2755 Quia
1133 2690 1166 2744 ad
1187 2688 1349 2760 petitionem
1373 2688 1506 2760 spiritalis
1520 2685 1567 2740 filii
1587 2686 1673 2742 nostri
1689 2692 1716 2740 et
1729 2684 1794 2756 glo·

118 2777 176 2849 plui
196 2777 298 2832 detulit
328 2778 441 2848 scripta,
467 2793 517 2848 per
535 2793 596 2848 quae
625 2777 799 2852 suggessisti,
826 2786 854 2832 ut
884 2777 934 2832 tria
984 2782 1051 2837 riosi
1062 2781 1135 2855 regis
1149 2781 1314 2837 Francorum
1335 2778 1434 2846 llaroli,
1461 2778 1604 2849 praebente
1621 2776 1669 2831 tihi
1687 2775 1791 2831 bonum

118 2869 203 2941 pallia
236 2869 334 2924 iisdem
364 2869 452 2925 trihus
483 2870 690 2941 praenominatis
713 2870 934 2941 metropolitanis
985 2874 1173 2929 testimonium
1187 2874 1222 2928 de
1233 2873 1380 2928 sanctitate
1393 2879 1420 2927 et
1431 2870 1556 2927 doctriua
1568 2869 1704 2924 fulrando
1719 2883 1796 2922 ama·

117 2958 243 3031 dirigere
271 2958 448 3025 deberemus,
487 2958 561 3030 quod
584 2968 611 3014 et
643 2958 735 3031 largiti
759 2974 855 3013 sumus
883 2974 932 3030 pro
984 2964 1378 3031 bilissimoabbate,l'ranciae
1412 2961 1665 3034 archipresbytero,
1681 2959 1795 3031 pallium

122 3051 293 3107 adunatione
308 3057 336 3105 et
356 3050 551 3106 reformatione
561 3050 744 3106 Eccleslarum
762 3050 818 3106 bei.
837 3075 849 3096 »
867 3053 932 3106 ltem
983 3053 1382 3110 secundumconsuetudinem
1399 3053 1449 3108 tibi
1465 3050 1650 3107 transmisisse
1666 3064 1716 3104 nos
1732 3064 1795 3103 cum

122 3142 147 3197 iu
164 3142 220 3197 alia
236 3142 326 3213 ipsius
346 3142 379 3196 ad
388 3143 516 3197 eumdem
532 3143 652 3213 epistola
671 3143 887 3212 flacescentes
904 3145 932 3210 9,
948 3115 1130 3219 Cpriuilegio
1145 3152 1175 3200 ut
1194 3145 1356 3217 metropolis
1385 3144 1504 3199 Ecclesia
1536 3141 1680 3198 hamensis
1700 3142 1728 3196 in
1745 3156 1795 3195 suo

124 3235 256 3303 st‚s):‹=
284 3234 321 3288 lie
344 3234 484 3305 episeopis
509 3249 573 3289 tero
599 3233 833 3305 metropolitanis,
851 3235 933 3291 idest
984 3242 1056 3289 statu
1072 3241 1206 3300 maneret,
1236 3242 1263 3289 et
1283 3234 1468 3305 [insimul.
1495 3233 1531 3304 et]
1562 3230 1793 3286 benememora·

123 3326 264 3392 Grimone,
281 3342 364 3397 quem
379 3326 491 3394 uosjam
503 3333 676 3398 compertum
692 3327 840 3391 habemus,
855 3327 932 3394 Abel,
985 3342 1063 3381 mus:
1087 3327 1142 3380 »Et
1158 3335 1218 3396 post
1231 3327 1381 3397 aliquanta,
1394 3340 1456 3397 quae
1469 3325 1504 3378 de
1519 3332 1615 3379 sancto
1632 3322 1793 3395 Rigoberto,

125 3416 179 3469 sire
199 3414 356 3482 llariberto,
373 3431 442 3487 quos
458 3432 741 3489 perunamquamquc
755 3417 932 3488 metropolim
984 3423 1013 3471 et
1027 3415 1093 3469 Abel
1107 3415 1237 3484 superius
1250 3415 1306 3482 iam
1332 3413 1478 3485 praemissa
1497 3420 1573 3478 sunt,
1591 3427 1653 3466 cunt
1665 3410 1700 3465 de
1712 3410 1797 3465 rebus

126 3523 173 3578 per
185 3506 347 3578 provincias
375 3508 554 3571 constituisti,
578 3508 629 3565 hos
649 3515 790 3580 portuum
811 3509 935 3564 testimo-
985 3507 1109 3563 ecclesiae
1122 3507 1265 3561 hamensis
1285 3506 1385 3561 ablatis
1400 3506 1560 3576 loqueretur
1576 3522 1582 3558 ε
1600 3526 1612 3551 α
1631 3504 1661 3557 Et
1676 3511 1733 3569 tua,
1751 3503 1797 3557 iu-

126 3595 202 3650 nium
217 3594 426 3662 confirmamus,
451 3604 479 3651 et
507 3597 591 3667 pallia
616 3597 761 3671 dirigimus
776 3598 809 3652 ad
838 3613 934 3653 eorum
985 3599 1056 3671 quit,
1069 3599 1225 3654 fraternitas
1237 3600 1293 3667 jam
1307 3615 1340 3652 ex
1357 3614 1456 3671 magua
1471 3604 1549 3668 parte
1576 3596 1650 3666 ipsas
1666 3610 1710 3649 res
1723 3594 1796 3665 apud

127 3683 231 3739 irruam
252 3684 442 3750 stabilitatem,
469 3692 497 3740 et
521 3685 651 3740 Ecclesiae
667 3685 715 3739 liei
744 3694 933 3759 augmentum,
985 3690 1135 3763 gloriosum
1153 3689 1380 3745 flliumuostrum
1406 3689 1545 3750 llarolum,
1563 3693 1670 3742 etautc
1688 3685 1796 3740 adCar-

126 3784 155 3831 nt
165 3776 202 3831 ita
221 3775 332 3830 meliori
342 3775 467 3848 proficiat
481 3783 562 3832 statu.
581 3777 784 3843 Qualiterenim
798 3779 826 3850 li,
841 3779 933 3851 ctiam]
986 3782 1145 3837 lemannum
1162 3781 1272 3835 fratrem
1287 3781 1347 3848 eius
1367 3781 1526 3851 impetratas
1547 3779 1643 3840 habes,
1664 3785 1691 3831 et
1718 3776 1795 3832 ordi-

126 3866 277 3937 mospallii
292 3866 337 3934 sit,
359 3865 403 3920 vel
432 3867 573 3938 quomodo
602 3866 685 3922 fidem
701 3883 779 3922 suam
793 3883 935 3938 exponere
987 3869 1307 3940 nemcxaliquaparte,
1324 3868 1394 3922 etin
1415 3867 1566 3937 episcopis,
1584 3866 1649 3920 etin
1675 3864 1796 3918 aliisae-

126 3954 249 4010 debeant
265 3955 365 4026 hicqui
386 3954 461 4026 pallii
476 3955 516 4009 uti
544 3955 655 4010 lieentia
679 3956 879 4022 conceduntur,
896 3957 936 4011 eis
986 3962 1106 4017 cundum
1122 3960 1294 4025 canonicam,
1312 3966 1339 4014 et
1351 3966 1453 4014 sanetoe
1470 3958 1546 4013 sedis
1562 3958 1795 4012 homanaeaucto·

126 4045 291 4111 direximus,
322 4046 502 4102 informantes
519 4062 578 4114 eos,
606 4055 636 4102 ut
665 4047 820 4118 sciatquod
839 4048 897 4119 [ms.
913 4051 934 4117 i,
986 4053 1095 4108 ritatem
1110 4053 1245 4108 directum
1269 4051 1540 4121 habesspropterea
1568 4046 1794 4120 petistianobis,

126 4140 202 4211 quid]
223 4140 260 4194 sit
274 4139 349 4210 pallii
377 4156 453 4206 usus,
482 4149 509 4196 et
535 4141 669 4208 subiectis
698 4140 934 4211 viampraedicare
987 4140 1217 4196 tibietecclesire
1238 4138 1366 4196 tuaefreri
1396 4135 1796 4211 privilegiumexauctoritate

126 4232 236 4296 salutis,
251 4240 281 4285 ut
295 4232 483 4288 ecelesiastica
497 4233 645 4304 disciplina
660 4233 687 4287 in
704 4233 933 4290 ecclesiiseorum
986 4232 1058 4289 beati
1087 4233 1156 4288 Petri
1185 4232 1320 4303 principis
1346 4233 1534 4303 apostolorum
1551 4236 1579 4285 et
1605 4237 1706 4284 sauctae
1722 4226 1797 4283 sedis

126 4323 292 4380 immutilate
311 4332 445 4390 servetur,
465 4335 493 4380 et
512 4334 623 4380 maneat
648 4327 812 4383 inconeussa
830 4334 935 4383 :etsa-
986 4325 1126 4390 Romanae,
1156 4339 1188 4379 ac
1215 4330 1317 4386 nostra,
1334 4330 1363 4378 ut
1388 4323 1462 4394 quod
1491 4321 1643 4392 perfectum
1669 4319 1795 4374 habesin

128 4414 283 4479 cerdotum,
299 4413 372 4484 quod
388 4413 416 4467 in
429 4413 469 4469 eis
483 4413 565 4470 fuerit
580 4431 634 4471 non
649 4415 797 4487 pollutum,
813 4423 935 4472 utantea
985 4424 1047 4472 ante
1060 4416 1150 4471 valcat
1176 4430 1351 4486 permanere,
1380 4422 1407 4470 et
1431 4414 1505 4486 quod
1532 4412 1622 4468 adhuc
1638 4410 1796 4483 perfectum

128 4501 185 4562 fuit.
209 4503 261 4558 sed
289 4502 433 4570 mundum,
457 4513 484 4559 et
511 4513 655 4576 acceptum
682 4506 735 4561 lieo
756 4521 817 4561 esse
838 4505 934 4576 possit,
951 4482 1040 4560 Dnon
1061 4505 1157 4570 babes,
1181 4521 1232 4576 per
1245 4512 1366 4560 nostram
1381 4504 1573 4560 auctoritatem
1600 4501 1699 4572 possis,
1717 4500 1797 4555 auxi-

129 4599 260 4660 qoantum
274 4592 392 4646 humana
401 4593 562 4648 conditione
575 4594 614 4666 [or
624 4609 687 4658 ms,
698 4594 829 4665 conditio]
847 4595 934 4658 valet;
988 4597 1071 4652 fiante
1084 4596 1148 4663 lieo,
1165 4605 1193 4651 et
1207 4597 1226 4650 B
1254 4596 1333 4651 Petro
1340 4596 1468 4667 apostolo
1481 4597 1514 4650 ad
1522 4594 1722 4666 perfectionem
1733 4608 1797 4664 per·

131 4677 164 4732 ita
177 4688 206 4734 ut
221 4680 437 4750 nullusreperiri
454 4683 753 4752 possitsaerisdeviare
769 4684 933 4749 canonibus,
985 4686 1098 4740 ducere.
1115 4685 1166 4740 Pro
1181 4699 1237 4756 quo
1257 4691 1284 4740 et
1294 4700 1345 4740 uos
1357 4685 1466 4739 ardenti
1477 4684 1580 4748 animo,
1596 4691 1623 4737 ot
1638 4681 1735 4737 divino
1746 4681 1795 4750 jn-

132 4775 156 4822 et
167 4766 333 4823 sacrificium
363 4771 496 4825 muudum
514 4787 609 4827 eorum
634 4772 669 4827 ab
693 4773 733 4828 eis
753 4773 910 4830 immoletur
925 4791 933 4839 ;
984 4774 1093 4830 tramine
1104 4773 1256 4844 apostolica
1265 4772 1325 4828 fulti
1342 4771 1516 4838 auctoritate,
1531 4787 1587 4827 non
1597 4772 1687 4827 solum
1699 4776 1794 4826 vetera

134 4859 208 4917 itaut
223 4862 296 4916 heus
310 4863 443 4918 ineorum
454 4864 579 4934 placetur
594 4864 768 4932 muneribus,
784 4872 812 4921 et
825 4866 935 4937 populis
985 4866 1139 4921 secundum
1153 4881 1246 4921 sacros
1257 4880 1388 4931 canones,
1399 4872 1427 4919 et
1436 4863 1587 4935 apostolica
1602 4864 1683 4932 hujus
1691 4870 1798 4919 sauctae

133 4951 173 5008 liei
185 4952 350 5025 purificatus
362 4955 503 5010 mentibus
518 4972 551 5010 ex
565 4956 780 5028 omnisqualore
795 4956 934 5013 sincerum
985 4955 1060 5009 sedis
1073 4955 1185 5011 decreta
1206 4955 1363 5020 statuimus,
1392 4953 1442 5007 sed
1470 4963 1497 5008 et
1512 4967 1581 5008 nora
1600 4952 1650 5008 tibi
1681 4968 1731 5022 pro
1749 4960 1797 5007 tuo

133 5043 258 5098 exhibere
288 5044 399 5100 ualeant
417 5045 578 5101 Christiana
602 5046 745 5121 religionis
769 5045 932 5103 officium.»
986 5047 1059 5102 hono
1074 5046 1166 5101 studio
1181 5046 1373 5109 concedimus,
1386 5053 1477 5116 atque,
1490 5045 1652 5100 auctoritate
1673 5045 1704 5098 B.
1723 5043 1796 5098 Petri

133 5128 179 5185 Sed
194 5138 224 5187 et
242 5132 370 5203 quaedam
385 5134 487 5190 chartae
503 5136 590 5208 ipsius
609 5138 733 5209 episcopi
748 5138 934 5208 reperiuntur.
985 5135 1121 5205 principis
1135 5134 1386 5205 apostolorumcui
1396 5135 1534 5189 dataesta
1549 5134 1604 5189 lieo
1614 5142 1641 5189 et
1655 5136 1797 5191 Salvatoro

135 5224 376 5280 nominetituiatae.
985 5235 1079 5281 nostro
1104 5225 1168 5280 lesu
1197 5226 1305 5281 Christo
1333 5226 1448 5300 ligandi,
1465 5226 1649 5297 solvendique
1672 5234 1797 5298 potestas

164 5315 201 5369 lle
220 5331 277 5387 quo
288 5315 370 5371 etiam
387 5317 519 5388 praefatus
532 5318 668 5375 adrianus
682 5337 754 5394 papa
770 5322 798 5377 in
813 5338 934 5394 prame·
986 5327 1099 5389 peccata
1124 5318 1269 5374 hominurn
1299 5318 1326 5373 in
1343 5320 1413 5375 eoelo
1427 5327 1455 5374 et
1483 5318 1512 5372 in
1528 5325 1599 5374 terra
1613 5321 1712 5385 (Motth
1725 5336 1770 5374 xvr
1787 5334 1794 5382 ;

132 5414 232 5460 morata
245 5405 364 5476 epistola
384 5408 418 5461 ad
446 5408 583 5479 Tilpinum
610 5410 860 5483 archiepiscopum,
874 5422 935 5484 post
984 5412 1062 5465 loon.
1078 5413 1145 5476 ιιι),
1161 5408 1360 5465 confirmamus
1386 5419 1469 5482 atque
1498 5410 1660 5467 solidamus.
1677 5409 1795 5464 ilemen-

131 5493 262 5566 ittaque
296 5496 426 5566 superius
455 5499 598 5567 praemissa
634 5511 708 5567 sunt,
733 5502 769 5556 ita
798 5502 935 5562 subinfert
984 5503 1203 5559 semecclesiam
1229 5504 1301 5561 sicut
1316 5515 1347 5560 et
1369 5505 1526 5577 antiquitus
1541 5504 1603 5568 fuit,
1618 5498 1792 5569 metropolim

129 5586 251 5645 llonran.
264 5587 283 5651 l,
300 5588 348 5642 ubi
360 5603 456 5658 supro,
466 5605 491 5644 e.
509 5588 567 5659 tet:
584 5608 597 5640 a
613 5591 719 5646 Sanctae
734 5593 934 5650 memoriaello·
984 5609 1203 5664 permansuram,
1215 5603 1243 5653 et
1251 5598 1367 5668 primam
1378 5613 1436 5654 snae
1446 5592 1793 5664 dioeoeseos,sedemesse,

164 5702 204 5773 (7)
223 5702 284 5758 Non
300 5710 389 5761 exstat
402 5704 476 5762 iuter
489 5707 550 5778 ejus
563 5706 703 5779 epistolas.
