3840 6106
54 244 111 298 2⁴9
378 241 541 297 atstoutAE
561 226 727 300 thhESlAE
747 247 910 304 andensis
930 251 1019 305 litant
1038 248 1193 315 ohannen
1230 285 1248 293 ω
1269 254 1331 309 tlh.
1353 256 1398 310 ΙΙΙ.
1670 260 1724 318 250

54 378 242 443 perpetrares.
259 386 322 426 cnm
333 378 425 426 autern
449 372 532 428 alium
548 375 690 445 perjurare
704 377 782 446 facis,
796 388 824 434 et
838 387 865 435 te
877 387 900 452 Α
912 381 1068 438 sentialiter
1081 382 1222 448 emendet,
1238 391 1266 438 et
1281 401 1296 439 a
1312 386 1412 442 talibus
1422 387 1581 443 levitatibus
1595 389 1638 444 vel
1654 405 1724 460 prae-

54 471 85 518 et
100 463 176 517 illum
193 463 293 533 perdis.
311 463 342 518 ut
364 463 427 518 ideo
447 464 620 533 mandamus,
642 477 671 523 ut
696 469 719 524 si
734 470 772 525 ita
784 487 866 527 causa
915 472 1119 542 sumptionibus
1133 488 1164 527 se
1183 481 1289 540 caveat,
1305 475 1369 545 quia
1384 476 1406 529 si
1435 492 1491 533 uon
1516 477 1623 544 fecerit,
1644 494 1723 533 suurn

54 554 185 619 hahetur,
196 555 266 610 sicut
279 555 314 609 ad
329 570 380 611 nos
394 556 530 626 pervenit,
551 558 585 611 ab
596 559 715 614 ecclesia
727 568 753 616 et
767 562 865 619 altario
915 559 949 614 de
965 574 998 615 eo
1010 560 1194 615 ministerium
1219 560 1341 616 facturus
1365 563 1556 630 sit,etcaetcris
1572 567 1723 639 episcopis,

53 652 80 695 tc
97 642 250 707 abstineas,
262 642 351 697 donec
364 645 397 697 ad
413 659 464 698 uos
479 645 586 712 venias,
609 653 636 702 et
653 647 687 703 de
704 649 751 704 tali
767 651 864 705 incau-
914 656 944 704 ut
955 649 1028 704 idem
1042 649 1153 716 faciant,
1175 647 1336 707 notificabit.

53 735 170 809 telaant
190 735 301 807 diguam
331 736 538 792 excusationem
568 737 663 806 facias,
688 741 863 814 antdignam
1200 741 1304 796 cantu
1333 742 1433 798 XXVfl.

53 825 245 896 paenitentiam
261 825 393 896 accipias.
412 849 423 872 -
1026 830 1090 896 Qua
1104 831 1242 900 aliquibus
1253 834 1354 897 reginis
1374 835 1477 902 scripta
1490 836 1602 889 miserit.

92 913 262 969 heudowino
275 914 365 969 amico
382 929 443 981 sno,
454 930 504 985 pro
518 916 601 971 rebus
616 926 643 973 et
658 919 802 990 mancipiis
812 920 864 975 lle·
951 917 1112 990 irmingardi
1130 921 1257 991 Augustae
1287 921 1423 986 scribens,
1444 921 1649 995 congratulatur
1669 940 1722 978 au-

52 1006 158 1061 mensis
168 1005 293 1060 ecclesian
306 1005 332 1060 in
350 1006 493 1062 Provincia
504 1009 864 1082 consistentibussaepelit-
914 1010 972 1066 dito
986 1012 1129 1083 religionis
1140 1012 1229 1082 ipsius
1244 1011 1362 1079 fervore,
1375 1028 1540 1067 asserensse
1555 1012 1583 1068 in
1596 1013 1724 1084 precihus

52 1102 127 1149 teras
143 1094 253 1148 direxit.
273 1095 339 1148 ltem
354 1095 488 1150 Letuardo
503 1103 532 1151 et
547 1097 696 1153 hilduardo
708 1099 825 1171 aliisque
836 1100 863 1154 in
914 1102 1023 1157 assidua
1040 1119 1089 1174 pro
1109 1119 1142 1157 ea
1160 1104 1320 1176 dependere
1335 1104 1438 1158 munia.
1463 1105 1530 1158 item
1553 1105 1725 1174 respondens

52 1185 152 1239 eodem
169 1200 241 1258 page
256 1185 432 1255 degentibus,
453 1195 506 1241 tam
524 1203 573 1258 pro
590 1189 658 1258 ipsis
674 1190 765 1256 rebus,
781 1207 863 1262 quam
914 1191 947 1246 ad
962 1192 1078 1258 litteras,
1100 1210 1169 1265 quas
1193 1194 1254 1263 ipsa
1285 1193 1339 1248 sibi
1369 1194 1514 1254 direxerat,
1533 1193 1725 1268 significantes

51 1288 102 1342 pru
113 1273 269 1326 animarum
295 1271 383 1328 salute
408 1275 513 1346 scripta
531 1275 641 1331 direxit.
670 1277 797 1332 achadeo
810 1294 861 1333 co·
915 1282 1055 1336 intimasse
1072 1281 1111 1335 illi
1142 1281 1274 1352 quosdam
1297 1282 1434 1346 homines,
1456 1282 1725 1353 quiaperejusdem

53 1361 189 1432 miti,pro
210 1361 315 1432 rapinis
340 1377 409 1433 quas
433 1362 565 1418 audiebat
580 1364 615 1418 ab
630 1365 691 1430 eius
706 1365 865 1421 hominibus
915 1371 1038 1441 episcopi
1065 1371 1218 1439 iussionem
1248 1370 1333 1426 multa
1373 1370 1443 1424 mala
1471 1370 1571 1425 fierent
1593 1386 1659 1444 erga
1683 1386 1726 1425 res

51 1450 111 1505 fieri
128 1452 156 1505 in
174 1451 264 1521 ipsius
278 1451 418 1515 comitatu,
443 1461 471 1509 ct
493 1469 544 1525 pro
572 1454 636 1509 villa
669 1455 865 1528 Spantia,qua
916 1463 1054 1517 hvennaci
1069 1466 1201 1531 lAueaay)
1214 1462 1385 1530 monasterii,
1403 1463 1509 1517 herthae
1534 1462 1724 1533 ipsiusimpc-

53 1539 98 1593 illc
109 1554 251 1594 annonam
261 1540 386 1595 ecclesi-<e
404 1541 547 1597 [lemensis
560 1543 669 1599 auferre
685 1545 862 1617 disponebat:
915 1552 1021 1608 natricis
1036 1551 1110 1619 filim,
1138 1567 1299 1606 asseverans
1322 1552 1396 1622 quod
1413 1551 1542 1606 diabolus
1566 1567 1617 1620 per
1629 1565 1725 1605 eorum

23 1702 26 1709 Ι
52 1629 201 1686 notificans
213 1631 249 1694 ei,
266 1632 340 1703 quod
354 1632 378 1686 si
394 1632 499 1705 aliquid
522 1635 586 1690 inde
603 1647 723 1706 raperet,
743 1645 798 1692 tam
815 1638 861 1709 ip·
913 1640 948 1694 sit
963 1656 1010 1696 ora
1032 1642 1139 1696 locutus
1162 1640 1348 1706 mendacium,
1377 1640 1452 1694 velut
1478 1648 1522 1693 est
1548 1645 1627 1709 pater
1642 1653 1723 1692 men·

51 1738 111 1776 sum
122 1739 209 1794 quam
224 1738 290 1778 suos
307 1726 568 1791 excommunicaret,
581 1735 609 1782 et
623 1728 730 1783 alienos
740 1729 775 1784 ab
787 1731 862 1785 omni
878 1751 902 1818 Β
912 1732 992 1787 dacii.
1009 1734 1036 1786 Si
1051 1733 1117 1804 qnid
1132 1747 1197 1786 vero
1211 1731 1437 1803 hominesipsius
1448 1731 1549 1799 injuste
1563 1729 1681 1785 fecerint
1694 1729 1721 1783 in

51 1812 260 1870 christianitate
273 1815 387 1882 faceret,
403 1824 486 1889 atque
509 1834 559 1890 per
583 1835 664 1874 suum
679 1821 861 1886 missaticum,

50 1902 125 1972 quod
142 1903 178 1958 de
195 1903 242 1959 illo
254 1905 354 1960 comhe
366 1904 426 1960 fieri
442 1906 537 1974 dehet,
552 1909 600 1979 qui
616 1909 643 1962 in
656 1925 706 1964 suo
734 1911 864 1967 comitatu

50 1991 220 2059 injustitiam
233 1992 324 2060 faciat,
338 1997 451 2066 exsequi
468 2006 636 2068 procuraret.

83 2080 246 2136 amalberto
275 2081 375 2137 illustri
399 2085 502 2153 comiti,
536 2103 585 2156 pro
622 2088 756 2156 injustitia
782 2106 864 2161 quam

51 2169 181 2223 audierat
196 2185 259 2224 etam
286 2170 314 2224 iu
341 2187 391 2227 suo
407 2180 580 2243 perpetrasse
595 2176 712 2244 judicio,
727 2177 865 2252 exigendo

53 2272 96 2311 res
111 2257 260 2326 cujusdam
281 2258 417 2315 interfecti
434 2261 468 2315 ab
490 2277 534 2328 co,
551 2264 598 2334 qui
613 2265 765 2318 secuudum
781 2280 861 2320 com·

53 2346 265 2403 mandationem
282 2348 371 2420 ipsius
384 2365 432 2406 eas
446 2351 475 2405 in
491 2352 564 2407 illius
583 2354 788 2425 eleemosynam
804 2354 864 2409 dis-

51 2438 191 2493 tribuerat
204 2459 213 2505 ;
226 2441 438 2510 perhorrescens
461 2444 535 2516 quod
551 2443 720 2499 Christianus
734 2454 761 2500 et
775 2446 864 2501 mori-

50 2540 129 2587 turus
155 2532 303 2588 admittere
330 2535 395 2589 talia
423 2551 479 2591 non
509 2544 676 2608 expaverat,
692 2538 793 2593 timens
817 2539 863 2593 liei

51 2623 172 2680 futurum
185 2625 332 2693 judicium.
352 2628 381 2682 lit
394 2629 515 2684 ostendit
542 2646 592 2700 per
603 2629 724 2685 divinam
743 2631 863 2686 auctori-

47 2722 243 2786 tatemquam
264 2733 347 2790 grave
375 2718 576 2788 perpetraverit
603 2718 748 2793 flagitium,
775 2719 862 2773 redu·

52 2824 119 2863 cens
133 2809 169 2863 ad
186 2809 287 2862 mentis
300 2809 408 2875 oculus,
438 2825 473 2863 ne
499 2809 569 2865 forte
594 2811 792 2875 mercenarius,
810 2827 865 2866 aron

54 2909 161 2967 pastor,
172 2898 321 2953 haberetur
336 2916 343 2962 ς
360 2898 523 2968 injustitiam
539 2899 660 2955 videndo
680 2910 708 2955 et
723 2901 840 2956 tacendo
858 2919 864 2955 :

55 2999 80 3042 et
92 2987 163 3059 quia
173 2986 274 3041 missus
290 2987 464 3058 imperatoria
491 2996 560 3056 erat,
584 2997 611 3044 et
632 2989 755 3060 capitula
780 2989 867 3060 ipsius

57 3097 103 3152 pro
132 3080 314 3135 defensandis
341 3081 456 3136 advenis
483 3091 511 3136 et
542 3081 706 3137 incestuosis
738 3084 866 3140 hahebat.

58 3167 203 3230 nnae'tam
228 3172 319 3228 eidem
346 3174 452 3241 comiti,
480 3191 564 3246 quam
585 3176 714 3230 omnibus
731 3177 866 3232 exactori·

58 3266 109 3321 bus
124 3272 210 3337 atque
220 3265 374 3333 judicibus,
391 3267 438 3338 qui
467 3267 494 3320 in
512 3267 563 3322 hoc
576 3267 738 3322 resederant
750 3268 867 3336 judicio,

57 3359 142 3412 verbo
159 3357 207 3412 bei
218 3358 418 3429 omnipotentis
446 3368 473 3413 et
495 3360 588 3414 hanno
604 3359 778 3429 imperatoris
806 3360 868 3431 epi-

55 3445 160 3516 scopali
186 3445 351 3500 auctoritate
384 3446 512 3516 percipit,
531 3454 561 3502 ut
575 3447 709 3502 'eumdem
726 3448 866 3503 hominem

56 3540 150 3595 uultus
165 3553 217 3610 pro
233 3539 282 3594 hac
297 3555 325 3593 re
340 3540 518 3606 condemnet,
528 3548 575 3595 aut
585 3540 734 3611 inquietet,
746 3541 789 3596 vel
805 3556 869 3596 con-

58 3628 254 3683 tradictionem
270 3627 362 3694 faciat,
376 3628 465 3683 donec
480 3628 538 3699 ipsc
558 3628 657 3700 praesul
673 3629 868 3700 perseipsum,

61 3717 102 3771 vel
123 3733 175 3788 per
203 3717 302 3771 missos
328 3730 394 3772 suos
418 3717 490 3772 hanc
514 3732 624 3771 causam
649 3717 797 3790 diligenter
827 3718 871 3772 in-

62 3808 164 3880 quirat,
178 3793 207 3863 e't
221 3809 374 3864 secundum
389 3808 466 3881 leges
480 3807 681 3864 ecclesiasticas
696 3817 724 3862 et
738 3809 872 3863 humanas

65 3898 116 3952 boc
127 3898 205 3966 iuste
216 3906 245 3951 et
257 3896 457 3951 rationabiliter
475 3894 606 3962 diffiniat,
616 3895 785 3951 denuntians
795 3894 869 3966 quod

916 1824 999 1879 rebus
1013 1825 1101 1896 ipsius
1116 1823 1286 1886 monasterii,
1320 1839 1375 1878 non
1391 1824 1473 1898 degat
1492 1829 1604 1876 :tamen
1619 1822 1684 1892 quia
1698 1827 1726 1875 et

916 1917 1092 1990 ignoraverit,
1122 1925 1150 1972 et
1174 1933 1229 1971 nou
1259 1915 1442 1982 consenserit,
1460 1913 1638 1969 necroluerit
1653 1912 1725 1967 indi-

916 2012 968 2060 cat.
978 2006 1016 2060 lle
1029 2004 1148 2076 quodam
1165 2013 1299 2075 praetcrea
1314 2019 1420 2070 manso,
1437 2004 1511 2075 quod
1523 2003 1569 2058 illa
1585 2000 1726 2076 significa·

915 2100 991 2149 verat
1007 2094 1108 2161 injuste
1128 2094 1298 2148 abstractum
1314 2109 1329 2146 a
1345 2091 1457 2163 praefato
1474 2092 1727 2156 monasterioasse-
1804 2129 1810 2143 Ι

917 2186 951 2240 rit
960 2187 1038 2257 'quod
1051 2187 1119 2241 nulli
1147 2187 1265 2250 homini,
1280 2193 1413 2256 quantum
1429 2185 1482 2238 sibi
1499 2183 1670 2239 conscientia
1685 2190 1726 2237 te-

916 2275 1076 2330 stimonium
1093 2275 1267 2346 perhibebat,
1284 2275 1513 2344 iniusteunquam
1531 2272 1728 2327 mansumahs-

914 2364 1018 2429 tulerii,
1046 2363 1094 2417 sed
1118 2363 1191 2433 apud
1219 2378 1312 2436 regem
1344 2377 1393 2433 pro
1422 2378 1455 2417 co
1471 2361 1592 2431 petierit,
1610 2360 1726 2416 etobti·

914 2451 1016 2516 nnerit,
1033 2456 1063 2504 ut
1078 2437 1177 2505 missos
1195 2466 1260 2504 suos
1275 2450 1417 2521 dirigeret,
1449 2450 1493 2521 qni
1512 2447 1727 2520 diligentissime

915 2543 968 2597 hoc
983 2541 1182 2597 iuterecclesia
1198 2541 1344 2597 Remensis
1367 2549 1394 2596 et
1421 2542 1559 2596 avennaci
1582 2547 1726 2596 monaste-

915 2632 947 2685 rii
967 2632 1161 2701 possessiones
1180 2647 1258 2702 aequa
1289 2631 1368 2685 lance
1399 2631 1572 2706 indagantes,
1591 2631 1726 2684 decerne-

916 2731 993 2776 nent.
1029 2721 1095 2775 Nam
1129 2721 1188 2792 ipsc
1219 2721 1266 2792 qui
1298 2737 1349 2775 sua
1381 2736 1430 2790 pro
1464 2719 1572 2774 Christo
1607 2717 1725 2773 dimisc-

917 2817 968 2876 rat,
985 2826 1036 2865 nec
1062 2810 1155 2876 vellet,
1186 2825 1237 2863 nec
1267 2809 1415 2884 indigeret,
1436 2823 1469 2862 ea
1492 2815 1583 2861 tamen
1601 2805 1728 2877 quaesibi

917 2901 1062 2956 commissa
1089 2907 1177 2966 erant,
1207 2898 1267 2952 sine
1300 2898 1406 2952 ratione
1433 2905 1460 2951 et
1489 2896 1550 2969 lege
1576 2896 1726 2969 negligen-

881 2998 959 3086 Cter
983 2989 1121 3044 dimittere
1153 3003 1208 3043 non
1238 2986 1369 3041 audehat.
1401 2985 1540 3054 hdjicieus
1564 2999 1627 3039 esse
1655 2985 1728 3039 mul-

921 3089 946 3137 ta
988 3082 1022 3135 de
1060 3082 1120 3151 ipso
1157 3080 1338 3144 monasterio,
1369 3078 1443 3132 unde
1476 3077 1572 3146 ipsius,
1606 3075 1727 3147 filiaeque

919 3185 976 3224 suae
992 3168 1133 3243 indigebat
1147 3166 1250 3222 auxilio
1274 3184 1281 3220 τ
1306 3168 1432 3237 petitque
1458 3174 1488 3220 ut
1510 3165 1599 3218 mittat
1614 3165 1728 3218 missurn

919 3274 1000 3312 suum
1015 3266 1157 3311 strenuum
1178 3264 1206 3310 et
1221 3254 1331 3310 fidelem
1346 3271 1408 3310 cum
1425 3255 1511 3308 misso
1523 3252 1585 3308 filiae
1595 3268 1664 3318 suae,
1680 3250 1728 3322 qui

920 3365 975 3404 nna
988 3364 1083 3403 secum
1098 3363 1159 3419 quae
1178 3347 1343 3419 corrigenda
1355 3353 1420 3401 sunt
1431 3345 1534 3400 ibidem
1556 3345 1684 3416 corrigat,
1700 3351 1730 3399 et

920 3440 1011 3495 videat
1026 3456 1108 3511 quam
1125 3440 1307 3494 intentionem
1330 3446 1357 3493 et
1373 3438 1543 3493 voluntatem
1563 3438 1624 3507 ipse
1641 3437 1669 3490 in
1685 3446 1728 3490 ta-

921 3533 993 3588 libus
1008 3533 1118 3598 habeat,
1136 3548 1170 3586 ne
1186 3531 1255 3602 ipsis
1268 3539 1296 3585 et
1309 3531 1362 3584 sihi
1378 3530 1542 3602 periculum,
1558 3528 1633 3600 quod
1647 3528 1728 3594 absit,

920 3625 1020 3680 exinde
1036 3633 1166 3680 maneat:
1184 3623 1461 3696 petitqneutanimns
1477 3622 1563 3692 ipsius
1575 3622 1610 3675 sit
1620 3636 1730 3691 semper

920 3715 1063 3779 sollicitus,
1094 3730 1128 3768 ne
1159 3713 1258 3768 alienae
1273 3713 1374 3785 linguae
1395 3713 1475 3766 facilc
1490 3711 1594 3775 credat,
1610 3710 1728 3765 maxime

921 3805 956 3858 de
972 3802 1165 3858 sacerdotibus
1196 3802 1295 3855 Christi
1310 3819 1317 3864 ;
1343 3801 1474 3872 quoniam
1490 3800 1629 3865 diabolus,
1641 3799 1663 3852 si
1673 3814 1728 3854 non

922 3900 1012 3963 potest
1026 3893 1054 3946 in
1074 3891 1139 3956 alio,
1157 3891 1184 3944 in
1194 3891 1246 3945 hoc
1258 3890 1326 3944 velit
1342 3890 1524 3944 intentionem
1542 3888 1728 3960 ipsiusfusca-

65 3985 361 4056 quisquehoccontra
390 3984 438 4040 Ilei
464 3993 632 4056 praeceptum
663 3983 871 4054 praesumpserit
923 3991 1080 4048 re,uteam
1105 3979 1186 4034 faciat
1214 3979 1242 4032 in
1265 3978 1398 4050 opinione
1412 3977 1536 4032 indebita
1551 3975 1726 4031 sacerdotum

66 4092 154 4151 agere,
171 4077 262 4148 primo
289 4077 443 4133 secundum
468 4076 589 4147 capitula
617 4074 716 4150 legalia
742 4075 794 4129 hoc
809 4090 872 4129 eum
924 4087 1025 4126 errare.
1041 4069 1248 4141 beniquequod
1276 4068 1414 4137 adjecerat
1429 4069 1498 4140 ipsa,
1515 4083 1544 4122 se
1560 4082 1652 4139 proco
1663 4082 1729 4140 sug-

68 4164 451 4233 emcndarefaciat3deinde
477 4165 630 4221 secundum
643 4167 720 4238 leges
739 4164 872 4219 ecclesia·
923 4163 1041 4238 gessisse
1053 4161 1145 4217 animo
1174 4161 1350 4231 imperatoris
1379 4160 1510 4226 Lotharii‚
1526 4164 1622 4213 contra
1638 4158 1728 4228 ipsum

68 4257 479 4314 sticasillumacommunione
500 4254 872 4327 Christianornmusquead
922 4253 1020 4308 fecisse
1047 4251 1093 4306 illa
1120 4256 1244 4314 testatur,
1271 4265 1326 4305 non
1342 4258 1372 4304 ut
1405 4265 1543 4323 magnam,
1571 4247 1729 4302 etheode-

68 4346 279 4402 satisfactionem
297 4345 687 4418 repelletllenuntiatetiam,
704 4346 769 4416 quia
789 4350 1016 4436 quos-Dvotam
1032 4342 1112 4396 decet
1139 4340 1230 4395 facere
1258 4340 1447 4414 conjugem«
1475 4341 1540 4414 Ego,
1558 4339 1729 4411 inquit,scio

70 4449 172 4507 cunque
187 4434 224 4489 ad
242 4434 374 4506 placitum
402 4449 484 4489 sunm
514 4433 610 4489 venire
642 4432 871 4499 mandaverit,ut
921 4431 987 4503 quia
1002 4431 1028 4486 ei
1042 4430 1127 4485 mulia
1143 4429 1178 4483 de
1196 4428 1321 4483 medicta
1337 4428 1449 4483 fuerunt
1462 4427 1687 4494 contraria3sed
1704 4429 1728 4484 si

70 4522 132 4580 hanc
144 4538 258 4579 causam
274 4522 422 4599 diligenter
444 4522 578 4595 inquirat,
593 4531 621 4577 et
649 4521 774 4596 legaliter
789 4529 870 4594 atquc
920 4523 979 4579 vult
994 4523 1095 4593 poterit
1103 4536 1271 4594 cognoscere
1300 4536 1354 4575 non
1379 4536 1442 4574 esse
1459 4536 1523 4575 vera
1539 4528 1728 4576 :tamencum

70 4615 227 4687 regulariter
236 4612 355 4669 diffiniat
370 4632 378 4681 3
391 4614 415 4668 si
427 4613 521 4669 venire
547 4613 732 4685 neglexerint,
742 4621 804 4686 pest
819 4622 871 4668 ter·
921 4630 976 4670 non
992 4616 1082 4669 audeo
1105 4612 1320 4683 reprehendere,
1340 4613 1407 4684 quia
1425 4613 1557 4668 hominus
1572 4621 1623 4678 est,
1639 4613 1737 4667 necin·

69 4703 397 4772 tiamcemmonitionem,
414 4704 538 4760 ahomni
567 4703 782 4759 Christianorum
798 4718 869 4759 eon·
921 4703 1201 4774 ejuspersonadico,
1223 4703 1295 4758 sicut
1317 4702 1417 4775 legitur
1445 4701 1637 4773 inscripturis
1654 4719 1660 4754 :
1677 4702 1730 4768 Qui

68 4800 143 4853 sartio
158 4812 250 4868 usqne
270 4796 304 4850 ad
336 4795 554 4852 satisfactionem
578 4795 705 4867 repellet,
717 4797 770 4850 nisi
786 4796 871 4851 ratio-
920 4798 1033 4852 libenter
1046 4796 1125 4850 audit
1138 4797 1220 4850 uerbo
1242 4796 1387 4859 meradocii,
1400 4797 1541 4850 ministros
1560 4808 1665 4864 qnoque
1679 4794 1730 4847 bo-

68 4886 181 4941 nahilem
214 4884 387 4941 ostenderint
423 4885 638 4941 excusationem.
669 4884 809 4953 adjiciens
835 4885 870 4940 de
921 4886 992 4940 babit
1010 4888 1108 4956 impios
1122 4888 1305 4953 (Prooxxvx).
1341 4882 1475 4938 Videlicet
1489 4882 1536 4954 qui
1548 4882 1581 4936 de
1595 4881 1648 4952 piis
1664 4896 1729 4953 erga

68 4976 179 5054 flagellis
195 4992 259 5049 quae
275 4975 451 5049 patiebantur
465 4976 543 5031 multi
557 4977 587 5048 li,
612 4976 786 5047 patiebantur
798 4977 871 5031 mul·
919 4992 982 5031 eum
996 4976 1151 5031 voluntarie
1165 4976 1312 5047 loquentur
1327 4975 1421 5046 impia.
1440 4974 1490 5038 Qui
1510 4973 1549 5028 illi
1565 4988 1597 5029 ea
1612 4972 1681 5027 dixit
1696 4988 1729 5026 ex

67 5069 115 5140 tisl,
130 5076 161 5125 et
175 5068 329 5125 ostendens
343 5068 418 5140 quod
432 5068 495 5123 ideo
507 5068 566 5124 haec
580 5075 634 5123 tam
649 5067 756 5123 duriter
775 5085 808 5123 ex
822 5069 869 5123 llei
920 5083 982 5122 mea
994 5077 1083 5138 parte,
1093 5083 1155 5139 quae
1168 5067 1237 5121 mihi
1251 5066 1412 5134 mandastis,
1433 5067 1514 5121 aliter
1532 5082 1615 5138 quam
1630 5080 1727 5121 verum

66 5163 145 5218 verbo
165 5161 389 5227 annuntient,ut
418 5159 574 5235 intelligant
596 5160 868 5231 quantasitoffensa.
919 5158 954 5213 sit
965 5157 1042 5215 dixit.
1060 5157 1132 5212 male
1147 5163 1238 5211 autem
1270 5156 1469 5227 interpretatus
1489 5165 1530 5210 est
1555 5154 1726 5209 benedicta.

65 5248 254 5305 inhaccausa
272 5248 421 5305 contrahei
438 5257 617 5320 praeceptum,
647 5256 675 5304 et
690 5264 782 5304 sacras
796 5264 868 5320 prae-
919 5248 1088 5304 Sivoluisset
1106 5264 1274 5324 cognoscere
1303 5264 1410 5315 verum,
1436 5256 1464 5302 et
1489 5246 1593 5318 aliquis
1624 5247 1727 5300 missus

63 5355 170 5396 sumere
185 5341 352 5411 Scripturas,
364 5341 518 5396 admonens
543 5356 578 5395 ne
588 5341 622 5396 de
635 5341 757 5411 peccatis
769 5340 867 5395 alienis
917 5342 985 5398 mihi
1005 5344 1040 5398 de
1054 5357 1138 5413 supra
1151 5342 1268 5408 veniret,
1293 5347 1324 5397 nt
1337 5357 1401 5397 vera
1420 5357 1452 5396 ex
1474 5357 1518 5396 me
1533 5346 1724 5413 cognosceret,

61 5439 174 5501 peccata
187 5447 239 5487 sua
258 5430 442 5487 accumulent.
467 5432 624 5506 Sigeherte,
656 5445 705 5502 pro
730 5447 866 5502 praesum·
918 5431 990 5487 sicut
1002 5430 1088 5498 venit,
1105 5439 1133 5486 et
1145 5446 1190 5485 me
1204 5430 1428 5502 qualemcunque
1443 5430 1542 5485 Christi
1557 5428 1665 5485 Domini
1680 5442 1725 5480 sa-

61 5523 155 5592 ptioue
174 5528 204 5578 ct
217 5521 379 5593 praejudicto
390 5521 464 5593 quod
479 5530 573 5599 egerat
583 5537 633 5594 pro
649 5520 766 5594 quadam
782 5522 869 5577 eccle·
918 5520 1056 5575 cerdotem
1071 5519 1238 5594 suggillavit,
1265 5519 1446 5574 libentissime
1461 5535 1512 5574 suo
1526 5519 1620 5573 animo
1639 5514 1722 5569 satis-

59 5608 96 5664 sia
109 5608 222 5664 cuidam
235 5609 409 5681 presbytero,
438 5609 606 5681 mandatque
621 5609 647 5664 ci
677 5616 707 5664 ut
731 5610 867 5681 hocprae-
917 5608 1047 5664 facerem.
1061 5608 1098 5663 lle
1114 5623 1176 5665 meo
1185 5615 1277 5663 antem
1299 5607 1395 5673 misso,
1422 5603 1655 5662 sicntdominatio
1672 5600 1723 5656 he·
