<?xml version="1.0" encoding="UTF-8"?>
<!DOCTYPE html PUBLIC "-//W3C//DTD XHTML 1.0 Transitional//EN"
    "http://www.w3.org/TR/xhtml1/DTD/xhtml1-transitional.dtd">
<html xmlns="http://www.w3.org/1999/xhtml" xml:lang="en" lang="en">
 <head>
  <title>
</title>
<meta http-equiv="Content-Type" content="text/html;charset=utf-8" />
  <meta name='ocr-system' content='tesseract 3.04.00' />
  <meta name='ocr-capabilities' content='ocr_page ocr_carea ocr_par ocr_line ocrx_word'/>
</head>
<body>
  <div class='ocr_page' id='page_1' title='image "./patrologiaecurs08migngoog/patrologiaecurs08migngoog_0174.png"; bbox 0 0 3848 6106; ppageno 0'>
   <div class='ocr_carea' id='block_1_1' title="bbox 130 268 1800 342">
    <p class='ocr_par' dir='ltr' id='par_1_1' title="bbox 130 268 1800 342">
     <span class='ocr_line' id='line_1_1' title="bbox 130 268 1800 342; baseline -0.006 -12"><span class='ocrx_word' id='word_1_1' title='bbox 130 272 184 331; x_wconf 74' lang='lat'>337</span> <span class='ocrx_word' id='word_1_2' title='bbox 798 270 831 324; x_wconf 87' lang='grc' dir='ltr'>ΙΝ</span> <span class='ocrx_word' id='word_1_3' title='bbox 852 268 977 324; x_wconf 74' lang='lat' dir='ltr'>ululabit</span> <span class='ocrx_word' id='word_1_4' title='bbox 996 269 1137 325; x_wconf 81' lang='lat' dir='ltr'>PRIMUM.</span> <span class='ocrx_word' id='word_1_5' title='bbox 1747 284 1800 342; x_wconf 71' lang='lat'>338</span> 
     </span>
    </p>
   </div>
   <div class='ocr_carea' id='block_1_2' title="bbox 127 402 1800 1030">
    <p class='ocr_par' dir='ltr' id='par_1_2' title="bbox 127 402 1800 664">
     <span class='ocr_line' id='line_1_2' title="bbox 128 402 1799 486; baseline 0.006 -22"><span class='ocrx_word' id='word_1_6' title='bbox 128 409 268 481; x_wconf 80' lang='lat' dir='ltr'>ltartyrol.</span> <span class='ocrx_word' id='word_1_7' title='bbox 280 407 396 464; x_wconf 86' lang='lat' dir='ltr'>Usuardi</span> <span class='ocrx_word' id='word_1_8' title='bbox 408 422 424 461; x_wconf 91' lang='lat' dir='ltr'>a</span> <span class='ocrx_word' id='word_1_9' title='bbox 438 408 545 462; x_wconf 86' lang='lat' dir='ltr'>toaune</span> <span class='ocrx_word' id='word_1_10' title='bbox 562 406 668 461; x_wconf 80' lang='lat' dir='ltr'>Malana</span> <span class='ocrx_word' id='word_1_11' title='bbox 692 411 813 470; x_wconf 87' lang='lat' dir='ltr'>auctum,</span> <span class='ocrx_word' id='word_1_12' title='bbox 826 410 853 458; x_wconf 93' lang='lat' dir='ltr'>et</span> <span class='ocrx_word' id='word_1_13' title='bbox 867 402 938 456; x_wconf 82' lang='lat' dir='ltr'>Mar·</span> <span class='ocrx_word' id='word_1_14' title='bbox 951 406 976 475; x_wconf 73' lang='grc' dir='ltr'>Α</span> <span class='ocrx_word' id='word_1_15' title='bbox 989 402 1136 458; x_wconf 92' lang='lat' dir='ltr'>lectionem</span> <span class='ocrx_word' id='word_1_16' title='bbox 1153 403 1182 458; x_wconf 93' lang='lat' dir='ltr'>in</span> <span class='ocrx_word' id='word_1_17' title='bbox 1195 404 1328 475; x_wconf 86' lang='lat' dir='ltr'>operibus</span> <span class='ocrx_word' id='word_1_18' title='bbox 1349 407 1506 482; x_wconf 83' lang='lat' dir='ltr'>Hieronymi</span> <span class='ocrx_word' id='word_1_19' title='bbox 1523 413 1643 483; x_wconf 77' lang='lat' dir='ltr'>pretulit</span> <span class='ocrx_word' id='word_1_20' title='bbox 1659 414 1799 486; x_wconf 86' lang='lat' dir='ltr'>Erasmus,</span> 
     </span>
     <span class='ocr_line' id='line_1_3' title="bbox 128 494 1800 579; baseline 0.004 -19"><span class='ocrx_word' id='word_1_21' title='bbox 128 503 296 579; x_wconf 77' lang='lat' dir='ltr'>tyrolagium</span> <span class='ocrx_word' id='word_1_22' title='bbox 313 501 454 573; x_wconf 88' lang='lat' dir='ltr'>proprium</span> <span class='ocrx_word' id='word_1_23' title='bbox 479 500 609 556; x_wconf 82' lang='lat' dir='ltr'>Ecclesiae</span> <span class='ocrx_word' id='word_1_24' title='bbox 625 499 839 554; x_wconf 82' lang='lat' dir='ltr'>Cameracensis.</span> <span class='ocrx_word' id='word_1_25' title='bbox 860 497 939 572; x_wconf 80' lang='lat' dir='ltr'>Sige-</span> <span class='ocrx_word' id='word_1_26' title='bbox 989 494 1125 550; x_wconf 89' lang='lat' dir='ltr'>llarianus</span> <span class='ocrx_word' id='word_1_27' title='bbox 1144 495 1211 571; x_wconf 82' lang='lat' dir='ltr'>legit</span> <span class='ocrx_word' id='word_1_28' title='bbox 1236 498 1404 564; x_wconf 76' lang='lat' dir='ltr'>Aperucbia.</span> <span class='ocrx_word' id='word_1_29' title='bbox 1436 502 1504 559; x_wconf 84' lang='lat' dir='ltr'>Vide</span> <span class='ocrx_word' id='word_1_30' title='bbox 1533 513 1612 562; x_wconf 90' lang='lat' dir='ltr'>notas</span> <span class='ocrx_word' id='word_1_31' title='bbox 1642 516 1750 565; x_wconf 86' lang='lat' dir='ltr'>nostras</span> <span class='ocrx_word' id='word_1_32' title='bbox 1765 512 1800 566; x_wconf 93' lang='lat' dir='ltr'>ad</span> 
     </span>
     <span class='ocr_line' id='line_1_4' title="bbox 127 588 1537 664; baseline 0.004 -17"><span class='ocrx_word' id='word_1_33' title='bbox 127 592 240 649; x_wconf 87' lang='lat' dir='ltr'>bertum</span> <span class='ocrx_word' id='word_1_34' title='bbox 264 599 356 647; x_wconf 90' lang='lat' dir='ltr'>tamen</span> <span class='ocrx_word' id='word_1_35' title='bbox 375 598 487 646; x_wconf 91' lang='lat' dir='ltr'>secutus</span> <span class='ocrx_word' id='word_1_36' title='bbox 524 598 565 644; x_wconf 91' lang='lat' dir='ltr'>est</span> <span class='ocrx_word' id='word_1_37' title='bbox 589 589 670 645; x_wconf 86' lang='lat' dir='ltr'>Ottho</span> <span class='ocrx_word' id='word_1_38' title='bbox 698 589 883 663; x_wconf 84' lang='lat' dir='ltr'>Frisingcnsis</span> <span class='ocrx_word' id='word_1_39' title='bbox 911 588 939 641; x_wconf 91' lang='lat' dir='ltr'>in</span> <span class='ocrx_word' id='word_1_40' title='bbox 990 589 1145 646; x_wconf 70' lang='lat' dir='ltr'>chronicon</span> <span class='ocrx_word' id='word_1_41' title='bbox 1159 591 1356 649; x_wconf 71' lang='lat' dir='ltr'>cameracense</span> <span class='ocrx_word' id='word_1_42' title='bbox 1371 595 1421 651; x_wconf 92' lang='lat' dir='ltr'>lib.</span> <span class='ocrx_word' id='word_1_43' title='bbox 1435 614 1453 664; x_wconf 89' lang='lat' dir='ltr'>r,</span> <span class='ocrx_word' id='word_1_44' title='bbox 1470 614 1494 654; x_wconf 90' lang='lat' dir='ltr'>c.</span> <span class='ocrx_word' id='word_1_45' title='bbox 1508 602 1537 657; x_wconf 81' lang='lat' dir='ltr'>S.</span> 
     </span>
    </p>

    <p class='ocr_par' dir='ltr' id='par_1_3' title="bbox 127 677 1797 1030">
     <span class='ocr_line' id='line_1_5' title="bbox 128 677 1797 754; baseline 0 -18"><span class='ocrx_word' id='word_1_46' title='bbox 128 681 231 737; x_wconf 81' lang='lat' dir='ltr'>chron.</span> <span class='ocrx_word' id='word_1_47' title='bbox 247 683 267 747; x_wconf 95' lang='lat' dir='ltr'>l,</span> <span class='ocrx_word' id='word_1_48' title='bbox 282 698 320 747; x_wconf 78' lang='lat' dir='ltr'>rr,</span> <span class='ocrx_word' id='word_1_49' title='bbox 335 695 360 735; x_wconf 90' lang='lat' dir='ltr'>c.</span> <span class='ocrx_word' id='word_1_50' title='bbox 375 677 553 745; x_wconf 68' lang='lat' dir='ltr'>satcenses</span> <span class='ocrx_word' id='word_1_51' title='bbox 564 678 649 733; x_wconf 90' lang='lat' dir='ltr'>Tilius</span> <span class='ocrx_word' id='word_1_52' title='bbox 661 679 689 731; x_wconf 93' lang='lat' dir='ltr'>in</span> <span class='ocrx_word' id='word_1_53' title='bbox 704 677 839 733; x_wconf 87' lang='lat' dir='ltr'>Chronico</span> <span class='ocrx_word' id='word_1_54' title='bbox 856 677 938 731; x_wconf 83' lang='lat' dir='ltr'>l&#39;rau-</span> <span class='ocrx_word' id='word_1_55' title='bbox 1024 684 1154 749; x_wconf 76' lang='lat' dir='ltr'><strong><em>Nemetes,</em></strong></span> <span class='ocrx_word' id='word_1_56' title='bbox 1177 685 1374 752; x_wconf 77' lang='lat' dir='ltr'>Arparturacas</span> <span class='ocrx_word' id='word_1_57' title='bbox 1398 692 1538 747; x_wconf 70' lang='lat' dir='ltr'>translaeae</span> <span class='ocrx_word' id='word_1_58' title='bbox 1569 695 1600 749; x_wconf 67' lang='lat'>2¹7,</span> <span class='ocrx_word' id='word_1_59' title='bbox 1615 695 1797 754; x_wconf 55' lang='lat' dir='ltr'>Germaniam,</span> 
     </span>
     <span class='ocr_line' id='line_1_6' title="bbox 127 767 1797 855; baseline 0.01 -28"><span class='ocrx_word' id='word_1_60' title='bbox 127 787 236 838; x_wconf 87' lang='lat' dir='ltr'>corum,</span> <span class='ocrx_word' id='word_1_61' title='bbox 247 778 274 827; x_wconf 91' lang='lat' dir='ltr'>et</span> <span class='ocrx_word' id='word_1_62' title='bbox 288 771 355 825; x_wconf 73' lang='lat' dir='ltr'>vna</span> <span class='ocrx_word' id='word_1_63' title='bbox 374 770 422 825; x_wconf 89' lang='lat' dir='ltr'>SS.</span> <span class='ocrx_word' id='word_1_64' title='bbox 435 769 538 824; x_wconf 80' lang='lat' dir='ltr'>Gallice</span> <span class='ocrx_word' id='word_1_65' title='bbox 560 786 576 823; x_wconf 93' lang='lat' dir='ltr'>a</span> <span class='ocrx_word' id='word_1_66' title='bbox 601 767 806 823; x_wconf 90' lang='lat' dir='ltr'>Parisiensibus</span> <span class='ocrx_word' id='word_1_67' title='bbox 817 767 938 823; x_wconf 91' lang='lat' dir='ltr'>doctori·</span> <span class='ocrx_word' id='word_1_68' title='bbox 990 770 1020 825; x_wconf 91' lang='lat' dir='ltr'>ln</span> <span class='ocrx_word' id='word_1_69' title='bbox 1033 770 1200 843; x_wconf 81' lang='lat' dir='ltr'>Hieronymo</span> <span class='ocrx_word' id='word_1_70' title='bbox 1216 788 1291 829; x_wconf 90' lang='lat' dir='ltr'>nunc</span> <span class='ocrx_word' id='word_1_71' title='bbox 1306 774 1406 850; x_wconf 81' lang='lat' dir='ltr'>legitur</span> <span class='ocrx_word' id='word_1_72' title='bbox 1425 780 1572 848; x_wconf 67' lang='lat' dir='ltr'>:Nenaetm</span> <span class='ocrx_word' id='word_1_73' title='bbox 1586 784 1797 855; x_wconf 78' lang='lat' dir='ltr'>Arpentoratus,</span> 
     </span>
     <span class='ocr_line' id='line_1_7' title="bbox 127 860 1797 939; baseline 0.01 -22"><span class='ocrx_word' id='word_1_74' title='bbox 127 863 180 918; x_wconf 90' lang='lat' dir='ltr'>bus</span> <span class='ocrx_word' id='word_1_75' title='bbox 193 863 286 919; x_wconf 82' lang='lat' dir='ltr'>editae.</span> <span class='ocrx_word' id='word_1_76' title='bbox 313 862 376 917; x_wconf 87' lang='lat' dir='ltr'>Post</span> <span class='ocrx_word' id='word_1_77' title='bbox 404 861 463 917; x_wconf 82' lang='lat' dir='ltr'>lraee</span> <span class='ocrx_word' id='word_1_78' title='bbox 482 861 605 916; x_wconf 88' lang='lat' dir='ltr'>omniaa</span> <span class='ocrx_word' id='word_1_79' title='bbox 631 877 674 916; x_wconf 90' lang='lat' dir='ltr'>me</span> <span class='ocrx_word' id='word_1_80' title='bbox 691 861 808 935; x_wconf 81' lang='lat' dir='ltr'>digesta,</span> <span class='ocrx_word' id='word_1_81' title='bbox 823 860 936 916; x_wconf 75' lang='lat' dir='ltr'>invenio</span> <span class='ocrx_word' id='word_1_82' title='bbox 986 865 1152 919; x_wconf 73' lang='lat' dir='ltr'>translaticia</span> <span class='ocrx_word' id='word_1_83' title='bbox 1164 865 1346 934; x_wconf 74' lang='lat' dir='ltr'>demenciam,</span> <span class='ocrx_word' id='word_1_84' title='bbox 1361 872 1501 939; x_wconf 91' lang='lat' dir='ltr'>quamodo</span> <span class='ocrx_word' id='word_1_85' title='bbox 1514 872 1631 929; x_wconf 87' lang='lat' dir='ltr'>mutavit</span> <span class='ocrx_word' id='word_1_86' title='bbox 1644 875 1671 931; x_wconf 89' lang='lat' dir='ltr'>S.</span> <span class='ocrx_word' id='word_1_87' title='bbox 1697 877 1797 934; x_wconf 83' lang='lat' dir='ltr'>Verum</span> 
     </span>
     <span class='ocr_line' id='line_1_8' title="bbox 127 948 1689 1030; baseline 0.004 -11"><span class='ocrx_word' id='word_1_88' title='bbox 127 951 282 1019; x_wconf 55' lang='lat' dir='ltr'>flitmum,</span> <span class='ocrx_word' id='word_1_89' title='bbox 296 967 350 1006; x_wconf 75' lang='lat'><strong>⁰0¹¹</strong></span> <span class='ocrx_word' id='word_1_90' title='bbox 362 950 555 1025; x_wconf 61' lang='lat' dir='ltr'>indiligentem</span> <span class='ocrx_word' id='word_1_91' title='bbox 568 951 740 1016; x_wconf 90' lang='lat' dir='ltr'>historicum,</span> <span class='ocrx_word' id='word_1_92' title='bbox 753 949 802 1017; x_wconf 73' lang='lat' dir='ltr'>lib,</span> <span class='ocrx_word' id='word_1_93' title='bbox 815 966 840 1003; x_wconf 78' lang='grc' dir='ltr'>ΧΙ</span> <span class='ocrx_word' id='word_1_94' title='bbox 851 948 936 1004; x_wconf 70' lang='lat' dir='ltr'><strong>Chl0·</strong></span> <span class='ocrx_word' id='word_1_95' title='bbox 986 964 1060 1013; x_wconf 86' lang='lat' dir='ltr'>reete</span> <span class='ocrx_word' id='word_1_96' title='bbox 1072 957 1173 1030; x_wconf 75' lang='lat' dir='ltr'>legitur</span> <span class='ocrx_word' id='word_1_97' title='bbox 1185 961 1339 1025; x_wconf 84' lang='lat' dir='ltr'>translata,</span> <span class='ocrx_word' id='word_1_98' title='bbox 1353 969 1383 1017; x_wconf 93' lang='lat' dir='ltr'>nt</span> <span class='ocrx_word' id='word_1_99' title='bbox 1396 963 1430 1018; x_wconf 90' lang='lat' dir='ltr'>ad</span> <span class='ocrx_word' id='word_1_100' title='bbox 1443 965 1528 1021; x_wconf 89' lang='lat' dir='ltr'>urbes</span> <span class='ocrx_word' id='word_1_101' title='bbox 1543 966 1689 1025; x_wconf 81' lang='lat' dir='ltr'>referatur.</span> 
     </span>
    </p>
   </div>
   <div class='ocr_carea' id='block_1_3' title="bbox 127 1041 1796 1130">
    <p class='ocr_par' dir='ltr' id='par_1_4' title="bbox 127 1041 1796 1130">
     <span class='ocr_line' id='line_1_9' title="bbox 127 1041 1796 1130; baseline 0.011 -34"><span class='ocrx_word' id='word_1_102' title='bbox 127 1043 255 1099; x_wconf 90' lang='lat' dir='ltr'>uicorum</span> <span class='ocrx_word' id='word_1_103' title='bbox 272 1043 457 1110; x_wconf 91' lang='lat' dir='ltr'>mundi,ann.</span> <span class='ocrx_word' id='word_1_104' title='bbox 486 1042 550 1107; x_wconf 79' lang='lat' dir='ltr'>loti,</span> <span class='ocrx_word' id='word_1_105' title='bbox 582 1058 693 1098; x_wconf 90' lang='lat' dir='ltr'>mecum</span> <span class='ocrx_word' id='word_1_106' title='bbox 710 1041 785 1096; x_wconf 90' lang='lat' dir='ltr'>idem</span> <span class='ocrx_word' id='word_1_107' title='bbox 801 1041 934 1108; x_wconf 89' lang='lat' dir='ltr'>sensisse,</span> <span class='ocrx_word' id='word_1_108' title='bbox 1020 1052 1111 1107; x_wconf 73' lang='lat' dir='ltr'>Istaec</span> <span class='ocrx_word' id='word_1_109' title='bbox 1125 1053 1331 1110; x_wconf 68' lang='lat' dir='ltr'>meminentes</span> <span class='ocrx_word' id='word_1_110' title='bbox 1359 1057 1403 1111; x_wconf 82' lang='lat' dir='ltr'>bie</span> <span class='ocrx_word' id='word_1_111' title='bbox 1428 1058 1541 1125; x_wconf 70' lang='lat' dir='ltr'>decebat</span> <span class='ocrx_word' id='word_1_112' title='bbox 1559 1061 1796 1130; x_wconf 56' lang='lat' dir='ltr'>amaitalljeto.</span> 
     </span>
    </p>
   </div>
   <div class='ocr_carea' id='block_1_4' title="bbox 125 1128 1799 1308">
    <p class='ocr_par' dir='ltr' id='par_1_5' title="bbox 125 1128 1799 1308">
     <span class='ocr_line' id='line_1_10' title="bbox 126 1128 1799 1222; baseline 0.008 -27"><span class='ocrx_word' id='word_1_113' title='bbox 126 1129 226 1185; x_wconf 69' lang='lat' dir='ltr'>iisdem</span> <span class='ocrx_word' id='word_1_114' title='bbox 238 1129 295 1184; x_wconf 63' lang='lat' dir='ltr'>sete</span> <span class='ocrx_word' id='word_1_115' title='bbox 314 1131 407 1184; x_wconf 70' lang='lat' dir='ltr'>nixum</span> <span class='ocrx_word' id='word_1_116' title='bbox 428 1130 591 1195; x_wconf 67' lang='lat' dir='ltr'>talionibus.</span> <span class='ocrx_word' id='word_1_117' title='bbox 618 1130 684 1184; x_wconf 76' lang='lat' dir='ltr'>dum</span> <span class='ocrx_word' id='word_1_118' title='bbox 717 1129 777 1184; x_wconf 65' lang='lat' dir='ltr'>llll:</span> <span class='ocrx_word' id='word_1_119' title='bbox 798 1149 810 1179; x_wconf 78' lang='lat' dir='ltr'>a</span> <span class='ocrx_word' id='word_1_120' title='bbox 833 1128 935 1183; x_wconf 73' lang='lat' dir='ltr'>Eodem</span> <span class='ocrx_word' id='word_1_121' title='bbox 986 1139 1055 1194; x_wconf 82' lang='lat' dir='ltr'>Vera</span> <span class='ocrx_word' id='word_1_122' title='bbox 1067 1140 1148 1197; x_wconf 87' lang='lat' dir='ltr'>lectio</span> <span class='ocrx_word' id='word_1_123' title='bbox 1163 1144 1251 1198; x_wconf 80' lang='lat' dir='ltr'>isthac</span> <span class='ocrx_word' id='word_1_124' title='bbox 1264 1143 1306 1198; x_wconf 77' lang='lat' dir='ltr'>vel</span> <span class='ocrx_word' id='word_1_125' title='bbox 1323 1146 1413 1215; x_wconf 72' lang='lat' dir='ltr'>isthic,</span> <span class='ocrx_word' id='word_1_126' title='bbox 1427 1149 1568 1218; x_wconf 90' lang='lat' dir='ltr'>quomodo</span> <span class='ocrx_word' id='word_1_127' title='bbox 1583 1149 1685 1222; x_wconf 74' lang='lat' dir='ltr'>legitur</span> <span class='ocrx_word' id='word_1_128' title='bbox 1695 1152 1724 1207; x_wconf 92' lang='lat' dir='ltr'>iu</span> <span class='ocrx_word' id='word_1_129' title='bbox 1738 1153 1799 1210; x_wconf 84' lang='lat' dir='ltr'>Vita</span> 
     </span>
     <span class='ocr_line' id='line_1_11' title="bbox 125 1217 1798 1308; baseline 0.007 -35"><span class='ocrx_word' id='word_1_130' title='bbox 125 1219 272 1274; x_wconf 89' lang='lat' dir='ltr'>consulatu</span> <span class='ocrx_word' id='word_1_131' title='bbox 288 1218 427 1289; x_wconf 72' lang='lat' dir='ltr'>(videlicet</span> <span class='ocrx_word' id='word_1_132' title='bbox 438 1219 545 1274; x_wconf 75' lang='lat' dir='ltr'>Arcadii</span> <span class='ocrx_word' id='word_1_133' title='bbox 567 1228 676 1273; x_wconf 85' lang='lat' dir='ltr'>sextum</span> <span class='ocrx_word' id='word_1_134' title='bbox 692 1218 817 1275; x_wconf 78' lang='lat' dir='ltr'>etrlnicii</span> <span class='ocrx_word' id='word_1_135' title='bbox 834 1217 934 1288; x_wconf 83' lang='lat' dir='ltr'>Probi),</span> <span class='ocrx_word' id='word_1_136' title='bbox 986 1229 1016 1284; x_wconf 81' lang='grc' dir='ltr'>Β,</span> <span class='ocrx_word' id='word_1_137' title='bbox 1033 1229 1208 1304; x_wconf 66' lang='lat' dir='ltr'>Remigiiper</span> <span class='ocrx_word' id='word_1_138' title='bbox 1224 1231 1410 1298; x_wconf 65' lang='lat' dir='ltr'>mmmmm,</span> <span class='ocrx_word' id='word_1_139' title='bbox 1443 1236 1490 1290; x_wconf 69' lang='lat' dir='ltr'>uhi</span> <span class='ocrx_word' id='word_1_140' title='bbox 1508 1238 1684 1308; x_wconf 66' lang='lat' dir='ltr'>pautolayius</span> <span class='ocrx_word' id='word_1_141' title='bbox 1699 1240 1798 1297; x_wconf 64' lang='lat' dir='ltr'>decla.</span> 
     </span>
    </p>
   </div>
   <div class='ocr_carea' id='block_1_5' title="bbox 125 1312 1798 1491">
    <p class='ocr_par' dir='ltr' id='par_1_6' title="bbox 125 1312 1798 1491">
     <span class='ocr_line' id='line_1_12' title="bbox 126 1312 1797 1400; baseline 0.014 -35"><span class='ocrx_word' id='word_1_142' title='bbox 126 1320 199 1368; x_wconf 85' lang='lat' dir='ltr'>tcste</span> <span class='ocrx_word' id='word_1_143' title='bbox 215 1313 363 1384; x_wconf 84' lang='lat' dir='ltr'>Prospero,</span> <span class='ocrx_word' id='word_1_144' title='bbox 380 1312 451 1384; x_wconf 87' lang='lat' dir='ltr'>prid.</span> <span class='ocrx_word' id='word_1_145' title='bbox 470 1312 523 1368; x_wconf 85' lang='lat' dir='ltr'>llal.</span> <span class='ocrx_word' id='word_1_146' title='bbox 546 1313 681 1380; x_wconf 76' lang='lat' dir='ltr'>ianuarii,</span> <span class='ocrx_word' id='word_1_147' title='bbox 700 1313 813 1382; x_wconf 78' lang='lat' dir='ltr'>trajeclO</span> <span class='ocrx_word' id='word_1_148' title='bbox 829 1312 934 1378; x_wconf 76' lang='lat' dir='ltr'>Rheno,</span> <span class='ocrx_word' id='word_1_149' title='bbox 987 1330 1063 1377; x_wconf 86' lang='lat' dir='ltr'>ratur</span> <span class='ocrx_word' id='word_1_150' title='bbox 1077 1322 1151 1393; x_wconf 89' lang='lat' dir='ltr'>quod</span> <span class='ocrx_word' id='word_1_151' title='bbox 1165 1323 1211 1379; x_wconf 84' lang='lat' dir='ltr'>liic</span> <span class='ocrx_word' id='word_1_152' title='bbox 1226 1324 1326 1380; x_wconf 90' lang='lat' dir='ltr'>dicitur</span> <span class='ocrx_word' id='word_1_153' title='bbox 1345 1326 1380 1381; x_wconf 91' lang='lat' dir='ltr'>de</span> <span class='ocrx_word' id='word_1_154' title='bbox 1401 1327 1531 1384; x_wconf 90' lang='lat' dir='ltr'>incendio</span> <span class='ocrx_word' id='word_1_155' title='bbox 1547 1329 1626 1386; x_wconf 91' lang='lat' dir='ltr'>urbis</span> <span class='ocrx_word' id='word_1_156' title='bbox 1637 1331 1797 1400; x_wconf 79' lang='lat' dir='ltr'>Remorum,</span> 
     </span>
     <span class='ocr_line' id='line_1_13' title="bbox 125 1399 1798 1491; baseline 0.014 -37"><span class='ocrx_word' id='word_1_157' title='bbox 125 1400 266 1469; x_wconf 77' lang='lat' dir='ltr'>wandali,</span> <span class='ocrx_word' id='word_1_158' title='bbox 285 1400 362 1455; x_wconf 82' lang='lat' dir='ltr'>Alani</span> <span class='ocrx_word' id='word_1_159' title='bbox 377 1409 406 1456; x_wconf 85' lang='lat' dir='ltr'>et</span> <span class='ocrx_word' id='word_1_160' title='bbox 419 1400 480 1456; x_wconf 84' lang='lat' dir='ltr'>aliae</span> <span class='ocrx_word' id='word_1_161' title='bbox 502 1400 626 1455; x_wconf 81' lang='lat' dir='ltr'>barbarae</span> <span class='ocrx_word' id='word_1_162' title='bbox 650 1400 779 1456; x_wconf 88' lang='lat' dir='ltr'>nationes</span> <span class='ocrx_word' id='word_1_163' title='bbox 798 1401 825 1455; x_wconf 93' lang='lat' dir='ltr'>in</span> <span class='ocrx_word' id='word_1_164' title='bbox 836 1399 937 1455; x_wconf 88' lang='lat' dir='ltr'>Gallias</span> <span class='ocrx_word' id='word_1_165' title='bbox 987 1419 1015 1466; x_wconf 75' lang='lat' dir='ltr'>ea</span> <span class='ocrx_word' id='word_1_166' title='bbox 1026 1410 1152 1483; x_wconf 73' lang='lat' dir='ltr'>vestigiis</span> <span class='ocrx_word' id='word_1_167' title='bbox 1172 1412 1272 1482; x_wconf 91' lang='lat' dir='ltr'>pedum</span> <span class='ocrx_word' id='word_1_168' title='bbox 1291 1414 1352 1483; x_wconf 90' lang='lat' dir='ltr'>ejus</span> <span class='ocrx_word' id='word_1_169' title='bbox 1367 1414 1510 1487; x_wconf 82' lang='lat' dir='ltr'>lapidibus</span> <span class='ocrx_word' id='word_1_170' title='bbox 1524 1417 1678 1491; x_wconf 79' lang='lat' dir='ltr'>impressis,</span> <span class='ocrx_word' id='word_1_171' title='bbox 1691 1422 1798 1481; x_wconf 86' lang='lat' dir='ltr'>sicntet</span> 
     </span>
    </p>
   </div>
   <div class='ocr_carea' id='block_1_6' title="bbox 123 1491 938 1748">
    <p class='ocr_par' dir='ltr' id='par_1_7' title="bbox 123 1491 938 1748">
     <span class='ocr_line' id='line_1_14' title="bbox 124 1491 938 1564; baseline 0.001 -18"><span class='ocrx_word' id='word_1_172' title='bbox 124 1493 278 1560; x_wconf 87' lang='lat' dir='ltr'>irruerunt,</span> <span class='ocrx_word' id='word_1_173' title='bbox 294 1499 321 1547; x_wconf 91' lang='lat' dir='ltr'>et</span> <span class='ocrx_word' id='word_1_174' title='bbox 336 1491 461 1547; x_wconf 86' lang='lat' dir='ltr'>infinitas</span> <span class='ocrx_word' id='word_1_175' title='bbox 489 1494 579 1548; x_wconf 73' lang='lat' dir='ltr'>caedes</span> <span class='ocrx_word' id='word_1_176' title='bbox 595 1500 825 1564; x_wconf 74' lang='lat' dir='ltr'>perpetraverunt</span> <span class='ocrx_word' id='word_1_177' title='bbox 840 1512 849 1548; x_wconf 78' lang='grc' dir='ltr'>ι</span> <span class='ocrx_word' id='word_1_178' title='bbox 866 1492 938 1547; x_wconf 91' lang='lat' dir='ltr'>iuter</span> 
     </span>
     <span class='ocr_line' id='line_1_15' title="bbox 123 1585 936 1656; baseline 0.001 -18"><span class='ocrx_word' id='word_1_179' title='bbox 123 1585 232 1656; x_wconf 87' lang='lat' dir='ltr'>quasS.</span> <span class='ocrx_word' id='word_1_180' title='bbox 248 1585 373 1640; x_wconf 83' lang='lat' dir='ltr'>Nicasius</span> <span class='ocrx_word' id='word_1_181' title='bbox 399 1586 491 1641; x_wconf 89' lang='lat' dir='ltr'>Remis</span> <span class='ocrx_word' id='word_1_182' title='bbox 516 1586 657 1641; x_wconf 91' lang='lat' dir='ltr'>occubuit.</span> <span class='ocrx_word' id='word_1_183' title='bbox 675 1585 801 1641; x_wconf 78' lang='lat' dir='ltr'>Testatur</span> <span class='ocrx_word' id='word_1_184' title='bbox 816 1585 936 1656; x_wconf 89' lang='lat' dir='ltr'>idipsum</span> 
     </span>
     <span class='ocr_line' id='line_1_16' title="bbox 124 1676 937 1748; baseline 0.001 -17"><span class='ocrx_word' id='word_1_185' title='bbox 124 1677 241 1748; x_wconf 74' lang='lat' dir='ltr'>propria</span> <span class='ocrx_word' id='word_1_186' title='bbox 253 1677 341 1748; x_wconf 92' lang='lat' dir='ltr'>ipsius</span> <span class='ocrx_word' id='word_1_187' title='bbox 350 1677 476 1743; x_wconf 89' lang='lat' dir='ltr'>historia,</span> <span class='ocrx_word' id='word_1_188' title='bbox 489 1677 591 1731; x_wconf 91' lang='lat' dir='ltr'>nullam</span> <span class='ocrx_word' id='word_1_189' title='bbox 609 1677 780 1743; x_wconf 87' lang='lat' dir='ltr'>llunnorum,</span> <span class='ocrx_word' id='word_1_190' title='bbox 796 1676 845 1731; x_wconf 91' lang='lat' dir='ltr'>scd</span> <span class='ocrx_word' id='word_1_191' title='bbox 856 1676 937 1732; x_wconf 89' lang='lat' dir='ltr'>Wan-</span> 
     </span>
    </p>
   </div>
   <div class='ocr_carea' id='block_1_7' title="bbox 123 1767 976 1845">
    <p class='ocr_par' dir='ltr' id='par_1_8' title="bbox 123 1767 976 1845">
     <span class='ocr_line' id='line_1_17' title="bbox 123 1767 976 1845; baseline 0.004 -24"><span class='ocrx_word' id='word_1_192' title='bbox 123 1767 252 1823; x_wconf 89' lang='lat' dir='ltr'>dalorum</span> <span class='ocrx_word' id='word_1_193' title='bbox 268 1776 373 1824; x_wconf 86' lang='lat' dir='ltr'>tantum</span> <span class='ocrx_word' id='word_1_194' title='bbox 401 1768 506 1824; x_wconf 80' lang='lat' dir='ltr'>iaciens</span> <span class='ocrx_word' id='word_1_195' title='bbox 521 1769 704 1824; x_wconf 90' lang='lat' dir='ltr'>mentionem.</span> <span class='ocrx_word' id='word_1_196' title='bbox 720 1770 775 1824; x_wconf 91' lang='lat' dir='ltr'>lloc</span> <span class='ocrx_word' id='word_1_197' title='bbox 787 1776 814 1824; x_wconf 91' lang='lat' dir='ltr'>et</span> <span class='ocrx_word' id='word_1_198' title='bbox 833 1769 860 1824; x_wconf 86' lang='lat' dir='ltr'>S.</span> <span class='ocrx_word' id='word_1_199' title='bbox 872 1770 936 1824; x_wconf 89' lang='lat' dir='ltr'>llic·</span> <span class='ocrx_word' id='word_1_200' title='bbox 950 1775 976 1845; x_wconf 82' lang='grc' dir='ltr'>Β</span> 
     </span>
    </p>
   </div>
   <div class='ocr_carea' id='block_1_8' title="bbox 101 1861 936 4113">
    <p class='ocr_par' dir='ltr' id='par_1_9' title="bbox 101 1861 936 4113">
     <span class='ocr_line' id='line_1_18' title="bbox 124 1861 934 1932; baseline -0.001 -16"><span class='ocrx_word' id='word_1_201' title='bbox 124 1877 261 1932; x_wconf 83' lang='lat' dir='ltr'>ronymus</span> <span class='ocrx_word' id='word_1_202' title='bbox 276 1862 309 1916; x_wconf 90' lang='lat' dir='ltr'>ad</span> <span class='ocrx_word' id='word_1_203' title='bbox 327 1861 484 1916; x_wconf 85' lang='lat' dir='ltr'>Geruutiam</span> <span class='ocrx_word' id='word_1_204' title='bbox 505 1861 678 1932; x_wconf 72' lang='lat' dir='ltr'>apertissime</span> <span class='ocrx_word' id='word_1_205' title='bbox 695 1871 875 1921; x_wconf 83' lang='lat' dir='ltr'>contestatur.</span> <span class='ocrx_word' id='word_1_206' title='bbox 888 1878 934 1932; x_wconf 86' lang='lat' dir='ltr'>qur</span> 
     </span>
     <span class='ocr_line' id='line_1_19' title="bbox 125 1952 936 2010; baseline 0.001 -3"><span class='ocrx_word' id='word_1_207' title='bbox 125 1953 176 2008; x_wconf 81' lang='lat' dir='ltr'>(liu</span> <span class='ocrx_word' id='word_1_208' title='bbox 191 1962 257 2008; x_wconf 89' lang='lat' dir='ltr'>ante</span> <span class='ocrx_word' id='word_1_209' title='bbox 271 1954 420 2009; x_wconf 77' lang='lat' dir='ltr'>adrentum</span> <span class='ocrx_word' id='word_1_210' title='bbox 430 1952 589 2008; x_wconf 83' lang='lat' dir='ltr'>lliinuorum</span> <span class='ocrx_word' id='word_1_211' title='bbox 607 1954 633 2008; x_wconf 93' lang='lat' dir='ltr'>iu</span> <span class='ocrx_word' id='word_1_212' title='bbox 648 1954 760 2008; x_wconf 87' lang='lat' dir='ltr'>Galliam</span> <span class='ocrx_word' id='word_1_213' title='bbox 789 1954 936 2010; x_wconf 86' lang='lat' dir='ltr'>defunctus</span> 
     </span>
     <span class='ocr_line' id='line_1_20' title="bbox 122 2045 934 2120; baseline -0.004 -17"><span class='ocrx_word' id='word_1_214' title='bbox 122 2055 174 2103; x_wconf 87' lang='lat' dir='ltr'>est.</span> <span class='ocrx_word' id='word_1_215' title='bbox 189 2046 279 2111; x_wconf 82' lang='lat' dir='ltr'>Quare</span> <span class='ocrx_word' id='word_1_216' title='bbox 303 2045 402 2101; x_wconf 89' lang='lat' dir='ltr'>merito</span> <span class='ocrx_word' id='word_1_217' title='bbox 424 2046 593 2099; x_wconf 87' lang='lat' dir='ltr'>detestamur</span> <span class='ocrx_word' id='word_1_218' title='bbox 613 2061 707 2100; x_wconf 90' lang='lat' dir='ltr'>eorum</span> <span class='ocrx_word' id='word_1_219' title='bbox 738 2046 934 2120; x_wconf 79' lang='lat' dir='ltr'>negligentiam</span> 
     </span>
     <span class='ocr_line' id='line_1_21' title="bbox 121 2137 936 2212; baseline -0.004 -18"><span class='ocrx_word' id='word_1_220' title='bbox 121 2139 170 2212; x_wconf 92' lang='lat' dir='ltr'>qui</span> <span class='ocrx_word' id='word_1_221' title='bbox 187 2139 334 2210; x_wconf 88' lang='lat' dir='ltr'>plusquam</span> <span class='ocrx_word' id='word_1_222' title='bbox 345 2137 379 2193; x_wconf 77' lang='lat' dir='ltr'>to</span> <span class='ocrx_word' id='word_1_223' title='bbox 393 2137 473 2191; x_wconf 88' lang='lat' dir='ltr'>annis</span> <span class='ocrx_word' id='word_1_224' title='bbox 489 2137 627 2207; x_wconf 82' lang='lat' dir='ltr'>posterius</span> <span class='ocrx_word' id='word_1_225' title='bbox 637 2137 663 2189; x_wconf 91' lang='lat' dir='ltr'>S.</span> <span class='ocrx_word' id='word_1_226' title='bbox 677 2137 813 2192; x_wconf 82' lang='lat' dir='ltr'>Nicasium</span> <span class='ocrx_word' id='word_1_227' title='bbox 826 2153 936 2208; x_wconf 85' lang='lat' dir='ltr'>passum</span> 
     </span>
     <span class='ocr_line' id='line_1_22' title="bbox 121 2224 933 2299; baseline -0.004 -17"><span class='ocrx_word' id='word_1_228' title='bbox 121 2227 261 2292; x_wconf 85' lang='lat' dir='ltr'>scribunt,</span> <span class='ocrx_word' id='word_1_229' title='bbox 274 2234 303 2280; x_wconf 93' lang='lat' dir='ltr'>ut</span> <span class='ocrx_word' id='word_1_230' title='bbox 314 2225 418 2280; x_wconf 89' lang='lat' dir='ltr'>nullom</span> <span class='ocrx_word' id='word_1_231' title='bbox 440 2224 526 2280; x_wconf 81' lang='lat' dir='ltr'>ferme</span> <span class='ocrx_word' id='word_1_232' title='bbox 542 2225 613 2279; x_wconf 90' lang='lat' dir='ltr'>inter</span> <span class='ocrx_word' id='word_1_233' title='bbox 629 2226 719 2294; x_wconf 90' lang='lat' dir='ltr'>ipsum</span> <span class='ocrx_word' id='word_1_234' title='bbox 737 2233 764 2279; x_wconf 91' lang='lat' dir='ltr'>et</span> <span class='ocrx_word' id='word_1_235' title='bbox 779 2226 933 2299; x_wconf 81' lang='lat' dir='ltr'>Remigium</span> 
     </span>
     <span class='ocr_line' id='line_1_23' title="bbox 122 2315 934 2389; baseline -0.001 -17"><span class='ocrx_word' id='word_1_236' title='bbox 122 2326 235 2389; x_wconf 89' lang='lat' dir='ltr'>tempus</span> <span class='ocrx_word' id='word_1_237' title='bbox 250 2315 361 2372; x_wconf 82' lang='lat' dir='ltr'>suerit?</span> <span class='ocrx_word' id='word_1_238' title='bbox 391 2317 527 2373; x_wconf 89' lang='lat' dir='ltr'>llactenus</span> <span class='ocrx_word' id='word_1_239' title='bbox 555 2317 611 2373; x_wconf 90' lang='lat' dir='ltr'>ille.</span> <span class='ocrx_word' id='word_1_240' title='bbox 628 2317 703 2371; x_wconf 90' lang='lat' dir='ltr'>ldem</span> <span class='ocrx_word' id='word_1_241' title='bbox 719 2318 837 2371; x_wconf 70' lang='lat' dir='ltr'>advertit</span> <span class='ocrx_word' id='word_1_242' title='bbox 851 2318 934 2372; x_wconf 78' lang='lat' dir='ltr'>Nico-</span> 
     </span>
     <span class='ocr_line' id='line_1_24' title="bbox 121 2403 934 2476; baseline 0 -15"><span class='ocrx_word' id='word_1_243' title='bbox 121 2407 181 2461; x_wconf 87' lang='lat' dir='ltr'>laus</span> <span class='ocrx_word' id='word_1_244' title='bbox 195 2406 328 2460; x_wconf 85' lang='lat' dir='ltr'>Camuzar</span> <span class='ocrx_word' id='word_1_245' title='bbox 343 2406 370 2459; x_wconf 94' lang='lat' dir='ltr'>in</span> <span class='ocrx_word' id='word_1_246' title='bbox 386 2403 440 2461; x_wconf 82' lang='lat' dir='ltr'>fine</span> <span class='ocrx_word' id='word_1_247' title='bbox 458 2405 500 2459; x_wconf 92' lang='lat' dir='ltr'>sui</span> <span class='ocrx_word' id='word_1_248' title='bbox 511 2406 692 2476; x_wconf 86' lang='lat' dir='ltr'>Promptuarii</span> <span class='ocrx_word' id='word_1_249' title='bbox 708 2422 848 2460; x_wconf 87' lang='lat' dir='ltr'>sacrarum</span> <span class='ocrx_word' id='word_1_250' title='bbox 862 2407 934 2461; x_wconf 86' lang='lat' dir='ltr'>anti-</span> 
     </span>
     <span class='ocr_line' id='line_1_25' title="bbox 124 2498 934 2570; baseline 0 -17"><span class='ocrx_word' id='word_1_251' title='bbox 124 2499 263 2570; x_wconf 89' lang='lat' dir='ltr'>quilatum</span> <span class='ocrx_word' id='word_1_252' title='bbox 275 2498 435 2553; x_wconf 77' lang='lat' dir='ltr'>Tricassinae</span> <span class='ocrx_word' id='word_1_253' title='bbox 447 2498 585 2565; x_wconf 69' lang='lat' dir='ltr'>dioecesis,</span> <span class='ocrx_word' id='word_1_254' title='bbox 602 2498 705 2553; x_wconf 88' lang='lat' dir='ltr'>docens</span> <span class='ocrx_word' id='word_1_255' title='bbox 728 2513 784 2552; x_wconf 92' lang='lat' dir='ltr'>uon</span> <span class='ocrx_word' id='word_1_256' title='bbox 799 2506 874 2552; x_wconf 82' lang='lat' dir='ltr'>reete</span> <span class='ocrx_word' id='word_1_257' title='bbox 888 2499 934 2553; x_wconf 84' lang='lat' dir='ltr'>ut-</span> 
     </span>
     <span class='ocr_line' id='line_1_26' title="bbox 125 2588 936 2662; baseline -0.002 -19"><span class='ocrx_word' id='word_1_258' title='bbox 125 2590 180 2645; x_wconf 71' lang='lat' dir='ltr'>lila2</span> <span class='ocrx_word' id='word_1_259' title='bbox 197 2590 282 2646; x_wconf 91' lang='lat' dir='ltr'>tribui</span> <span class='ocrx_word' id='word_1_260' title='bbox 300 2590 403 2645; x_wconf 74' lang='lat' dir='ltr'>codem</span> <span class='ocrx_word' id='word_1_261' title='bbox 422 2591 588 2645; x_wconf 81' lang='lat' dir='ltr'>Silicasiia</span> <span class='ocrx_word' id='word_1_262' title='bbox 613 2590 768 2662; x_wconf 80' lang='lat' dir='ltr'>Sigeberto,</span> <span class='ocrx_word' id='word_1_263' title='bbox 779 2612 790 2634; x_wconf 64' lang='grc' dir='ltr'>ιι</span> <span class='ocrx_word' id='word_1_264' title='bbox 805 2588 936 2642; x_wconf 84' lang='lat' dir='ltr'>Flodaar-</span> 
     </span>
     <span class='ocr_line' id='line_1_27' title="bbox 123 2680 931 2755; baseline -0.005 -17"><span class='ocrx_word' id='word_1_265' title='bbox 123 2684 202 2749; x_wconf 91' lang='lat' dir='ltr'>dum,</span> <span class='ocrx_word' id='word_1_266' title='bbox 215 2685 317 2755; x_wconf 90' lang='lat' dir='ltr'>inquit,</span> <span class='ocrx_word' id='word_1_267' title='bbox 334 2692 474 2739; x_wconf 88' lang='lat' dir='ltr'>auctorem</span> <span class='ocrx_word' id='word_1_268' title='bbox 491 2683 572 2754; x_wconf 76' lang='lat' dir='ltr'>patilo</span> <span class='ocrx_word' id='word_1_269' title='bbox 594 2683 777 2753; x_wconf 88' lang='lat' dir='ltr'>antiquiorem</span> <span class='ocrx_word' id='word_1_270' title='bbox 803 2680 872 2735; x_wconf 87' lang='lat' dir='ltr'>iortc</span> <span class='ocrx_word' id='word_1_271' title='bbox 887 2697 931 2734; x_wconf 92' lang='lat' dir='ltr'>sc·</span> 
     </span>
     <span class='ocr_line' id='line_1_28' title="bbox 123 2770 931 2844; baseline -0.005 -17"><span class='ocrx_word' id='word_1_272' title='bbox 123 2772 196 2838; x_wconf 89' lang='lat' dir='ltr'>culo,</span> <span class='ocrx_word' id='word_1_273' title='bbox 211 2773 259 2844; x_wconf 92' lang='lat' dir='ltr'>qui</span> <span class='ocrx_word' id='word_1_274' title='bbox 273 2772 462 2827; x_wconf 86' lang='lat' dir='ltr'>sanctissimos</span> <span class='ocrx_word' id='word_1_275' title='bbox 480 2771 610 2840; x_wconf 78' lang='lat' dir='ltr'>praesules</span> <span class='ocrx_word' id='word_1_276' title='bbox 624 2771 777 2826; x_wconf 74' lang='lat' dir='ltr'>servatium</span> <span class='ocrx_word' id='word_1_277' title='bbox 789 2770 931 2843; x_wconf 84' lang='lat' dir='ltr'>Tungren-</span> 
     </span>
     <span class='ocr_line' id='line_1_29' title="bbox 101 2865 932 2939; baseline -0.002 -19"><span class='ocrx_word' id='word_1_278' title='bbox 101 2882 192 2939; x_wconf 28' lang='lat' dir='ltr'>,serm</span> <span class='ocrx_word' id='word_1_279' title='bbox 213 2865 350 2921; x_wconf 81' lang='lat' dir='ltr'>Nicasium</span> <span class='ocrx_word' id='word_1_280' title='bbox 374 2873 401 2921; x_wconf 93' lang='lat' dir='ltr'>et</span> <span class='ocrx_word' id='word_1_281' title='bbox 421 2865 525 2936; x_wconf 86' lang='lat' dir='ltr'>Lupum</span> <span class='ocrx_word' id='word_1_282' title='bbox 550 2880 687 2936; x_wconf 79' lang='lat' dir='ltr'>aequaevos</span> <span class='ocrx_word' id='word_1_283' title='bbox 700 2873 727 2919; x_wconf 87' lang='lat' dir='ltr'>et</span> <span class='ocrx_word' id='word_1_284' title='bbox 740 2873 932 2934; x_wconf 88' lang='lat' dir='ltr'>contempora-</span> 
     </span>
     <span class='ocr_line' id='line_1_30' title="bbox 123 2953 933 3026; baseline -0.005 -16"><span class='ocrx_word' id='word_1_285' title='bbox 123 2971 191 3011; x_wconf 84' lang='lat' dir='ltr'>neos</span> <span class='ocrx_word' id='word_1_286' title='bbox 207 2954 353 3021; x_wconf 86' lang='lat' dir='ltr'>lacit,cum</span> <span class='ocrx_word' id='word_1_287' title='bbox 369 2964 460 3009; x_wconf 89' lang='lat' dir='ltr'>lameu</span> <span class='ocrx_word' id='word_1_288' title='bbox 476 2955 620 3026; x_wconf 87' lang='lat' dir='ltr'>perspicue</span> <span class='ocrx_word' id='word_1_289' title='bbox 633 2953 722 3023; x_wconf 88' lang='lat' dir='ltr'>palam</span> <span class='ocrx_word' id='word_1_290' title='bbox 738 2953 773 3007; x_wconf 91' lang='lat' dir='ltr'>sit</span> <span class='ocrx_word' id='word_1_291' title='bbox 786 2953 816 3006; x_wconf 86' lang='lat' dir='ltr'>u.</span> <span class='ocrx_word' id='word_1_292' title='bbox 829 2953 933 3023; x_wconf 88' lang='lat' dir='ltr'>Lupum</span> 
     </span>
     <span class='ocr_line' id='line_1_31' title="bbox 122 3045 933 3117; baseline -0.004 -15"><span class='ocrx_word' id='word_1_293' title='bbox 122 3064 178 3103; x_wconf 91' lang='lat' dir='ltr'>non</span> <span class='ocrx_word' id='word_1_294' title='bbox 193 3047 248 3101; x_wconf 92' lang='lat' dir='ltr'>nisi</span> <span class='ocrx_word' id='word_1_295' title='bbox 262 3047 298 3101; x_wconf 74' lang='lat'>20</span> <span class='ocrx_word' id='word_1_296' title='bbox 312 3046 393 3101; x_wconf 87' lang='lat' dir='ltr'>annis</span> <span class='ocrx_word' id='word_1_297' title='bbox 409 3046 582 3117; x_wconf 90' lang='lat' dir='ltr'>postobitum</span> <span class='ocrx_word' id='word_1_298' title='bbox 593 3045 717 3115; x_wconf 92' lang='lat' dir='ltr'>ipsorum</span> <span class='ocrx_word' id='word_1_299' title='bbox 731 3045 885 3099; x_wconf 74' lang='lat' dir='ltr'>antistitum</span> <span class='ocrx_word' id='word_1_300' title='bbox 898 3045 933 3099; x_wconf 89' lang='lat' dir='ltr'>ad</span> 
     </span>
     <span class='ocr_line' id='line_1_32' title="bbox 121 3133 933 3207; baseline -0.004 -16"><span class='ocrx_word' id='word_1_301' title='bbox 121 3134 311 3207; x_wconf 90' lang='lat' dir='ltr'>episcopalem</span> <span class='ocrx_word' id='word_1_302' title='bbox 326 3135 433 3206; x_wconf 87' lang='lat' dir='ltr'>apicem</span> <span class='ocrx_word' id='word_1_303' title='bbox 461 3140 597 3190; x_wconf 80' lang='lat' dir='ltr'>erectum.</span> <span class='ocrx_word' id='word_1_304' title='bbox 614 3154 629 3183; x_wconf 77' lang='lat' dir='ltr'>s</span> <span class='ocrx_word' id='word_1_305' title='bbox 645 3133 689 3189; x_wconf 90' lang='lat' dir='ltr'>Sic</span> <span class='ocrx_word' id='word_1_306' title='bbox 704 3134 760 3189; x_wconf 93' lang='lat' dir='ltr'>ille.</span> <span class='ocrx_word' id='word_1_307' title='bbox 776 3134 853 3198; x_wconf 83' lang='lat' dir='ltr'>Quod</span> <span class='ocrx_word' id='word_1_308' title='bbox 868 3149 933 3189; x_wconf 85' lang='lat' dir='ltr'>uero</span> 
     </span>
     <span class='ocr_line' id='line_1_33' title="bbox 123 3226 934 3302; baseline -0.004 -20"><span class='ocrx_word' id='word_1_309' title='bbox 123 3228 238 3301; x_wconf 88' lang='lat' dir='ltr'>quidam</span> <span class='ocrx_word' id='word_1_310' title='bbox 261 3227 470 3293; x_wconf 87' lang='lat' dir='ltr'>ratiocinantur,</span> <span class='ocrx_word' id='word_1_311' title='bbox 491 3227 555 3298; x_wconf 89' lang='lat' dir='ltr'>quia</span> <span class='ocrx_word' id='word_1_312' title='bbox 579 3227 680 3302; x_wconf 79' lang='lat' dir='ltr'>legitur</span> <span class='ocrx_word' id='word_1_313' title='bbox 694 3227 738 3281; x_wconf 90' lang='lat' dir='ltr'>bic</span> <span class='ocrx_word' id='word_1_314' title='bbox 754 3226 885 3296; x_wconf 90' lang='lat' dir='ltr'>Eutropia</span> <span class='ocrx_word' id='word_1_315' title='bbox 899 3235 934 3281; x_wconf 93' lang='lat' dir='ltr'>tr-</span> 
     </span>
     <span class='ocr_line' id='line_1_34' title="bbox 122 3315 932 3388; baseline -0.002 -16"><span class='ocrx_word' id='word_1_316' title='bbox 122 3317 228 3372; x_wconf 91' lang='lat' dir='ltr'>muisse</span> <span class='ocrx_word' id='word_1_317' title='bbox 238 3317 354 3372; x_wconf 84' lang='lat' dir='ltr'>castitati</span> <span class='ocrx_word' id='word_1_318' title='bbox 368 3333 424 3371; x_wconf 82' lang='lat' dir='ltr'>suae</span> <span class='ocrx_word' id='word_1_319' title='bbox 441 3325 552 3387; x_wconf 92' lang='lat' dir='ltr'>propter</span> <span class='ocrx_word' id='word_1_320' title='bbox 565 3315 813 3388; x_wconf 85' lang='lat' dir='ltr'>pulchritudinem,</span> <span class='ocrx_word' id='word_1_321' title='bbox 829 3315 932 3370; x_wconf 90' lang='lat' dir='ltr'>idcirco</span> 
     </span>
     <span class='ocr_line' id='line_1_35' title="bbox 124 3401 931 3476; baseline -0.002 -17"><span class='ocrx_word' id='word_1_322' title='bbox 124 3406 219 3476; x_wconf 91' lang='lat' dir='ltr'>polius</span> <span class='ocrx_word' id='word_1_323' title='bbox 231 3403 267 3459; x_wconf 90' lang='lat' dir='ltr'>ab</span> <span class='ocrx_word' id='word_1_324' title='bbox 279 3404 383 3458; x_wconf 88' lang='lat' dir='ltr'>llunnis</span> <span class='ocrx_word' id='word_1_325' title='bbox 398 3404 425 3458; x_wconf 89' lang='lat' dir='ltr'>id</span> <span class='ocrx_word' id='word_1_326' title='bbox 442 3403 541 3459; x_wconf 87' lang='lat' dir='ltr'>lactum</span> <span class='ocrx_word' id='word_1_327' title='bbox 569 3421 650 3476; x_wconf 91' lang='lat' dir='ltr'>quam</span> <span class='ocrx_word' id='word_1_328' title='bbox 665 3420 680 3457; x_wconf 85' lang='lat' dir='ltr'>a</span> <span class='ocrx_word' id='word_1_329' title='bbox 694 3402 844 3469; x_wconf 86' lang='lat' dir='ltr'>Wandalis,</span> <span class='ocrx_word' id='word_1_330' title='bbox 856 3401 931 3474; x_wconf 89' lang='lat' dir='ltr'>quod</span> 
     </span>
     <span class='ocr_line' id='line_1_36' title="bbox 121 3494 932 3567; baseline -0.004 -16"><span class='ocrx_word' id='word_1_331' title='bbox 121 3513 212 3567; x_wconf 77' lang='lat' dir='ltr'>genus</span> <span class='ocrx_word' id='word_1_332' title='bbox 232 3497 393 3552; x_wconf 90' lang='lat' dir='ltr'>llunnorum</span> <span class='ocrx_word' id='word_1_333' title='bbox 419 3512 475 3567; x_wconf 78' lang='lat' dir='ltr'>prae</span> <span class='ocrx_word' id='word_1_334' title='bbox 498 3496 606 3551; x_wconf 67' lang='lat' dir='ltr'>ea’teris</span> <span class='ocrx_word' id='word_1_335' title='bbox 631 3497 659 3549; x_wconf 91' lang='lat' dir='ltr'>in</span> <span class='ocrx_word' id='word_1_336' title='bbox 689 3494 822 3549; x_wconf 87' lang='lat' dir='ltr'>Venerem</span> <span class='ocrx_word' id='word_1_337' title='bbox 850 3494 932 3550; x_wconf 88' lang='lat' dir='ltr'>luerit</span> 
     </span>
     <span class='ocr_line' id='line_1_37' title="bbox 124 3583 930 3656; baseline -0.002 -16"><span class='ocrx_word' id='word_1_338' title='bbox 124 3601 211 3656; x_wconf 90' lang='lat' dir='ltr'>prona</span> <span class='ocrx_word' id='word_1_339' title='bbox 223 3593 250 3640; x_wconf 90' lang='lat' dir='ltr'>et</span> <span class='ocrx_word' id='word_1_340' title='bbox 265 3585 414 3655; x_wconf 86' lang='lat' dir='ltr'>impudica,</span> <span class='ocrx_word' id='word_1_341' title='bbox 430 3591 459 3639; x_wconf 94' lang='lat' dir='ltr'>ut</span> <span class='ocrx_word' id='word_1_342' title='bbox 475 3584 553 3638; x_wconf 87' lang='lat' dir='ltr'>testis</span> <span class='ocrx_word' id='word_1_343' title='bbox 571 3591 613 3639; x_wconf 90' lang='lat' dir='ltr'>est</span> <span class='ocrx_word' id='word_1_344' title='bbox 627 3583 770 3639; x_wconf 74' lang='lat' dir='ltr'>Salvianus</span> <span class='ocrx_word' id='word_1_345' title='bbox 786 3583 835 3637; x_wconf 91' lang='lat' dir='ltr'>lib.</span> <span class='ocrx_word' id='word_1_346' title='bbox 851 3601 877 3639; x_wconf 83' lang='grc' dir='ltr'>ιν</span> <span class='ocrx_word' id='word_1_347' title='bbox 893 3584 930 3638; x_wconf 89' lang='lat' dir='ltr'>lte</span> 
     </span>
     <span class='ocr_line' id='line_1_38' title="bbox 124 3676 931 3748; baseline -0.001 -17"><span class='ocrx_word' id='word_1_348' title='bbox 124 3686 197 3732; x_wconf 84' lang='lat' dir='ltr'>recto</span> <span class='ocrx_word' id='word_1_349' title='bbox 205 3676 313 3746; x_wconf 85' lang='lat' dir='ltr'>judicio</span> <span class='ocrx_word' id='word_1_350' title='bbox 328 3686 357 3732; x_wconf 91' lang='lat' dir='ltr'>et</span> <span class='ocrx_word' id='word_1_351' title='bbox 372 3676 555 3748; x_wconf 87' lang='lat' dir='ltr'>providentia,</span> <span class='ocrx_word' id='word_1_352' title='bbox 570 3676 596 3729; x_wconf 92' lang='lat' dir='ltr'>id</span> <span class='ocrx_word' id='word_1_353' title='bbox 613 3676 696 3729; x_wconf 92' lang='lat' dir='ltr'>nimis</span> <span class='ocrx_word' id='word_1_354' title='bbox 708 3676 767 3731; x_wconf 84' lang='lat' dir='ltr'>leve</span> <span class='ocrx_word' id='word_1_355' title='bbox 783 3691 931 3748; x_wconf 81' lang='lat' dir='ltr'>argumen-</span> 
     </span>
     <span class='ocr_line' id='line_1_39' title="bbox 125 3766 931 3840; baseline -0.001 -17"><span class='ocrx_word' id='word_1_356' title='bbox 125 3781 178 3823; x_wconf 86' lang='lat' dir='ltr'>tum</span> <span class='ocrx_word' id='word_1_357' title='bbox 192 3779 246 3824; x_wconf 90' lang='lat' dir='ltr'>est.</span> <span class='ocrx_word' id='word_1_358' title='bbox 259 3769 325 3823; x_wconf 81' lang='lat' dir='ltr'>ll&#39;am</span> <span class='ocrx_word' id='word_1_359' title='bbox 341 3769 368 3823; x_wconf 90' lang='lat' dir='ltr'>io</span> <span class='ocrx_word' id='word_1_360' title='bbox 397 3768 496 3840; x_wconf 75' lang='lat' dir='ltr'>quasis</span> <span class='ocrx_word' id='word_1_361' title='bbox 509 3766 602 3822; x_wconf 88' lang='lat' dir='ltr'>hostili</span> <span class='ocrx_word' id='word_1_362' title='bbox 625 3767 779 3837; x_wconf 85' lang='lat' dir='ltr'>irruptione</span> <span class='ocrx_word' id='word_1_363' title='bbox 793 3767 858 3823; x_wconf 89' lang='lat' dir='ltr'>talia</span> <span class='ocrx_word' id='word_1_364' title='bbox 872 3783 931 3822; x_wconf 93' lang='lat' dir='ltr'>me·</span> 
     </span>
     <span class='ocr_line' id='line_1_40' title="bbox 126 3860 413 3916; baseline -0.003 0"><span class='ocrx_word' id='word_1_365' title='bbox 126 3863 176 3916; x_wconf 85' lang='lat' dir='ltr'>rito</span> <span class='ocrx_word' id='word_1_366' title='bbox 193 3860 286 3916; x_wconf 87' lang='lat' dir='ltr'>timeri</span> <span class='ocrx_word' id='word_1_367' title='bbox 302 3860 413 3915; x_wconf 84' lang='lat' dir='ltr'>debent.</span> 
     </span>
     <span class='ocr_line' id='line_1_41' title="bbox 158 3948 932 4020; baseline -0.003 -14"><span class='ocrx_word' id='word_1_368' title='bbox 158 3952 275 4020; x_wconf 77' lang='lat' dir='ltr'>Atiiqae</span> <span class='ocrx_word' id='word_1_369' title='bbox 290 3950 414 4004; x_wconf 75' lang='lat' dir='ltr'>›taunulti</span> <span class='ocrx_word' id='word_1_370' title='bbox 439 3949 587 4003; x_wconf 85' lang='lat' dir='ltr'>uirtutibus</span> <span class='ocrx_word' id='word_1_371' title='bbox 616 3952 744 4016; x_wconf 82' lang='lat' dir='ltr'>irrsr&#39;yrres.</span> <span class='ocrx_word' id='word_1_372' title='bbox 772 3948 803 4003; x_wconf 89' lang='lat' dir='ltr'>Ut</span> <span class='ocrx_word' id='word_1_373' title='bbox 824 3948 932 4005; x_wconf 90' lang='lat' dir='ltr'>Nicasio</span> 
     </span>
     <span class='ocr_line' id='line_1_42' title="bbox 127 4041 934 4113; baseline 0 -15"><span class='ocrx_word' id='word_1_374' title='bbox 127 4059 235 4098; x_wconf 74' lang='lat' dir='ltr'>caecus</span> <span class='ocrx_word' id='word_1_375' title='bbox 264 4042 291 4096; x_wconf 88' lang='lat' dir='ltr'>S.</span> <span class='ocrx_word' id='word_1_376' title='bbox 319 4041 471 4112; x_wconf 81' lang='lat' dir='ltr'>Exuperius</span> <span class='ocrx_word' id='word_1_377' title='bbox 493 4041 648 4097; x_wconf 88' lang='lat' dir='ltr'>Tolosanus</span> <span class='ocrx_word' id='word_1_378' title='bbox 673 4043 831 4113; x_wconf 88' lang='lat' dir='ltr'>episeopus,</span> <span class='ocrx_word' id='word_1_379' title='bbox 855 4059 934 4112; x_wconf 73' lang='lat' dir='ltr'>cujus</span> 
     </span>
    </p>
   </div>
   <div class='ocr_carea' id='block_1_9' title="bbox 130 4132 992 4205">
    <p class='ocr_par' dir='ltr' id='par_1_10' title="bbox 130 4132 992 4205">
     <span class='ocr_line' id='line_1_43' title="bbox 130 4132 992 4205; baseline 0.003 -18"><span class='ocrx_word' id='word_1_380' title='bbox 130 4134 267 4199; x_wconf 86' lang='lat' dir='ltr'>meminit,</span> <span class='ocrx_word' id='word_1_381' title='bbox 292 4132 339 4187; x_wconf 89' lang='lat' dir='ltr'>ubi</span> <span class='ocrx_word' id='word_1_382' title='bbox 363 4146 456 4204; x_wconf 89' lang='lat' dir='ltr'>supra,</span> <span class='ocrx_word' id='word_1_383' title='bbox 479 4132 671 4205; x_wconf 81' lang='lat' dir='ltr'>Hieronymus,</span> <span class='ocrx_word' id='word_1_384' title='bbox 689 4142 716 4188; x_wconf 90' lang='lat' dir='ltr'>et</span> <span class='ocrx_word' id='word_1_385' title='bbox 737 4134 764 4187; x_wconf 89' lang='lat' dir='ltr'>S.</span> <span class='ocrx_word' id='word_1_386' title='bbox 782 4133 935 4190; x_wconf 81' lang='lat' dir='ltr'>Germanus</span> <span class='ocrx_word' id='word_1_387' title='bbox 986 4181 992 4190; x_wconf 96' lang='lat'>.</span> 
     </span>
    </p>
   </div>
   <div class='ocr_carea' id='block_1_10' title="bbox 987 1501 1475 1670">
    <p class='ocr_par' dir='ltr' id='par_1_11' title="bbox 987 1501 1475 1670">
     <span class='ocr_line' id='line_1_44' title="bbox 987 1501 1332 1572; baseline 0.009 -14"><span class='ocrx_word' id='word_1_388' title='bbox 987 1501 1058 1558; x_wconf 88' lang='lat' dir='ltr'>inira</span> <span class='ocrx_word' id='word_1_389' title='bbox 1068 1502 1102 1559; x_wconf 92' lang='lat' dir='ltr'>ab</span> <span class='ocrx_word' id='word_1_390' title='bbox 1120 1510 1231 1560; x_wconf 88' lang='lat' dir='ltr'>auctore</span> <span class='ocrx_word' id='word_1_391' title='bbox 1249 1521 1273 1560; x_wconf 86' lang='lat' dir='ltr'>c.</span> <span class='ocrx_word' id='word_1_392' title='bbox 1288 1507 1332 1572; x_wconf 75' lang='lat'>12,</span> 
     </span>
     <span class='ocr_line' id='line_1_45' title="bbox 1309 1611 1475 1670; baseline 0.006 -3"><span class='ocrx_word' id='word_1_393' title='bbox 1309 1611 1475 1670; x_wconf 79' lang='lat' dir='ltr'>cuedtvlt.</span> 
     </span>
    </p>
   </div>
   <div class='ocr_carea' id='block_1_11' title="bbox 980 1719 1800 2870">
    <p class='ocr_par' dir='ltr' id='par_1_12' title="bbox 985 1719 1800 2063">
     <span class='ocr_line' id='line_1_46' title="bbox 1024 1719 1799 1801; baseline 0.019 -29"><span class='ocrx_word' id='word_1_394' title='bbox 1024 1719 1199 1791; x_wconf 75' lang='lat' dir='ltr'>Quaecunque</span> <span class='ocrx_word' id='word_1_395' title='bbox 1215 1720 1266 1775; x_wconf 89' lang='lat' dir='ltr'>boc</span> <span class='ocrx_word' id='word_1_396' title='bbox 1286 1722 1369 1792; x_wconf 85' lang='lat' dir='ltr'>capit,</span> <span class='ocrx_word' id='word_1_397' title='bbox 1381 1723 1541 1780; x_wconf 81' lang='lat' dir='ltr'>reseruntur</span> <span class='ocrx_word' id='word_1_398' title='bbox 1566 1728 1692 1801; x_wconf 84' lang='lat' dir='ltr'>(excepta</span> <span class='ocrx_word' id='word_1_399' title='bbox 1708 1736 1799 1786; x_wconf 89' lang='lat' dir='ltr'>trans-</span> 
     </span>
     <span class='ocr_line' id='line_1_47' title="bbox 987 1813 1796 1890; baseline 0.016 -23"><span class='ocrx_word' id='word_1_400' title='bbox 987 1814 1089 1868; x_wconf 87' lang='lat' dir='ltr'>latione</span> <span class='ocrx_word' id='word_1_401' title='bbox 1105 1829 1154 1883; x_wconf 92' lang='lat' dir='ltr'>per</span> <span class='ocrx_word' id='word_1_402' title='bbox 1167 1813 1314 1868; x_wconf 86' lang='lat' dir='ltr'>Falconem</span> <span class='ocrx_word' id='word_1_403' title='bbox 1331 1814 1412 1887; x_wconf 86' lang='lat' dir='ltr'>facta)</span> <span class='ocrx_word' id='word_1_404' title='bbox 1428 1817 1527 1872; x_wconf 90' lang='lat' dir='ltr'>iisdem</span> <span class='ocrx_word' id='word_1_405' title='bbox 1542 1835 1615 1890; x_wconf 91' lang='lat' dir='ltr'>pene</span> <span class='ocrx_word' id='word_1_406' title='bbox 1630 1823 1724 1878; x_wconf 83' lang='lat' dir='ltr'>verbis</span> <span class='ocrx_word' id='word_1_407' title='bbox 1742 1824 1796 1879; x_wconf 91' lang='lat' dir='ltr'>ba-</span> 
     </span>
     <span class='ocr_line' id='line_1_48' title="bbox 986 1903 1800 1976; baseline 0.015 -19"><span class='ocrx_word' id='word_1_408' title='bbox 986 1904 1087 1957; x_wconf 81' lang='lat' dir='ltr'>bentur</span> <span class='ocrx_word' id='word_1_409' title='bbox 1106 1903 1133 1956; x_wconf 91' lang='lat' dir='ltr'>in</span> <span class='ocrx_word' id='word_1_410' title='bbox 1159 1903 1226 1957; x_wconf 90' lang='lat' dir='ltr'>actis</span> <span class='ocrx_word' id='word_1_411' title='bbox 1241 1904 1339 1957; x_wconf 90' lang='lat' dir='ltr'>borum</span> <span class='ocrx_word' id='word_1_412' title='bbox 1367 1912 1517 1976; x_wconf 86' lang='lat' dir='ltr'>martyrum</span> <span class='ocrx_word' id='word_1_413' title='bbox 1540 1908 1660 1966; x_wconf 75' lang='lat' dir='ltr'>Coloniae</span> <span class='ocrx_word' id='word_1_414' title='bbox 1691 1913 1800 1968; x_wconf 85' lang='lat' dir='ltr'>excusis</span> 
     </span>
     <span class='ocr_line' id='line_1_49' title="bbox 985 1991 1336 2063; baseline 0.003 -17"><span class='ocrx_word' id='word_1_415' title='bbox 985 1992 1066 2057; x_wconf 79' lang='lat' dir='ltr'>latta,</span> <span class='ocrx_word' id='word_1_416' title='bbox 1081 1991 1229 2063; x_wconf 88' lang='lat' dir='ltr'>dequibus</span> <span class='ocrx_word' id='word_1_417' title='bbox 1242 2009 1336 2062; x_wconf 88' lang='lat' dir='ltr'>supra.</span> 
     </span>
    </p>

    <p class='ocr_par' dir='ltr' id='par_1_13' title="bbox 980 2083 1800 2870">
     <span class='ocr_line' id='line_1_50' title="bbox 1022 2083 1800 2160; baseline 0.013 -25"><span class='ocrx_word' id='word_1_418' title='bbox 1022 2083 1107 2148; x_wconf 85' lang='lat' dir='ltr'>Quam</span> <span class='ocrx_word' id='word_1_419' title='bbox 1122 2086 1152 2135; x_wconf 91' lang='lat' dir='ltr'>ut</span> <span class='ocrx_word' id='word_1_420' title='bbox 1167 2083 1241 2151; x_wconf 87' lang='lat' dir='ltr'>apud</span> <span class='ocrx_word' id='word_1_421' title='bbox 1252 2085 1403 2137; x_wconf 82' lang='lat' dir='ltr'>Turnacum</span> <span class='ocrx_word' id='word_1_422' title='bbox 1412 2085 1597 2155; x_wconf 74' lang='lat' dir='ltr'>castrumlubi</span> <span class='ocrx_word' id='word_1_423' title='bbox 1612 2103 1684 2143; x_wconf 83' lang='lat' dir='ltr'>arana</span> <span class='ocrx_word' id='word_1_424' title='bbox 1694 2105 1800 2160; x_wconf 86' lang='lat' dir='ltr'>qaoque</span> 
     </span>
     <span class='ocr_line' id='line_1_51' title="bbox 986 2170 1799 2240; baseline 0.01 -15"><span class='ocrx_word' id='word_1_425' title='bbox 986 2175 1092 2226; x_wconf 82' lang='lat' dir='ltr'>seruari</span> <span class='ocrx_word' id='word_1_426' title='bbox 1102 2172 1287 2240; x_wconf 82' lang='lat' dir='ltr'>perhibentur.</span> <span class='ocrx_word' id='word_1_427' title='bbox 1314 2170 1434 2227; x_wconf 81' lang='lat' dir='ltr'>Fuerunt</span> <span class='ocrx_word' id='word_1_428' title='bbox 1446 2174 1511 2228; x_wconf 91' lang='lat' dir='ltr'>olim</span> <span class='ocrx_word' id='word_1_429' title='bbox 1538 2174 1653 2230; x_wconf 87' lang='lat' dir='ltr'>Tornaci</span> <span class='ocrx_word' id='word_1_430' title='bbox 1670 2178 1697 2231; x_wconf 95' lang='lat' dir='ltr'>in</span> <span class='ocrx_word' id='word_1_431' title='bbox 1710 2179 1799 2234; x_wconf 90' lang='lat' dir='ltr'>eccle·</span> 
     </span>
     <span class='ocr_line' id='line_1_52' title="bbox 984 2259 1796 2332; baseline 0.015 -18"><span class='ocrx_word' id='word_1_432' title='bbox 984 2260 1023 2314; x_wconf 90' lang='lat' dir='ltr'>sia</span> <span class='ocrx_word' id='word_1_433' title='bbox 1038 2261 1067 2312; x_wconf 87' lang='lat' dir='ltr'>B.</span> <span class='ocrx_word' id='word_1_434' title='bbox 1085 2259 1174 2313; x_wconf 83' lang='lat' dir='ltr'>llariae</span> <span class='ocrx_word' id='word_1_435' title='bbox 1188 2260 1326 2314; x_wconf 88' lang='lat' dir='ltr'>notabiles</span> <span class='ocrx_word' id='word_1_436' title='bbox 1343 2261 1468 2332; x_wconf 89' lang='lat' dir='ltr'>reliquiae</span> <span class='ocrx_word' id='word_1_437' title='bbox 1483 2263 1510 2317; x_wconf 89' lang='lat' dir='ltr'>S.</span> <span class='ocrx_word' id='word_1_438' title='bbox 1532 2263 1645 2331; x_wconf 89' lang='lat' dir='ltr'>Nicasii,</span> <span class='ocrx_word' id='word_1_439' title='bbox 1662 2267 1712 2319; x_wconf 89' lang='lat' dir='ltr'>sed</span> <span class='ocrx_word' id='word_1_440' title='bbox 1730 2282 1796 2326; x_wconf 88' lang='lat' dir='ltr'>ceo·</span> 
     </span>
     <span class='ocr_line' id='line_1_53' title="bbox 984 2349 1795 2418; baseline 0.007 -14"><span class='ocrx_word' id='word_1_441' title='bbox 984 2359 1041 2404; x_wconf 88' lang='lat' dir='ltr'>tum</span> <span class='ocrx_word' id='word_1_442' title='bbox 1066 2349 1145 2402; x_wconf 87' lang='lat' dir='ltr'>annis</span> <span class='ocrx_word' id='word_1_443' title='bbox 1159 2354 1221 2418; x_wconf 87' lang='lat' dir='ltr'>post</span> <span class='ocrx_word' id='word_1_444' title='bbox 1250 2355 1374 2418; x_wconf 91' lang='lat' dir='ltr'>tempora</span> <span class='ocrx_word' id='word_1_445' title='bbox 1392 2349 1541 2405; x_wconf 73' lang='lat' dir='ltr'>flodoardi</span> <span class='ocrx_word' id='word_1_446' title='bbox 1559 2353 1658 2408; x_wconf 92' lang='lat' dir='ltr'>Remos</span> <span class='ocrx_word' id='word_1_447' title='bbox 1674 2363 1738 2409; x_wconf 92' lang='lat' dir='ltr'>sunt</span> <span class='ocrx_word' id='word_1_448' title='bbox 1750 2372 1795 2411; x_wconf 91' lang='lat' dir='ltr'>rc-</span> 
     </span>
     <span class='ocr_line' id='line_1_54' title="bbox 986 2435 1796 2514; baseline 0.01 -22"><span class='ocrx_word' id='word_1_449' title='bbox 986 2439 1056 2504; x_wconf 78' lang='lat' dir='ltr'>latae,</span> <span class='ocrx_word' id='word_1_450' title='bbox 1079 2445 1204 2507; x_wconf 86' lang='lat' dir='ltr'>tempore</span> <span class='ocrx_word' id='word_1_451' title='bbox 1229 2435 1351 2491; x_wconf 81' lang='lat' dir='ltr'>Gcrvasii</span> <span class='ocrx_word' id='word_1_452' title='bbox 1380 2440 1608 2512; x_wconf 85' lang='lat' dir='ltr'>archiepiscopi,</span> <span class='ocrx_word' id='word_1_453' title='bbox 1638 2443 1685 2514; x_wconf 93' lang='lat' dir='ltr'>qui</span> <span class='ocrx_word' id='word_1_454' title='bbox 1715 2453 1796 2501; x_wconf 91' lang='lat' dir='ltr'>antea</span> 
     </span>
     <span class='ocr_line' id='line_1_55' title="bbox 987 2525 1797 2598; baseline 0.009 -15"><span class='ocrx_word' id='word_1_455' title='bbox 987 2526 1202 2583; x_wconf 79' lang='lat' dir='ltr'>Cenonranensis</span> <span class='ocrx_word' id='word_1_456' title='bbox 1232 2525 1320 2581; x_wconf 86' lang='lat' dir='ltr'>lucrat</span> <span class='ocrx_word' id='word_1_457' title='bbox 1342 2527 1500 2598; x_wconf 88' lang='lat' dir='ltr'>episcopus.</span> <span class='ocrx_word' id='word_1_458' title='bbox 1524 2530 1797 2590; x_wconf 89' lang='lat' dir='ltr'>UudcetRemensis</span> 
     </span>
     <span class='ocr_line' id='line_1_56' title="bbox 986 2616 1795 2680; baseline 0.007 -7"><span class='ocrx_word' id='word_1_459' title='bbox 986 2618 1108 2673; x_wconf 85' lang='lat' dir='ltr'>Ecclesia</span> <span class='ocrx_word' id='word_1_460' title='bbox 1124 2617 1223 2671; x_wconf 83' lang='lat' dir='ltr'>lestutn</span> <span class='ocrx_word' id='word_1_461' title='bbox 1239 2616 1430 2671; x_wconf 88' lang='lat' dir='ltr'>translationis</span> <span class='ocrx_word' id='word_1_462' title='bbox 1444 2617 1472 2674; x_wconf 90' lang='lat' dir='ltr'>S.</span> <span class='ocrx_word' id='word_1_463' title='bbox 1490 2619 1588 2673; x_wconf 88' lang='lat' dir='ltr'>Nicasii</span> <span class='ocrx_word' id='word_1_464' title='bbox 1601 2621 1724 2678; x_wconf 89' lang='lat' dir='ltr'>celebrat</span> <span class='ocrx_word' id='word_1_465' title='bbox 1748 2624 1795 2680; x_wconf 92' lang='lat' dir='ltr'>die</span> 
     </span>
     <span class='ocr_line' id='line_1_57' title="bbox 980 2705 1796 2775; baseline 0.005 -11"><span class='ocrx_word' id='word_1_466' title='bbox 980 2710 1016 2764; x_wconf 75' lang='lat'>23</span> <span class='ocrx_word' id='word_1_467' title='bbox 1030 2708 1105 2762; x_wconf 82' lang='lat' dir='ltr'>tulii.</span> <span class='ocrx_word' id='word_1_468' title='bbox 1123 2707 1181 2771; x_wconf 84' lang='lat' dir='ltr'>Quo</span> <span class='ocrx_word' id='word_1_469' title='bbox 1196 2705 1242 2759; x_wconf 92' lang='lat' dir='ltr'>die</span> <span class='ocrx_word' id='word_1_470' title='bbox 1259 2706 1286 2759; x_wconf 93' lang='lat' dir='ltr'>in</span> <span class='ocrx_word' id='word_1_471' title='bbox 1308 2706 1446 2762; x_wconf 82' lang='lat' dir='ltr'>Breviario</span> <span class='ocrx_word' id='word_1_472' title='bbox 1468 2706 1595 2775; x_wconf 90' lang='lat' dir='ltr'>ejusdem</span> <span class='ocrx_word' id='word_1_473' title='bbox 1612 2710 1742 2767; x_wconf 85' lang='lat' dir='ltr'>Ecclesiae</span> <span class='ocrx_word' id='word_1_474' title='bbox 1756 2714 1796 2768; x_wconf 91' lang='lat' dir='ltr'>sie</span> 
     </span>
     <span class='ocr_line' id='line_1_58' title="bbox 982 2795 1796 2870; baseline 0.009 -17"><span class='ocrx_word' id='word_1_475' title='bbox 982 2799 1100 2870; x_wconf 84' lang='lat' dir='ltr'>legitur:</span> <span class='ocrx_word' id='word_1_476' title='bbox 1119 2796 1258 2863; x_wconf 76' lang='lat' dir='ltr'>«Quidam</span> <span class='ocrx_word' id='word_1_477' title='bbox 1271 2812 1286 2850; x_wconf 91' lang='lat' dir='ltr'>c</span> <span class='ocrx_word' id='word_1_478' title='bbox 1301 2795 1411 2851; x_wconf 82' lang='lat' dir='ltr'>clericis</span> <span class='ocrx_word' id='word_1_479' title='bbox 1431 2795 1659 2855; x_wconf 84' lang='lat' dir='ltr'>Tornaeeusibus</span> <span class='ocrx_word' id='word_1_480' title='bbox 1677 2804 1796 2860; x_wconf 89' lang='lat' dir='ltr'>audiens</span> 
     </span>
    </p>
   </div>
   <div class='ocr_carea' id='block_1_12' title="bbox 984 2895 1793 3065">
    <p class='ocr_par' dir='ltr' id='par_1_14' title="bbox 984 2895 1793 3065">
     <span class='ocr_line' id='line_1_59' title="bbox 984 2895 1793 2971; baseline 0.002 -16"><span class='ocrx_word' id='word_1_481' title='bbox 984 2899 1143 2955; x_wconf 86' lang='lat' dir='ltr'>Gerrasium</span> <span class='ocrx_word' id='word_1_482' title='bbox 1164 2895 1306 2969; x_wconf 87' lang='lat' dir='ltr'>praelatum</span> <span class='ocrx_word' id='word_1_483' title='bbox 1333 2897 1482 2953; x_wconf 89' lang='lat' dir='ltr'>sacrarium</span> <span class='ocrx_word' id='word_1_484' title='bbox 1507 2899 1545 2966; x_wconf 90' lang='lat' dir='ltr'>(S.</span> <span class='ocrx_word' id='word_1_485' title='bbox 1569 2899 1670 2955; x_wconf 82' lang='lat' dir='ltr'>Nicasii</span> <span class='ocrx_word' id='word_1_486' title='bbox 1691 2901 1793 2971; x_wconf 88' lang='lat' dir='ltr'>Remis)</span> 
     </span>
     <span class='ocr_line' id='line_1_60' title="bbox 984 2990 1793 3065; baseline 0.006 -18"><span class='ocrx_word' id='word_1_487' title='bbox 984 2992 1137 3047; x_wconf 88' lang='lat' dir='ltr'>instaurare</span> <span class='ocrx_word' id='word_1_488' title='bbox 1151 2990 1280 3061; x_wconf 86' lang='lat' dir='ltr'>eoepisse,</span> <span class='ocrx_word' id='word_1_489' title='bbox 1304 2999 1334 3045; x_wconf 91' lang='lat' dir='ltr'>ut</span> <span class='ocrx_word' id='word_1_490' title='bbox 1360 2999 1466 3061; x_wconf 87' lang='lat' dir='ltr'>partem</span> <span class='ocrx_word' id='word_1_491' title='bbox 1494 2993 1619 3064; x_wconf 90' lang='lat' dir='ltr'>corporis</span> <span class='ocrx_word' id='word_1_492' title='bbox 1636 2996 1664 3050; x_wconf 88' lang='lat' dir='ltr'>B.</span> <span class='ocrx_word' id='word_1_493' title='bbox 1682 2995 1793 3065; x_wconf 90' lang='lat' dir='ltr'>Nicasii,</span> 
     </span>
    </p>
   </div>
   <div class='ocr_carea' id='block_1_13' title="bbox 911 3081 1796 3251">
    <p class='ocr_par' dir='ltr' id='par_1_15' title="bbox 911 3081 1796 3251">
     <span class='ocr_line' id='line_1_61' title="bbox 945 3081 1796 3170; baseline 0.006 -30"><span class='ocrx_word' id='word_1_494' title='bbox 945 3101 970 3170; x_wconf 72' lang='lat' dir='ltr'>C</span> <span class='ocrx_word' id='word_1_495' title='bbox 984 3101 1045 3157; x_wconf 80' lang='lat' dir='ltr'>quae</span> <span class='ocrx_word' id='word_1_496' title='bbox 1059 3085 1087 3139; x_wconf 87' lang='lat' dir='ltr'>in</span> <span class='ocrx_word' id='word_1_497' title='bbox 1099 3081 1390 3139; x_wconf 86' lang='lat' dir='ltr'>Toruaeensiecelesia</span> <span class='ocrx_word' id='word_1_498' title='bbox 1403 3083 1578 3151; x_wconf 87' lang='lat' dir='ltr'>servabatur,</span> <span class='ocrx_word' id='word_1_499' title='bbox 1592 3101 1650 3141; x_wconf 82' lang='lat' dir='ltr'>suae</span> <span class='ocrx_word' id='word_1_500' title='bbox 1670 3089 1796 3145; x_wconf 84' lang='lat' dir='ltr'>restituat</span> 
     </span>
     <span class='ocr_line' id='line_1_62' title="bbox 911 3174 1793 3251; baseline 0 -15"><span class='ocrx_word' id='word_1_501' title='bbox 911 3226 916 3236; x_wconf 93' lang='lat'>.</span> <span class='ocrx_word' id='word_1_502' title='bbox 983 3177 1108 3233; x_wconf 89' lang='lat' dir='ltr'>eeclesiae</span> <span class='ocrx_word' id='word_1_503' title='bbox 1118 3175 1248 3232; x_wconf 82' lang='lat' dir='ltr'>amnibus</span> <span class='ocrx_word' id='word_1_504' title='bbox 1261 3175 1352 3230; x_wconf 90' lang='lat' dir='ltr'>modis</span> <span class='ocrx_word' id='word_1_505' title='bbox 1367 3174 1502 3243; x_wconf 87' lang='lat' dir='ltr'>elaborat,</span> <span class='ocrx_word' id='word_1_506' title='bbox 1523 3182 1691 3251; x_wconf 85' lang='lat' dir='ltr'>tempusque</span> <span class='ocrx_word' id='word_1_507' title='bbox 1706 3188 1734 3236; x_wconf 91' lang='lat' dir='ltr'>et</span> <span class='ocrx_word' id='word_1_508' title='bbox 1749 3181 1793 3237; x_wconf 91' lang='lat' dir='ltr'>lc-</span> 
     </span>
    </p>
   </div>
   <div class='ocr_carea' id='block_1_14' title="bbox 981 3266 1796 3796">
    <p class='ocr_par' dir='ltr' id='par_1_16' title="bbox 981 3266 1796 3796">
     <span class='ocr_line' id='line_1_63' title="bbox 984 3266 1794 3345; baseline 0.005 -20"><span class='ocrx_word' id='word_1_509' title='bbox 984 3266 1221 3341; x_wconf 84' lang='lat' dir='ltr'>campcrficiendo</span> <span class='ocrx_word' id='word_1_510' title='bbox 1236 3266 1376 3322; x_wconf 86' lang='lat' dir='ltr'>desiderio</span> <span class='ocrx_word' id='word_1_511' title='bbox 1391 3268 1500 3338; x_wconf 88' lang='lat' dir='ltr'>qnaerit.</span> <span class='ocrx_word' id='word_1_512' title='bbox 1516 3268 1639 3342; x_wconf 80' lang='lat' dir='ltr'>Cumque</span> <span class='ocrx_word' id='word_1_513' title='bbox 1661 3271 1689 3326; x_wconf 94' lang='lat' dir='ltr'>id</span> <span class='ocrx_word' id='word_1_514' title='bbox 1700 3289 1751 3345; x_wconf 89' lang='lat' dir='ltr'>per</span> <span class='ocrx_word' id='word_1_515' title='bbox 1763 3289 1794 3329; x_wconf 90' lang='lat' dir='ltr'>se</span> 
     </span>
     <span class='ocr_line' id='line_1_64' title="bbox 983 3356 1796 3432; baseline 0.001 -16"><span class='ocrx_word' id='word_1_516' title='bbox 983 3368 1113 3432; x_wconf 89' lang='lat' dir='ltr'>praestare</span> <span class='ocrx_word' id='word_1_517' title='bbox 1134 3375 1190 3415; x_wconf 89' lang='lat' dir='ltr'>nan</span> <span class='ocrx_word' id='word_1_518' title='bbox 1201 3364 1305 3429; x_wconf 90' lang='lat' dir='ltr'>posset,</span> <span class='ocrx_word' id='word_1_519' title='bbox 1320 3356 1439 3429; x_wconf 87' lang='lat' dir='ltr'>quadam</span> <span class='ocrx_word' id='word_1_520' title='bbox 1453 3366 1534 3415; x_wconf 89' lang='lat' dir='ltr'>nacte</span> <span class='ocrx_word' id='word_1_521' title='bbox 1547 3360 1731 3419; x_wconf 80' lang='lat' dir='ltr'>tornacensis</span> <span class='ocrx_word' id='word_1_522' title='bbox 1750 3378 1796 3417; x_wconf 91' lang='lat' dir='ltr'>ar-</span> 
     </span>
     <span class='ocr_line' id='line_1_65' title="bbox 982 3449 1793 3523; baseline 0.002 -16"><span class='ocrx_word' id='word_1_523' title='bbox 982 3453 1027 3509; x_wconf 89' lang='lat' dir='ltr'>det</span> <span class='ocrx_word' id='word_1_524' title='bbox 1038 3452 1173 3509; x_wconf 88' lang='lat' dir='ltr'>ecclesia:</span> <span class='ocrx_word' id='word_1_525' title='bbox 1191 3452 1265 3523; x_wconf 92' lang='lat' dir='ltr'>quod</span> <span class='ocrx_word' id='word_1_526' title='bbox 1276 3449 1436 3505; x_wconf 89' lang='lat' dir='ltr'>incendium</span> <span class='ocrx_word' id='word_1_527' title='bbox 1462 3451 1600 3507; x_wconf 82' lang='lat' dir='ltr'>universae</span> <span class='ocrx_word' id='word_1_528' title='bbox 1620 3453 1724 3509; x_wconf 82' lang='lat' dir='ltr'>ciuitati</span> <span class='ocrx_word' id='word_1_529' title='bbox 1739 3455 1793 3509; x_wconf 94' lang='lat' dir='ltr'>mi-</span> 
     </span>
     <span class='ocr_line' id='line_1_66' title="bbox 982 3540 1790 3614; baseline 0.001 -17"><span class='ocrx_word' id='word_1_530' title='bbox 982 3544 1189 3599; x_wconf 89' lang='lat' dir='ltr'>naturruinam.</span> <span class='ocrx_word' id='word_1_531' title='bbox 1207 3541 1356 3597; x_wconf 85' lang='lat' dir='ltr'>Praedictus</span> <span class='ocrx_word' id='word_1_532' title='bbox 1370 3556 1437 3596; x_wconf 85' lang='lat' dir='ltr'>vero</span> <span class='ocrx_word' id='word_1_533' title='bbox 1462 3540 1590 3609; x_wconf 88' lang='lat' dir='ltr'>clericus,</span> <span class='ocrx_word' id='word_1_534' title='bbox 1604 3548 1790 3614; x_wconf 89' lang='lat' dir='ltr'>opportunam</span> 
     </span>
     <span class='ocr_line' id='line_1_67' title="bbox 981 3628 1792 3701; baseline -0.004 -12"><span class='ocrx_word' id='word_1_535' title='bbox 981 3633 1275 3693; x_wconf 89' lang='lat' dir='ltr'>naetnsoccasionem,</span> <span class='ocrx_word' id='word_1_536' title='bbox 1304 3628 1443 3701; x_wconf 89' lang='lat' dir='ltr'>intrepide</span> <span class='ocrx_word' id='word_1_537' title='bbox 1471 3630 1615 3685; x_wconf 86' lang='lat' dir='ltr'>ardentem</span> <span class='ocrx_word' id='word_1_538' title='bbox 1647 3632 1792 3688; x_wconf 89' lang='lat' dir='ltr'>ecclesiam</span> 
     </span>
     <span class='ocr_line' id='line_1_68' title="bbox 981 3720 1794 3796; baseline -0.004 -16"><span class='ocrx_word' id='word_1_539' title='bbox 981 3724 1145 3796; x_wconf 77' lang='lat' dir='ltr'>ingreditur,</span> <span class='ocrx_word' id='word_1_540' title='bbox 1152 3722 1357 3795; x_wconf 84' lang='lat' dir='ltr'>gloriosumque</span> <span class='ocrx_word' id='word_1_541' title='bbox 1373 3720 1530 3775; x_wconf 87' lang='lat' dir='ltr'>thesaurum</span> <span class='ocrx_word' id='word_1_542' title='bbox 1543 3720 1682 3790; x_wconf 84' lang='lat' dir='ltr'>deterens,</span> <span class='ocrx_word' id='word_1_543' title='bbox 1694 3723 1794 3777; x_wconf 86' lang='lat' dir='ltr'>Remos</span> 
     </span>
    </p>
   </div>
   <div class='ocr_carea' id='block_1_15' title="bbox 889 3809 1793 3886">
    <p class='ocr_par' dir='ltr' id='par_1_17' title="bbox 889 3809 1793 3886">
     <span class='ocr_line' id='line_1_69' title="bbox 889 3809 1793 3886; baseline -0.007 -16"><span class='ocrx_word' id='word_1_544' title='bbox 889 3848 892 3852; x_wconf 22' lang='grc' dir='ltr'><strong>Δ</strong></span> <span class='ocrx_word' id='word_1_545' title='bbox 982 3813 1119 3886; x_wconf 86' lang='lat' dir='ltr'>peruenit,</span> <span class='ocrx_word' id='word_1_546' title='bbox 1136 3812 1321 3881; x_wconf 80' lang='lat' dir='ltr'>Gervasioque</span> <span class='ocrx_word' id='word_1_547' title='bbox 1336 3815 1366 3863; x_wconf 92' lang='lat' dir='ltr'>ut</span> <span class='ocrx_word' id='word_1_548' title='bbox 1385 3824 1429 3863; x_wconf 89' lang='lat' dir='ltr'>res</span> <span class='ocrx_word' id='word_1_549' title='bbox 1441 3824 1472 3863; x_wconf 91' lang='lat' dir='ltr'>se</span> <span class='ocrx_word' id='word_1_550' title='bbox 1485 3809 1616 3875; x_wconf 88' lang='lat' dir='ltr'>babebat,</span> <span class='ocrx_word' id='word_1_551' title='bbox 1631 3811 1729 3865; x_wconf 92' lang='lat' dir='ltr'>ordine</span> <span class='ocrx_word' id='word_1_552' title='bbox 1744 3827 1793 3865; x_wconf 88' lang='lat' dir='ltr'>cx-</span> 
     </span>
    </p>
   </div>
   <div class='ocr_carea' id='block_1_16' title="bbox 983 3897 1792 3977">
    <p class='ocr_par' dir='ltr' id='par_1_18' title="bbox 983 3897 1792 3977">
     <span class='ocr_line' id='line_1_70' title="bbox 983 3897 1792 3977; baseline -0.009 -17"><span class='ocrx_word' id='word_1_553' title='bbox 983 3903 1138 3977; x_wconf 66' lang='lat' dir='ltr'>paulatini</span> <span class='ocrx_word' id='word_1_554' title='bbox 1164 3908 1308 3971; x_wconf 86' lang='lat' dir='ltr'>exceptam</span> <span class='ocrx_word' id='word_1_555' title='bbox 1338 3900 1410 3953; x_wconf 83' lang='lat' dir='ltr'>lianc</span> <span class='ocrx_word' id='word_1_556' title='bbox 1421 3897 1496 3952; x_wconf 88' lang='lat' dir='ltr'>beati</span> <span class='ocrx_word' id='word_1_557' title='bbox 1521 3899 1646 3969; x_wconf 92' lang='lat' dir='ltr'>corporis</span> <span class='ocrx_word' id='word_1_558' title='bbox 1673 3906 1792 3970; x_wconf 89' lang='lat' dir='ltr'>partem,</span> 
     </span>
    </p>
   </div>
   <div class='ocr_carea' id='block_1_17' title="bbox 891 3987 1792 4064">
    <p class='ocr_par' dir='ltr' id='par_1_19' title="bbox 891 3987 1792 4064">
     <span class='ocr_line' id='line_1_71' title="bbox 891 3987 1792 4064; baseline -0.012 -10"><span class='ocrx_word' id='word_1_559' title='bbox 891 4043 896 4054; x_wconf 89' lang='lat'><em>.</em></span> <span class='ocrx_word' id='word_1_560' title='bbox 984 3994 1061 4049; x_wconf 86' lang='lat' dir='ltr'>alteri</span> <span class='ocrx_word' id='word_1_561' title='bbox 1076 3992 1187 4064; x_wconf 84' lang='lat' dir='ltr'>(quaein</span> <span class='ocrx_word' id='word_1_562' title='bbox 1201 4005 1264 4045; x_wconf 88' lang='lat' dir='ltr'>arca</span> <span class='ocrx_word' id='word_1_563' title='bbox 1279 3987 1422 4044; x_wconf 87' lang='lat' dir='ltr'>recondita</span> <span class='ocrx_word' id='word_1_564' title='bbox 1447 3990 1515 4060; x_wconf 79' lang='lat' dir='ltr'>erat)</span> <span class='ocrx_word' id='word_1_565' title='bbox 1530 4002 1683 4058; x_wconf 89' lang='lat' dir='ltr'>apponens,</span> <span class='ocrx_word' id='word_1_566' title='bbox 1698 4004 1792 4059; x_wconf 87' lang='lat' dir='ltr'>aequa·</span> 
     </span>
    </p>
   </div>
   <div class='ocr_carea' id='block_1_18' title="bbox 985 4081 1794 4154">
    <p class='ocr_par' dir='ltr' id='par_1_20' title="bbox 985 4081 1794 4154">
     <span class='ocr_line' id='line_1_72' title="bbox 985 4081 1794 4154; baseline -0.006 -13"><span class='ocrx_word' id='word_1_567' title='bbox 985 4087 1021 4141; x_wconf 91' lang='lat' dir='ltr'>lia</span> <span class='ocrx_word' id='word_1_568' title='bbox 1032 4086 1125 4141; x_wconf 88' lang='lat' dir='ltr'>omnia</span> <span class='ocrx_word' id='word_1_569' title='bbox 1140 4083 1257 4139; x_wconf 85' lang='lat' dir='ltr'>invenit.</span> <span class='ocrx_word' id='word_1_570' title='bbox 1272 4081 1450 4137; x_wconf 88' lang='lat' dir='ltr'>Postmodum</span> <span class='ocrx_word' id='word_1_571' title='bbox 1460 4095 1525 4136; x_wconf 76' lang='lat' dir='ltr'>vcro</span> <span class='ocrx_word' id='word_1_572' title='bbox 1540 4081 1676 4154; x_wconf 84' lang='lat' dir='ltr'>integmm</span> <span class='ocrx_word' id='word_1_573' title='bbox 1692 4095 1794 4151; x_wconf 91' lang='lat' dir='ltr'>corpus</span> 
     </span>
    </p>
   </div>
   <div class='ocr_carea' id='block_1_19' title="bbox 129 4172 1793 4381">
    <p class='ocr_par' dir='ltr' id='par_1_21' title="bbox 129 4172 1793 4381">
     <span class='ocr_line' id='line_1_73' title="bbox 129 4172 1793 4275; baseline -0.007 -37"><span class='ocrx_word' id='word_1_574' title='bbox 129 4224 143 4275; x_wconf 65' lang='grc' dir='ltr'><strong>Λ</strong></span> <span class='ocrx_word' id='word_1_575' title='bbox 178 4223 184 4233; x_wconf 95' lang='grc'><em>.</em></span> <span class='ocrx_word' id='word_1_576' title='bbox 220 4223 225 4232; x_wconf 91' lang='grc'>.</span> <span class='ocrx_word' id='word_1_577' title='bbox 353 4221 358 4231; x_wconf 85' lang='grc'><em>.</em></span> <span class='ocrx_word' id='word_1_578' title='bbox 490 4222 495 4232; x_wconf 93' lang='grc'>.</span> <span class='ocrx_word' id='word_1_579' title='bbox 744 4221 749 4232; x_wconf 88' lang='grc'><strong>.</strong></span> <span class='ocrx_word' id='word_1_580' title='bbox 913 4224 918 4234; x_wconf 93' lang='grc'><em>.</em></span> <span class='ocrx_word' id='word_1_581' title='bbox 986 4180 1112 4234; x_wconf 82' lang='lat' dir='ltr'>rnaedcm</span> <span class='ocrx_word' id='word_1_582' title='bbox 1146 4177 1217 4232; x_wconf 77' lang='lat' dir='ltr'>dira</span> <span class='ocrx_word' id='word_1_583' title='bbox 1246 4175 1348 4249; x_wconf 83' lang='lat' dir='ltr'>Virgini</span> <span class='ocrx_word' id='word_1_584' title='bbox 1371 4189 1475 4228; x_wconf 86' lang='lat' dir='ltr'>sacram</span> <span class='ocrx_word' id='word_1_585' title='bbox 1496 4173 1544 4228; x_wconf 93' lang='lat' dir='ltr'>ubi</span> <span class='ocrx_word' id='word_1_586' title='bbox 1565 4189 1639 4229; x_wconf 92' lang='lat' dir='ltr'>nunc</span> <span class='ocrx_word' id='word_1_587' title='bbox 1661 4172 1793 4246; x_wconf 77' lang='lat' dir='ltr'>religiose</span> 
     </span>
     <span class='ocr_line' id='line_1_74' title="bbox 147 4222 1477 4326; baseline -0.001 -49"><span class='ocrx_word' id='word_1_588' title='bbox 147 4222 375 4277; x_wconf 85' lang='lat' dir='ltr'>nussrodarcnsrs</span> <span class='ocrx_word' id='word_1_589' title='bbox 397 4222 512 4292; x_wconf 69' lang='lat' dir='ltr'>aequalis</span> <span class='ocrx_word' id='word_1_590' title='bbox 533 4222 608 4293; x_wconf 89' lang='lat' dir='ltr'>Lupo</span> <span class='ocrx_word' id='word_1_591' title='bbox 624 4222 762 4291; x_wconf 86' lang='lat' dir='ltr'>Trecensr,</span> <span class='ocrx_word' id='word_1_592' title='bbox 779 4225 829 4279; x_wconf 87' lang='lat' dir='ltr'>sed</span> <span class='ocrx_word' id='word_1_593' title='bbox 850 4223 876 4278; x_wconf 88' lang='lat' dir='ltr'>S.</span> <span class='ocrx_word' id='word_1_594' title='bbox 888 4224 935 4278; x_wconf 85' lang='grc' dir='ltr'>Νι·</span> <span class='ocrx_word' id='word_1_595' title='bbox 985 4269 1084 4326; x_wconf 57' lang='lat' dir='ltr'><strong>colitur</strong></span> <span class='ocrx_word' id='word_1_596' title='bbox 1097 4265 1258 4323; x_wconf 49' lang='lat' dir='ltr'><strong>translatum</strong></span> <span class='ocrx_word' id='word_1_597' title='bbox 1274 4270 1324 4320; x_wconf 37' lang='lat' dir='ltr'><strong>est·</strong></span> <span class='ocrx_word' id='word_1_598' title='bbox 1337 4283 1351 4312; x_wconf 73' lang='lat' dir='ltr'>a</span> <span class='ocrx_word' id='word_1_599' title='bbox 1364 4262 1426 4317; x_wconf 65' lang='lat' dir='ltr'>Haec</span> <span class='ocrx_word' id='word_1_600' title='bbox 1439 4261 1477 4316; x_wconf 65' lang='lat' dir='ltr'>ibi</span> 
     </span>
     <span class='ocr_line' id='line_1_75' title="bbox 130 4306 1488 4381; baseline -0.005 -16"><span class='ocrx_word' id='word_1_601' title='bbox 130 4313 201 4366; x_wconf 84' lang='lat' dir='ltr'>casio</span> <span class='ocrx_word' id='word_1_602' title='bbox 214 4310 361 4381; x_wconf 87' lang='lat' dir='ltr'>posterior.</span> <span class='ocrx_word' id='word_1_603' title='bbox 1483 4306 1488 4319; x_wconf 91' lang='lat'>&#39;</span> 
     </span>
    </p>
   </div>
   <div class='ocr_carea' id='block_1_20' title="bbox 128 4370 1794 4563">
    <p class='ocr_par' dir='ltr' id='par_1_22' title="bbox 128 4370 1794 4563">
     <span class='ocr_line' id='line_1_76' title="bbox 159 4370 1736 4492; baseline -0.017 -28"><span class='ocrx_word' id='word_1_604' title='bbox 159 4407 237 4464; x_wconf 80' lang='lat' dir='ltr'>Unde</span> <span class='ocrx_word' id='word_1_605' title='bbox 256 4406 375 4474; x_wconf 79' lang='lat' dir='ltr'>etjraeta</span> <span class='ocrx_word' id='word_1_606' title='bbox 399 4408 429 4461; x_wconf 85' lang='lat' dir='ltr'>B.</span> <span class='ocrx_word' id='word_1_607' title='bbox 458 4407 784 4474; x_wconf 78' lang='lat' dir='ltr'>Auqustiaisentcutiam</span> <span class='ocrx_word' id='word_1_608' title='bbox 804 4406 969 4492; x_wconf 64' lang='lat' dir='ltr'>majorano</span> <span class='ocrx_word' id='word_1_609' title='bbox 1287 4372 1393 4490; x_wconf 51' lang='lat' dir='ltr'>CAPPT</span> <span class='ocrx_word' id='word_1_610' title='bbox 1419 4370 1488 4489; x_wconf 47' lang='lat' dir='ltr'>Yffl·</span> <span class='ocrx_word' id='word_1_611' title='bbox 1608 4477 1614 4487; x_wconf 41' lang='grc'><strong>.</strong></span> <span class='ocrx_word' id='word_1_612' title='bbox 1710 4477 1736 4487; x_wconf 91' lang='lat'>..</span> 
     </span>
     <span class='ocr_line' id='line_1_77' title="bbox 128 4477 1794 4563; baseline -0.01 -15"><span class='ocrx_word' id='word_1_613' title='bbox 128 4493 270 4547; x_wconf 76' lang='lat' dir='ltr'>claritatis</span> <span class='ocrx_word' id='word_1_614' title='bbox 286 4496 384 4563; x_wconf 87' lang='lat' dir='ltr'>reperit</span> <span class='ocrx_word' id='word_1_615' title='bbox 393 4495 590 4560; x_wconf 68' lang='lat' dir='ltr'>tractuumcte.</span> <span class='ocrx_word' id='word_1_616' title='bbox 601 4493 860 4563; x_wconf 85' lang='lat' dir='ltr'>locuscstcpistola</span> <span class='ocrx_word' id='word_1_617' title='bbox 870 4494 932 4560; x_wconf 83' lang='lat'>180,</span> <span class='ocrx_word' id='word_1_618' title='bbox 1020 4488 1057 4541; x_wconf 82' lang='lat' dir='ltr'>lte</span> <span class='ocrx_word' id='word_1_619' title='bbox 1076 4483 1103 4537; x_wconf 91' lang='lat' dir='ltr'>S.</span> <span class='ocrx_word' id='word_1_620' title='bbox 1119 4483 1227 4539; x_wconf 87' lang='lat' dir='ltr'>Orieola</span> <span class='ocrx_word' id='word_1_621' title='bbox 1254 4489 1281 4536; x_wconf 91' lang='lat' dir='ltr'>et</span> <span class='ocrx_word' id='word_1_622' title='bbox 1300 4495 1382 4536; x_wconf 90' lang='lat' dir='ltr'>socns</span> <span class='ocrx_word' id='word_1_623' title='bbox 1397 4487 1454 4552; x_wconf 82' lang='lat' dir='ltr'>ngat</span> <span class='ocrx_word' id='word_1_624' title='bbox 1469 4477 1592 4534; x_wconf 88' lang='lat' dir='ltr'>llolanus</span> <span class='ocrx_word' id='word_1_625' title='bbox 1607 4493 1635 4531; x_wconf 88' lang='grc' dir='ltr'>ιιι</span> <span class='ocrx_word' id='word_1_626' title='bbox 1651 4477 1794 4532; x_wconf 82' lang='lat' dir='ltr'>additione</span> 
     </span>
    </p>
   </div>
   <div class='ocr_carea' id='block_1_21' title="bbox 125 4568 1793 4744">
    <p class='ocr_par' dir='ltr' id='par_1_23' title="bbox 125 4568 1793 4744">
     <span class='ocr_line' id='line_1_78' title="bbox 127 4568 1793 4652; baseline -0.007 -18"><span class='ocrx_word' id='word_1_627' title='bbox 127 4595 153 4636; x_wconf 82' lang='lat' dir='ltr'>cr</span> <span class='ocrx_word' id='word_1_628' title='bbox 173 4580 324 4650; x_wconf 81' lang='lat' dir='ltr'>cujusfere</span> <span class='ocrx_word' id='word_1_629' title='bbox 338 4581 431 4637; x_wconf 78' lang='lat' dir='ltr'>verbis</span> <span class='ocrx_word' id='word_1_630' title='bbox 456 4582 590 4652; x_wconf 82' lang='lat' dir='ltr'>appositae</span> <span class='ocrx_word' id='word_1_631' title='bbox 610 4596 666 4635; x_wconf 88' lang='lat' dir='ltr'>suae</span> <span class='ocrx_word' id='word_1_632' title='bbox 679 4582 845 4637; x_wconf 88' lang='lat' dir='ltr'>narrationis</span> <span class='ocrx_word' id='word_1_633' title='bbox 859 4580 934 4637; x_wconf 81' lang='lat' dir='ltr'>lulum</span> <span class='ocrx_word' id='word_1_634' title='bbox 984 4580 1018 4635; x_wconf 89' lang='lat' dir='ltr'>ad</span> <span class='ocrx_word' id='word_1_635' title='bbox 1032 4576 1254 4649; x_wconf 80' lang='lat' dir='ltr'>llartyrologium</span> <span class='ocrx_word' id='word_1_636' title='bbox 1271 4571 1385 4628; x_wconf 91' lang='lat' dir='ltr'>Usuardi</span> <span class='ocrx_word' id='word_1_637' title='bbox 1403 4572 1435 4626; x_wconf 93' lang='lat' dir='ltr'>l8</span> <span class='ocrx_word' id='word_1_638' title='bbox 1447 4568 1669 4630; x_wconf 74' lang='lat' dir='ltr'>Nouembrishis</span> <span class='ocrx_word' id='word_1_639' title='bbox 1681 4568 1793 4625; x_wconf 85' lang='lat' dir='ltr'>verbis:</span> 
     </span>
     <span class='ocr_line' id='line_1_79' title="bbox 125 4661 1793 4744; baseline -0.009 -13"><span class='ocrx_word' id='word_1_640' title='bbox 125 4674 267 4731; x_wconf 79' lang='lat' dir='ltr'>contenuit</span> <span class='ocrx_word' id='word_1_641' title='bbox 280 4683 376 4728; x_wconf 91' lang='lat' dir='ltr'>auctor</span> <span class='ocrx_word' id='word_1_642' title='bbox 394 4674 429 4729; x_wconf 87' lang='lat' dir='ltr'>ab</span> <span class='ocrx_word' id='word_1_643' title='bbox 440 4690 473 4729; x_wconf 92' lang='lat' dir='ltr'>eo</span> <span class='ocrx_word' id='word_1_644' title='bbox 484 4674 545 4729; x_wconf 90' lang='lat' dir='ltr'>loco</span> <span class='ocrx_word' id='word_1_645' title='bbox 562 4677 608 4730; x_wconf 79' lang='lat' dir='ltr'>:a</span> <span class='ocrx_word' id='word_1_646' title='bbox 623 4676 716 4744; x_wconf 81' lang='lat' dir='ltr'>itaque</span> <span class='ocrx_word' id='word_1_647' title='bbox 731 4677 857 4731; x_wconf 86' lang='lat' dir='ltr'>Nicasius</span> <span class='ocrx_word' id='word_1_648' title='bbox 872 4677 935 4729; x_wconf 83' lang='lat' dir='ltr'>aoi-</span> <span class='ocrx_word' id='word_1_649' title='bbox 986 4699 998 4722; x_wconf 74' lang='grc' dir='ltr'>ι</span> <span class='ocrx_word' id='word_1_650' title='bbox 1016 4675 1078 4744; x_wconf 90' lang='lat' dir='ltr'>lpso</span> <span class='ocrx_word' id='word_1_651' title='bbox 1090 4670 1145 4736; x_wconf 85' lang='lat' dir='ltr'>die,</span> <span class='ocrx_word' id='word_1_652' title='bbox 1162 4668 1235 4724; x_wconf 91' lang='lat' dir='ltr'>beati</span> <span class='ocrx_word' id='word_1_653' title='bbox 1251 4666 1350 4724; x_wconf 89' lang='lat' dir='ltr'>Oricoli</span> <span class='ocrx_word' id='word_1_654' title='bbox 1369 4663 1497 4736; x_wconf 90' lang='lat' dir='ltr'>martyris</span> <span class='ocrx_word' id='word_1_655' title='bbox 1512 4664 1706 4734; x_wconf 88' lang='lat' dir='ltr'>sociorumque</span> <span class='ocrx_word' id='word_1_656' title='bbox 1720 4661 1793 4731; x_wconf 89' lang='lat' dir='ltr'>ejus,</span> 
     </span>
    </p>
   </div>
   <div class='ocr_carea' id='block_1_22' title="bbox 124 4751 1889 4835">
    <p class='ocr_par' dir='ltr' id='par_1_24' title="bbox 124 4751 1889 4835">
     <span class='ocr_line' id='line_1_80' title="bbox 124 4751 1889 4835; baseline -0.007 -16"><span class='ocrx_word' id='word_1_657' title='bbox 124 4778 357 4832; x_wconf 83' lang='lat' dir='ltr'>mamsucmpra</span> <span class='ocrx_word' id='word_1_658' title='bbox 381 4764 530 4830; x_wconf 76' lang='lat' dir='ltr'>fratribus,</span> <span class='ocrx_word' id='word_1_659' title='bbox 552 4779 641 4835; x_wconf 90' lang='lat' dir='ltr'>usque</span> <span class='ocrx_word' id='word_1_660' title='bbox 668 4763 701 4817; x_wconf 90' lang='lat' dir='ltr'>ad</span> <span class='ocrx_word' id='word_1_661' title='bbox 726 4762 936 4820; x_wconf 86' lang='lat' dir='ltr'>illud:Noaut</span> <span class='ocrx_word' id='word_1_662' title='bbox 986 4757 1271 4835; x_wconf 86' lang='lat' dir='ltr'>quisubWaudalica</span> <span class='ocrx_word' id='word_1_663' title='bbox 1291 4751 1795 4828; x_wconf 76' lang='lat' dir='ltr'>persecutiauepassisunt.sEtRo·</span> <span class='ocrx_word' id='word_1_664' title='bbox 1887 4793 1889 4799; x_wconf 88' lang='lat'><em>.</em></span> 
     </span>
    </p>
   </div>
   <div class='ocr_carea' id='block_1_23' title="bbox 121 4838 1796 5018">
    <p class='ocr_par' dir='ltr' id='par_1_25' title="bbox 121 4838 1796 5018">
     <span class='ocr_line' id='line_1_81' title="bbox 121 4838 1796 4922; baseline -0.008 -14"><span class='ocrx_word' id='word_1_665' title='bbox 121 4853 411 4909; x_wconf 78' lang='lat' dir='ltr'>mermnariasaidcus</span> <span class='ocrx_word' id='word_1_666' title='bbox 431 4855 524 4922; x_wconf 86' lang='lat' dir='ltr'>tapam</span> <span class='ocrx_word' id='word_1_667' title='bbox 541 4856 696 4908; x_wconf 86' lang='lat' dir='ltr'>uenientem.</span> <span class='ocrx_word' id='word_1_668' title='bbox 716 4853 778 4909; x_wconf 79' lang='lat' dir='ltr'>llaec</span> <span class='ocrx_word' id='word_1_669' title='bbox 790 4867 854 4908; x_wconf 83' lang='lat' dir='ltr'>vera</span> <span class='ocrx_word' id='word_1_670' title='bbox 870 4868 937 4907; x_wconf 90' lang='lat' dir='ltr'>sen·</span> <span class='ocrx_word' id='word_1_671' title='bbox 987 4867 1101 4910; x_wconf 90' lang='lat' dir='ltr'>manum</span> <span class='ocrx_word' id='word_1_672' title='bbox 1117 4846 1358 4921; x_wconf 82' lang='lat' dir='ltr'>llartyrolagium:</span> <span class='ocrx_word' id='word_1_673' title='bbox 1374 4842 1501 4898; x_wconf 76' lang='lat' dir='ltr'>«Eodem</span> <span class='ocrx_word' id='word_1_674' title='bbox 1513 4842 1558 4898; x_wconf 91' lang='lat' dir='ltr'>die</span> <span class='ocrx_word' id='word_1_675' title='bbox 1572 4838 1796 4898; x_wconf 80' lang='lat' dir='ltr'>sanctarumdri-</span> 
     </span>
     <span class='ocr_line' id='line_1_82' title="bbox 123 4930 1796 5018; baseline -0.008 -19"><span class='ocrx_word' id='word_1_676' title='bbox 123 4945 213 4999; x_wconf 83' lang='lat' dir='ltr'>tentia</span> <span class='ocrx_word' id='word_1_677' title='bbox 226 4943 374 5017; x_wconf 74' lang='lat' dir='ltr'>Augustini</span> <span class='ocrx_word' id='word_1_678' title='bbox 390 4943 495 5018; x_wconf 84' lang='lat' dir='ltr'>integre</span> <span class='ocrx_word' id='word_1_679' title='bbox 506 4943 546 4997; x_wconf 90' lang='lat' dir='ltr'>sic</span> <span class='ocrx_word' id='word_1_680' title='bbox 557 4943 641 4999; x_wconf 86' lang='lat' dir='ltr'>babet</span> <span class='ocrx_word' id='word_1_681' title='bbox 657 4962 664 4998; x_wconf 76' lang='grc' dir='ltr'>ε</span> <span class='ocrx_word' id='word_1_682' title='bbox 679 4965 689 4995; x_wconf 78' lang='grc' dir='ltr'>ι</span> <span class='ocrx_word' id='word_1_683' title='bbox 707 4944 772 4998; x_wconf 89' lang='lat' dir='ltr'>Nam</span> <span class='ocrx_word' id='word_1_684' title='bbox 788 4945 834 5016; x_wconf 91' lang='lat' dir='ltr'>qui</span> <span class='ocrx_word' id='word_1_685' title='bbox 845 4944 937 5000; x_wconf 87' lang='lat' dir='ltr'>clades</span> <span class='ocrx_word' id='word_1_686' title='bbox 987 4943 1040 5000; x_wconf 91' lang='lat' dir='ltr'>coli</span> <span class='ocrx_word' id='word_1_687' title='bbox 1056 4949 1084 4997; x_wconf 91' lang='lat' dir='ltr'>et</span> <span class='ocrx_word' id='word_1_688' title='bbox 1101 4939 1251 5005; x_wconf 90' lang='lat' dir='ltr'>sociorum,</span> <span class='ocrx_word' id='word_1_689' title='bbox 1268 4935 1357 5008; x_wconf 91' lang='lat' dir='ltr'>quiin</span> <span class='ocrx_word' id='word_1_690' title='bbox 1372 4932 1566 5006; x_wconf 89' lang='lat' dir='ltr'>persecutione</span> <span class='ocrx_word' id='word_1_691' title='bbox 1577 4930 1737 4988; x_wconf 79' lang='lat' dir='ltr'>wandalica</span> <span class='ocrx_word' id='word_1_692' title='bbox 1746 4946 1796 5002; x_wconf 92' lang='lat' dir='ltr'>pra</span> 
     </span>
    </p>
   </div>
   <div class='ocr_carea' id='block_1_24' title="bbox 123 5020 1798 5193">
    <p class='ocr_par' dir='ltr' id='par_1_26' title="bbox 123 5020 1798 5193">
     <span class='ocr_line' id='line_1_83' title="bbox 123 5020 1798 5107; baseline -0.008 -18"><span class='ocrx_word' id='word_1_693' title='bbox 123 5035 243 5092; x_wconf 83' lang='lat' dir='ltr'>hostiles</span> <span class='ocrx_word' id='word_1_694' title='bbox 257 5035 321 5089; x_wconf 91' lang='lat' dir='ltr'>ideo</span> <span class='ocrx_word' id='word_1_695' title='bbox 333 5049 387 5089; x_wconf 94' lang='lat' dir='ltr'>non</span> <span class='ocrx_word' id='word_1_696' title='bbox 405 5034 484 5107; x_wconf 81' lang='lat' dir='ltr'>sugit,</span> <span class='ocrx_word' id='word_1_697' title='bbox 497 5052 559 5090; x_wconf 91' lang='lat' dir='ltr'>cum</span> <span class='ocrx_word' id='word_1_698' title='bbox 574 5034 844 5107; x_wconf 69' lang='lat' dir='ltr'>possiteffugereme</span> <span class='ocrx_word' id='word_1_699' title='bbox 859 5036 937 5092; x_wconf 90' lang='lat' dir='ltr'>dese·</span> <span class='ocrx_word' id='word_1_700' title='bbox 987 5034 1041 5090; x_wconf 88' lang='lat' dir='ltr'>lide</span> <span class='ocrx_word' id='word_1_701' title='bbox 1057 5031 1192 5089; x_wconf 84' lang='lat' dir='ltr'>catholiea</span> <span class='ocrx_word' id='word_1_702' title='bbox 1208 5029 1281 5100; x_wconf 87' lang='lat' dir='ltr'>passi</span> <span class='ocrx_word' id='word_1_703' title='bbox 1294 5035 1368 5083; x_wconf 84' lang='lat' dir='ltr'>sunt.</span> <span class='ocrx_word' id='word_1_704' title='bbox 1387 5046 1398 5077; x_wconf 87' lang='grc' dir='ltr'>ι</span> <span class='ocrx_word' id='word_1_705' title='bbox 1417 5025 1447 5079; x_wconf 89' lang='grc' dir='ltr'>Ιιι</span> <span class='ocrx_word' id='word_1_706' title='bbox 1460 5023 1534 5080; x_wconf 90' lang='lat' dir='ltr'>notis</span> <span class='ocrx_word' id='word_1_707' title='bbox 1544 5022 1650 5077; x_wconf 91' lang='lat' dir='ltr'>ibidem</span> <span class='ocrx_word' id='word_1_708' title='bbox 1663 5020 1798 5076; x_wconf 85' lang='lat' dir='ltr'>Barouius</span> 
     </span>
     <span class='ocr_line' id='line_1_84' title="bbox 123 5111 1794 5193; baseline -0.007 -15"><span class='ocrx_word' id='word_1_709' title='bbox 123 5131 166 5178; x_wconf 88' lang='lat' dir='ltr'>rat</span> <span class='ocrx_word' id='word_1_710' title='bbox 178 5120 363 5176; x_wconf 92' lang='lat' dir='ltr'>ministerium</span> <span class='ocrx_word' id='word_1_711' title='bbox 380 5120 490 5189; x_wconf 84' lang='lat' dir='ltr'>Christi,</span> <span class='ocrx_word' id='word_1_712' title='bbox 507 5122 566 5177; x_wconf 84' lang='lat' dir='ltr'>sira</span> <span class='ocrx_word' id='word_1_713' title='bbox 582 5138 701 5193; x_wconf 92' lang='lat' dir='ltr'>quonon</span> <span class='ocrx_word' id='word_1_714' title='bbox 719 5133 835 5193; x_wconf 90' lang='lat' dir='ltr'>possunt</span> <span class='ocrx_word' id='word_1_715' title='bbox 846 5123 937 5179; x_wconf 82' lang='lat' dir='ltr'>lromi-</span> <span class='ocrx_word' id='word_1_716' title='bbox 987 5127 1040 5182; x_wconf 91' lang='lat' dir='ltr'>boc</span> <span class='ocrx_word' id='word_1_717' title='bbox 1051 5132 1158 5180; x_wconf 89' lang='lat' dir='ltr'>tantum</span> <span class='ocrx_word' id='word_1_718' title='bbox 1183 5120 1341 5177; x_wconf 82' lang='lat' dir='ltr'>adnotavit:</span> <span class='ocrx_word' id='word_1_719' title='bbox 1360 5140 1374 5168; x_wconf 75' lang='grc' dir='ltr'><strong><em>κ</em></strong></span> <span class='ocrx_word' id='word_1_720' title='bbox 1398 5116 1436 5172; x_wconf 83' lang='lat' dir='ltr'>ue</span> <span class='ocrx_word' id='word_1_721' title='bbox 1465 5131 1510 5184; x_wconf 90' lang='lat' dir='ltr'>ea,</span> <span class='ocrx_word' id='word_1_722' title='bbox 1526 5114 1656 5171; x_wconf 86' lang='lat' dir='ltr'>videlicet</span> <span class='ocrx_word' id='word_1_723' title='bbox 1672 5111 1794 5179; x_wconf 86' lang='lat' dir='ltr'>Oriculo,</span> 
     </span>
    </p>
   </div>
   <div class='ocr_carea' id='block_1_25' title="bbox 125 5205 1798 5377">
    <p class='ocr_par' dir='ltr' id='par_1_27' title="bbox 125 5205 1798 5377">
     <span class='ocr_line' id='line_1_85' title="bbox 125 5205 1796 5285; baseline -0.007 -15"><span class='ocrx_word' id='word_1_724' title='bbox 125 5231 176 5270; x_wconf 87' lang='lat' dir='ltr'>nes</span> <span class='ocrx_word' id='word_1_725' title='bbox 191 5213 234 5268; x_wconf 87' lang='lat' dir='ltr'>rel</span> <span class='ocrx_word' id='word_1_726' title='bbox 250 5210 311 5267; x_wconf 88' lang='lat' dir='ltr'>lieri</span> <span class='ocrx_word' id='word_1_727' title='bbox 334 5212 377 5267; x_wconf 80' lang='lat' dir='ltr'>sel</span> <span class='ocrx_word' id='word_1_728' title='bbox 393 5212 484 5269; x_wconf 84' lang='lat' dir='ltr'>vivero</span> <span class='ocrx_word' id='word_1_729' title='bbox 499 5214 657 5282; x_wconf 82' lang='lat' dir='ltr'>Christiani,</span> <span class='ocrx_word' id='word_1_730' title='bbox 673 5215 805 5284; x_wconf 85' lang='lat' dir='ltr'>majorem</span> <span class='ocrx_word' id='word_1_731' title='bbox 819 5215 938 5270; x_wconf 87' lang='lat' dir='ltr'>clrarita-</span> <span class='ocrx_word' id='word_1_732' title='bbox 987 5226 1086 5277; x_wconf 67' lang='lat' dir='ltr'>caetera</span> <span class='ocrx_word' id='word_1_733' title='bbox 1097 5215 1293 5285; x_wconf 86' lang='lat' dir='ltr'>manuscripta,</span> <span class='ocrx_word' id='word_1_734' title='bbox 1303 5210 1446 5284; x_wconf 82' lang='lat' dir='ltr'>exquibus</span> <span class='ocrx_word' id='word_1_735' title='bbox 1461 5208 1587 5264; x_wconf 89' lang='lat' dir='ltr'>llolanus</span> <span class='ocrx_word' id='word_1_736' title='bbox 1604 5205 1679 5278; x_wconf 88' lang='lat' dir='ltr'>apud</span> <span class='ocrx_word' id='word_1_737' title='bbox 1693 5205 1796 5262; x_wconf 90' lang='lat' dir='ltr'>Usuar-</span> 
     </span>
     <span class='ocr_line' id='line_1_86' title="bbox 126 5293 1798 5377; baseline -0.005 -21"><span class='ocrx_word' id='word_1_738' title='bbox 126 5304 162 5358; x_wconf 87' lang='lat' dir='ltr'>tis</span> <span class='ocrx_word' id='word_1_739' title='bbox 179 5301 288 5357; x_wconf 77' lang='lat' dir='ltr'>invenit</span> <span class='ocrx_word' id='word_1_740' title='bbox 303 5299 422 5356; x_wconf 80' lang='lat' dir='ltr'>fructum</span> <span class='ocrx_word' id='word_1_741' title='bbox 437 5318 530 5373; x_wconf 88' lang='lat' dir='ltr'>quam,</span> <span class='ocrx_word' id='word_1_742' title='bbox 545 5303 592 5374; x_wconf 92' lang='lat' dir='ltr'>qui</span> <span class='ocrx_word' id='word_1_743' title='bbox 619 5319 674 5359; x_wconf 90' lang='grc' dir='ltr'>ιιοιι</span> <span class='ocrx_word' id='word_1_744' title='bbox 691 5311 804 5374; x_wconf 88' lang='lat' dir='ltr'>propter</span> <span class='ocrx_word' id='word_1_745' title='bbox 828 5302 937 5369; x_wconf 85' lang='lat' dir='ltr'>iratres,</span> <span class='ocrx_word' id='word_1_746' title='bbox 989 5310 1065 5364; x_wconf 87' lang='lat' dir='ltr'>dum.</span> <span class='ocrx_word' id='word_1_747' title='bbox 1081 5306 1198 5362; x_wconf 90' lang='lat' dir='ltr'>Eosdem</span> <span class='ocrx_word' id='word_1_748' title='bbox 1212 5305 1275 5377; x_wconf 82' lang='lat' dir='ltr'>lega</span> <span class='ocrx_word' id='word_1_749' title='bbox 1290 5302 1318 5356; x_wconf 91' lang='lat' dir='ltr'>in</span> <span class='ocrx_word' id='word_1_750' title='bbox 1330 5299 1474 5356; x_wconf 89' lang='lat' dir='ltr'>additione</span> <span class='ocrx_word' id='word_1_751' title='bbox 1484 5296 1717 5369; x_wconf 75' lang='lat' dir='ltr'>Coloniensiquae</span> <span class='ocrx_word' id='word_1_752' title='bbox 1727 5293 1798 5350; x_wconf 84' lang='lat' dir='ltr'>lacta</span> 
     </span>
    </p>
   </div>
   <div class='ocr_carea' id='block_1_26' title="bbox 128 5389 1799 5556">
    <p class='ocr_par' dir='ltr' id='par_1_28' title="bbox 128 5389 1799 5556">
     <span class='ocr_line' id='line_1_87' title="bbox 128 5389 1457 5471; baseline -0.009 -21"><span class='ocrx_word' id='word_1_753' title='bbox 128 5396 177 5450; x_wconf 82' lang='lat' dir='ltr'>scd</span> <span class='ocrx_word' id='word_1_754' title='bbox 188 5403 304 5467; x_wconf 86' lang='lat' dir='ltr'>propter</span> <span class='ocrx_word' id='word_1_755' title='bbox 318 5394 441 5465; x_wconf 88' lang='lat' dir='ltr'>seipsum</span> <span class='ocrx_word' id='word_1_756' title='bbox 475 5394 595 5471; x_wconf 73' lang='lat' dir='ltr'>lugiens,</span> <span class='ocrx_word' id='word_1_757' title='bbox 622 5404 706 5468; x_wconf 86' lang='lat' dir='ltr'>atque</span> <span class='ocrx_word' id='word_1_758' title='bbox 720 5399 939 5469; x_wconf 87' lang='lat' dir='ltr'>comprehensus</span> <span class='ocrx_word' id='word_1_759' title='bbox 990 5405 1033 5454; x_wconf 92' lang='lat' dir='ltr'>cst</span> <span class='ocrx_word' id='word_1_760' title='bbox 1048 5397 1082 5453; x_wconf 88' lang='lat' dir='ltr'>ad</span> <span class='ocrx_word' id='word_1_761' title='bbox 1099 5395 1250 5452; x_wconf 81' lang='lat' dir='ltr'>[isuardum</span> <span class='ocrx_word' id='word_1_762' title='bbox 1267 5406 1341 5447; x_wconf 90' lang='lat' dir='ltr'>anno</span> <span class='ocrx_word' id='word_1_763' title='bbox 1352 5389 1431 5446; x_wconf 75' lang='lat'><strong>1521.</strong></span> <span class='ocrx_word' id='word_1_764' title='bbox 1448 5409 1457 5438; x_wconf 80' lang='grc' dir='ltr'>ι</span> 
     </span>
     <span class='ocr_line' id='line_1_88' title="bbox 130 5465 1799 5556; baseline -0.01 -18"><span class='ocrx_word' id='word_1_765' title='bbox 130 5502 183 5540; x_wconf 89' lang='lat' dir='ltr'>nou</span> <span class='ocrx_word' id='word_1_766' title='bbox 200 5491 284 5556; x_wconf 81' lang='lat' dir='ltr'>negat</span> <span class='ocrx_word' id='word_1_767' title='bbox 299 5481 632 5555; x_wconf 72' lang='lat' dir='ltr'>Christumsnscipitque</span> <span class='ocrx_word' id='word_1_768' title='bbox 645 5485 843 5556; x_wconf 77' lang='lat' dir='ltr'>martyrium.»</span> <span class='ocrx_word' id='word_1_769' title='bbox 1025 5487 1103 5554; x_wconf 81' lang='lat' dir='ltr'>Quod</span> <span class='ocrx_word' id='word_1_770' title='bbox 1127 5485 1216 5540; x_wconf 85' lang='lat' dir='ltr'>adbuc</span> <span class='ocrx_word' id='word_1_771' title='bbox 1247 5483 1389 5548; x_wconf 71' lang='lat' dir='ltr'>manifeste</span> <span class='ocrx_word' id='word_1_772' title='bbox 1414 5491 1512 5549; x_wconf 84' lang='lat' dir='ltr'>parere</span> <span class='ocrx_word' id='word_1_773' title='bbox 1540 5473 1653 5529; x_wconf 83' lang='lat' dir='ltr'>dicitur.</span> <span class='ocrx_word' id='word_1_774' title='bbox 1679 5465 1799 5526; x_wconf 62' lang='lat' dir='ltr'>italic</span> 
     </span>
    </p>
   </div>
   <div class='ocr_carea' id='block_1_27' title="bbox 131 5554 1801 5743">
    <p class='ocr_par' dir='ltr' id='par_1_29' title="bbox 131 5554 1801 5743">
     <span class='ocr_line' id='line_1_89' title="bbox 167 5554 1797 5654; baseline -0.013 -20"><span class='ocrx_word' id='word_1_775' title='bbox 167 5579 288 5634; x_wconf 81' lang='lat' dir='ltr'>Viduam</span> <span class='ocrx_word' id='word_1_776' title='bbox 305 5577 536 5645; x_wconf 73' lang='lat' dir='ltr'>Aqaauacltiam.</span> <span class='ocrx_word' id='word_1_777' title='bbox 564 5577 604 5631; x_wconf 87' lang='lat' dir='ltr'>lta</span> <span class='ocrx_word' id='word_1_778' title='bbox 630 5576 663 5632; x_wconf 90' lang='lat' dir='ltr'>ll.</span> <span class='ocrx_word' id='word_1_779' title='bbox 681 5577 815 5633; x_wconf 87' lang='lat' dir='ltr'>acceditt</span> <span class='ocrx_word' id='word_1_780' title='bbox 831 5579 940 5646; x_wconf 78' lang='lat' dir='ltr'>Aperu-</span> <span class='ocrx_word' id='word_1_781' title='bbox 991 5575 1094 5632; x_wconf 89' lang='lat' dir='ltr'>recenti</span> <span class='ocrx_word' id='word_1_782' title='bbox 1110 5590 1192 5630; x_wconf 91' lang='lat' dir='ltr'>mauu</span> <span class='ocrx_word' id='word_1_783' title='bbox 1217 5570 1323 5644; x_wconf 88' lang='lat' dir='ltr'>syllaba</span> <span class='ocrx_word' id='word_1_784' title='bbox 1351 5584 1396 5640; x_wconf 80' lang='lat' dir='ltr'>ap.</span> <span class='ocrx_word' id='word_1_785' title='bbox 1423 5565 1531 5638; x_wconf 85' lang='lat' dir='ltr'>adjecta</span> <span class='ocrx_word' id='word_1_786' title='bbox 1544 5558 1685 5618; x_wconf 89' lang='lat' dir='ltr'>est.Unde</span> <span class='ocrx_word' id='word_1_787' title='bbox 1700 5556 1729 5612; x_wconf 81' lang='lat' dir='ltr'><strong>G</strong></span> <span class='ocrx_word' id='word_1_788' title='bbox 1744 5554 1797 5654; x_wconf 71' lang='lat' dir='ltr'>eti</span> 
     </span>
     <span class='ocr_line' id='line_1_90' title="bbox 131 5653 1801 5743; baseline -0.011 -16"><span class='ocrx_word' id='word_1_789' title='bbox 131 5675 229 5740; x_wconf 84' lang='lat' dir='ltr'>clitum,</span> <span class='ocrx_word' id='word_1_790' title='bbox 238 5672 269 5741; x_wconf 86' lang='lat' dir='ltr'>C,</span> <span class='ocrx_word' id='word_1_791' title='bbox 286 5671 460 5739; x_wconf 74' lang='lat' dir='ltr'>denuntiant,</span> <span class='ocrx_word' id='word_1_792' title='bbox 490 5673 619 5728; x_wconf 89' lang='lat' dir='ltr'>similiter</span> <span class='ocrx_word' id='word_1_793' title='bbox 632 5673 659 5727; x_wconf 84' lang='lat' dir='ltr'>S.</span> <span class='ocrx_word' id='word_1_794' title='bbox 672 5672 846 5730; x_wconf 84' lang='lat' dir='ltr'>Gerontiam:</span> <span class='ocrx_word' id='word_1_795' title='bbox 857 5686 939 5743; x_wconf 88' lang='lat' dir='ltr'>quam</span> <span class='ocrx_word' id='word_1_796' title='bbox 991 5668 1086 5741; x_wconf 80' lang='lat' dir='ltr'>legunt</span> <span class='ocrx_word' id='word_1_797' title='bbox 1099 5680 1242 5738; x_wconf 80' lang='lat' dir='ltr'>apparere,</span> <span class='ocrx_word' id='word_1_798' title='bbox 1256 5677 1319 5731; x_wconf 83' lang='lat' dir='ltr'>eum</span> <span class='ocrx_word' id='word_1_799' title='bbox 1335 5672 1432 5730; x_wconf 84' lang='lat' dir='ltr'>parcre</span> <span class='ocrx_word' id='word_1_800' title='bbox 1458 5669 1507 5726; x_wconf 91' lang='lat' dir='ltr'>pro</span> <span class='ocrx_word' id='word_1_801' title='bbox 1531 5663 1664 5722; x_wconf 81' lang='lat' dir='ltr'>apparete</span> <span class='ocrx_word' id='word_1_802' title='bbox 1677 5653 1801 5703; x_wconf 66' lang='lat' dir='ltr'>ualidus·</span> 
     </span>
    </p>
   </div>
   <div class='ocr_carea' id='block_1_28' title="bbox 0 0 1928 6100">
    <p class='ocr_par' dir='ltr' id='par_1_30' title="bbox 0 0 1928 6100">
     <span class='ocr_line' id='line_1_91' title="bbox 0 0 1928 6100; baseline 0 0"><span class='ocrx_word' id='word_1_803' title='bbox 0 0 1928 6100; x_wconf 95' lang='lat' dir='ltr'> </span> 
     </span>
    </p>
   </div>
  </div>
 </body>
</html>
