3840 6106
135 241 188 299 139
697 235 880 294 elocutum
901 232 1053 293 canonici
1072 237 1238 294 DEMENSIS
1748 243 1803 299 lli)

137 384 165 435 at
182 377 295 434 fratrum
309 373 470 432 monasterii
485 375 572 431 sancti
585 360 719 447 Dionysii]
734 374 762 429 in
782 388 837 446 quo
858 372 981 447 dege-A
994 372 1109 434 laceret.
1135 376 1196 447 lpse
1220 391 1331 447 quoque
1357 363 1514 434 Guntboldo
1538 377 1636 435 litteris
1650 381 1803 449 mandavit,

96 456 102 465 ’
137 472 194 541 bat,
214 472 323 528 favente
338 484 449 542 quoque
464 467 563 526 Karolo
576 483 652 542 rege,
664 465 826 523 Hincmarus
836 465 943 520 electus
994 475 1026 526 ut
1038 484 1101 524 cum
1117 474 1179 539 post
1186 466 1259 522 diem
1274 471 1377 522 sauctae
1392 466 1501 523 Domini
1517 470 1726 525 resurrectionis
1741 470 1805 526 mis

137 567 188 616 est.
199 560 299 631 sicque
323 557 435 615 decreto
455 564 566 629 peracto
585 558 804 633 eligentiumque
817 554 946 609 manibus
996 574 1042 614 sos
1053 571 1117 612 suos
1131 557 1158 611 iu
1167 556 1309 612 servitium
1329 557 1504 629 imperatoris
1516 557 1647 624 mitteret,
1665 558 1724 629 ipse
1740 575 1802 614 cum

137 648 275 716 roborato,
294 647 421 704 Ecclesiae
453 646 598 703 Remensis
619 646 763 703 ordinatur
787 644 944 715 episcopus.
997 644 1134 718 episcopis
1149 645 1608 717 praedictumlocum,bauccausam
1621 649 1802 721 diltiniturus,

138 739 163 795 ls
176 739 313 811 siquidem
342 738 514 806 llincmarus,
539 753 555 792 a
577 737 696 809 pueritia
720 737 748 792 in
776 735 945 792 monasterio
996 739 1093 795 adiret.
1122 738 1175 793 Sed
1202 747 1229 793 et
1261 739 1313 810 ipsi
1340 738 1485 797 llincmaro
1514 741 1617 797 litteras
1636 742 1712 799 misit
1726 750 1756 798 ut
1768 745 1802 800 ad

136 834 224 891 sancti
246 833 379 905 Dionysii,
409 832 461 889 sub
488 832 617 888 llilduino
642 833 741 888 abbate
757 830 945 887 monasteriali
996 830 1069 885 idem
1081 828 1187 885 veniret
1211 828 1370 885 concilium.
1388 830 1495 906 legatis
1515 832 1708 909 itaqueSergii
1724 850 1802 906 papae

136 929 272 1002 religione
286 926 404 982 nutritus
418 935 446 983 et
460 926 557 981 studiis
583 925 736 982 litterarum
752 925 884 991 imbutus,
900 925 945 980 in·
993 920 1071 989 juxta
1097 920 1253 977 condictum
1268 937 1324 978 non
1353 921 1538 990 venientibus,
1555 923 1741 992 Guutboldus,
1755 942 1806 980 an·

137 1017 229 1090 deque
244 1029 295 1087 pro
308 1015 351 1070 sui
370 1019 425 1070 tarn
445 1013 556 1089 generis
570 1030 652 1087 quam
673 1029 773 1069 sensus
788 1013 943 1081 nobilitate,
996 1017 1099 1066 ouante
1121 1013 1151 1083 ti,
1167 1013 1324 1082 annitente]
1353 1027 1418 1086 rege
1446 1012 1556 1081 llarolo,
1586 1030 1649 1070 cum
1665 1018 1806 1090 episcopis

138 1109 167 1164 in
178 1108 309 1182 palatium
325 1107 453 1163 Ludovici
479 1107 652 1178 imperatoris
665 1106 810 1172 deductus,
827 1104 943 1161 etiami·
995 1101 1131 1171 synodum
1145 1104 1286 1171 conduxit,
1301 1103 1334 1157 ad
1359 1118 1441 1174 quam
1456 1103 1578 1159 libonem
1593 1123 1643 1177 per
1657 1106 1765 1163 litteras
1780 1118 1806 1164 et

138 1198 233 1254 liarem
245 1198 332 1270 ipsius
347 1197 472 1253 notitiam
488 1197 606 1268 adeptus
618 1196 727 1263 luerat;
744 1196 847 1267 ibique,
864 1200 945 1266 prout
995 1185 1101 1263 legatos
1128 1210 1162 1249 ex
1190 1195 1351 1251 auctoritate
1376 1195 1500 1266 predicti
1528 1209 1606 1266 papae
1632 1200 1804 1255 convocavit.

138 1288 238 1360 potuit,
254 1303 316 1342 cum
331 1286 497 1356 imperatore
512 1290 540 1339 ct
563 1283 676 1355 praelato
709 1282 809 1339 abbate
823 1282 874 1337 sub
887 1282 947 1353 epi·
996 1276 1055 1342 Quo
1069 1287 1161 1338 tamon
1173 1284 1229 1340 Ebc
1245 1300 1335 1357 neque
1363 1284 1483 1353 venisse,
1506 1300 1597 1357 neque
1610 1286 1740 1343 vicariam
1756 1304 1806 1361 pro

138 1395 285 1452 scoparum
300 1379 462 1435 auctoritate
483 1375 627 1445 laboravit,
652 1382 683 1432 ut
697 1376 764 1433 ordo
778 1375 947 1429 monasticus
996 1383 1026 1423 sc
1042 1387 1199 1442 personam,
1215 1374 1258 1430 vei
1272 1375 1378 1431 litteras
1392 1376 1541 1432 canonicas
1551 1376 1658 1433 misisse
1671 1376 1802 1433 traditur.

140 1472 167 1527 jn
196 1471 328 1544 praedtero
356 1471 535 1537 monasterio,
574 1470 758 1544 quorumdam
782 1468 946 1541 voluptuosa
997 1457 1169 1518 Guutboldus
1183 1471 1273 1519 tamen
1296 1470 1324 1520 et
1342 1466 1433 1520 caeteri
1453 1466 1588 1537 episcopi,
1603 1467 1650 1538 qui
1666 1467 1740 1538 apud
1754 1464 1805 1520 Pa-

139 1560 258 1617 factione
284 1561 332 1616 diu
357 1560 498 1632 delapsus,
527 1566 736 1615 restauraretur,
764 1557 796 1612 Et
817 1564 847 1613 ut
861 1573 946 1628 opere
996 1548 1156 1606 risiostunc
1183 1561 1372 1609 convenerant
1400 1553 1454 1625 (uu.
1480 1554 1552 1625 847),
1574 1553 1682 1611 wenilo
1698 1555 1805 1612 scilicet

139 1664 249 1721 quoque
278 1650 443 1722 adimpleret
469 1650 543 1723 quod
558 1665 687 1706 sermone
702 1647 846 1714 suadebat,
862 1647 944 1702 etiam
997 1638 1125 1696 Ecclesiae
1146 1642 1289 1700 Senonicae
1317 1646 1622 1717 metropolitauuscum
1638 1647 1805 1703 dioecesanis

139 1742 198 1813 ipse
214 1741 350 1819 religiosae
377 1743 581 1800 conversationi
609 1759 671 1798 cum
686 1742 748 1797 aliis
767 1756 798 1795 se
812 1739 947 1806 subdidit,
997 1732 1065 1798 suis,
1081 1733 1253 1791 lantrannus
1281 1737 1319 1808 [cl
1334 1782 1341 1807 ,
1358 1738 1540 1812 lanfrannus]
1559 1741 1729 1798 Turonensis
1742 1757 1804 1797 cum

139 1832 388 1906 castiganscorpus
402 1844 494 1902 suum,
522 1839 550 1889 et
563 1833 679 1904 spiritali
694 1830 845 1899 subjiciens
859 1827 946 1883 servi-
996 1824 1178 1902 suffraganeis
1204 1831 1273 1897 suiS,
1313 1839 1341 1886 et
1368 1832 1527 1903 specialiter
1551 1833 1716 1889 llinemarus
1743 1849 1805 1888 cum

141 1923 203 1980 tuti.
218 1922 349 1977 Processu
368 1936 434 1977 vero
460 1923 604 1995 temporis,
634 1939 697 1978 cum
719 1924 947 1993 prememoratus
996 1920 1126 1975 omnibus
1153 1920 1297 1976 llemensis
1318 1920 1468 1977 diaeceseos
1491 1922 1675 1994 coepiscopis,
1703 1923 1809 1978 litteras

141 2011 945 2088 llilduiuusabbasimperatorisLudoviciarchicapellanus,
996 2029 1060 2069 suas
1072 2015 1106 2069 ad
1121 2032 1184 2071 eum
1198 2016 1344 2086 miseruut,
1368 2025 1396 2074 et
1416 2018 1557 2075 dioecesim
1583 2019 1750 2076 Remeusem
1766 2020 1809 2075 in-

80 2120 90 2130 ·
140 2107 274 2165 offensam
290 2107 377 2179 ipsius
392 2107 505 2181 Augusti
519 2107 588 2163 adeo
601 2121 663 2162 curn
679 2104 740 2160 aliis
754 2101 834 2178 regni
847 2101 947 2172 primo·
996 2105 1174 2169 terdiceutes,
1191 2113 1222 2162 ut
1237 2123 1292 2164 non
1320 2107 1434 2164 baberet
1444 2108 1577 2179 deinceps
1601 2108 1713 2165 licentia
1727 2127 1763 2166 ex
1777 2127 1808 2166 ea

140 2199 216 2254 ribus
229 2198 400 2265 incurrisset,
416 2203 447 2253 ut
473 2196 571 2253 ablatis
597 2196 650 2252 sibi
676 2194 809 2269 abbatiis,
820 2193 848 2247 in
866 2190 948 2245 Saxo·
998 2197 1156 2268 quempiam
1180 2198 1339 2265 sollicitare,
1369 2215 1422 2254 uec
1448 2199 1560 2271 scripto,
1581 2215 1633 2256 nec
1646 2185 1744 2270 verbo,
1757 2196 1809 2258 nec

140 2289 214 2344 uiam
229 2287 312 2344 fuerit
324 2286 421 2343 exsilio
437 2286 585 2361 relegatus,
601 2285 653 2342 iste
667 2301 718 2357 per
731 2281 871 2339 licentiam
885 2292 947 2350 pro·
997 2285 1081 2342 misso
1104 2287 1207 2359 aliquo,
1237 2287 1327 2343 donec
1355 2288 1507 2344 secuudum
1530 2289 1686 2359 iussionem
1718 2291 1806 2365 Sergii

139 2378 192 2450 prii
207 2377 331 2450 episcopi
345 2393 408 2433 cum
437 2376 633 2433 bencdictione
653 2375 766 2432 lratrum
782 2371 859 2426 illum
870 2383 948 2423 secu·
997 2389 1075 2449 pape
1090 2376 1157 2447 ipsis
1171 2382 1339 2444 occurreret,
1355 2384 1383 2433 et
1405 2378 1482 2448 juxta
1509 2380 1644 2436 canonica
1660 2387 1808 2453 eraposyo.

139 2476 184 2524 tus
202 2477 245 2525 est
258 2469 286 2524 in
312 2469 450 2525 exsilium.
479 2469 527 2525 Cui
542 2483 591 2540 pro
607 2463 802 2521 familiaritatis
818 2459 948 2532 propiore
997 2466 1159 2522 licastatuta
1187 2465 1357 2523 delinitionis
1380 2471 1546 2526 sententiam
1573 2471 1607 2526 ab
1630 2472 1697 2543 ipsis
1716 2487 1807 2528 coram

141 2556 202 2630 [ul.,
217 2557 318 2630 priore]
345 2559 453 2627 notitia,
477 2565 581 2614 tantam
597 2557 730 2613 Dominus
743 2549 817 2623 apud
829 2550 949 2620 imperu-
997 2555 1120 2629 generali
1141 2564 1280 2613 conventu
1309 2560 1474 2632 perciperet.
1503 2560 1558 2615 Sed
1582 2560 1629 2615 ille
1655 2560 1689 2615 ad
1704 2561 1807 2615 nullam

139 2657 240 2719 torem,
256 2665 441 2723 proceresque
456 2649 712 2724 cuntulit‘gratiam,
729 2653 760 2701 ut
774 2643 887 2700 studere
897 2651 947 2710 pro
997 2647 1146 2718 synodum,
1162 2650 1206 2705 vel
1229 2651 1373 2707 adsedem
1398 2653 1588 2724 apostolicam,
1601 2668 1698 2711 vocem
1714 2646 1808 2724 postea

139 2760 191 2801 suo
211 2746 345 2802 nutritore
373 2745 503 2817 quiverit,
525 2743 616 2800 donec
637 2742 671 2796 ab
691 2737 788 2796 exsilic
803 2739 948 2790 revocatus
998 2740 1203 2798 reclamationis
1217 2742 1260 2797 vel
1284 2743 1459 2814 repetitionis
1473 2744 1507 2800 de
1523 2745 1591 2800 sede
1606 2743 1751 2811 Remensi,
1764 2749 1810 2797 aut

139 2837 255 2892 duarum
283 2836 367 2893 luerit
402 2836 573 2893 abbatiarum
605 2830 761 2907 praelatioui
793 2826 947 2883 restitutus.
999 2831 1034 2886 de
1050 2832 1210 2888 urdinesuo
1225 2833 1325 2889 emisit.
1341 2833 1392 2899 Qui
1411 2834 1494 2889 etiam
1518 2834 1672 2905 (postquam
1695 2848 1741 2887 res
1757 2848 1808 2907 ge·

139 2924 245 2982 Deinde
257 2925 369 2999 quaudo
391 2925 538 3000 Gregorius
549 2923 638 2992 (orer.
654 2923 704 2990 Ν)
719 2932 790 2991 papa
814 2916 843 2969 iu
856 2910 949 2967 Gallioe
998 2930 1054 2980 stas
1069 2925 1153 2982 leoni
1174 2925 1266 2996 (beotii
1276 2928 1327 2997 IV)
1352 2943 1430 2999 papae
1458 2925 1642 2982 referentibus
1657 2925 1807 2997 episcopis,

139 3017 216 3074 venit
235 3017 376 3094 regiones,
403 3025 431 3074 et
458 3032 574 3092 regnum
599 3013 767 3071 Francorum
794 3025 810 3064 a
836 3004 949 3079 Plaeflffl
999 3024 1027 3073 et
1040 3019 1179 3094 regalibus
1193 3019 1307 3092 insuper
1331 3020 1466 3092 epistolis,
1493 3020 1631 3076 ordinatio
1656 3019 1807 3084 Hincmari,

140 3105 242 3171 defecit
255 3107 433 3179 iffllemwle,
445 3107 533 3163 V⁰¹Ull
547 3122 611 3163 eum
626 3110 852 3178 l)raememoratus
865 3097 950 3153 abbiffi
961 3069 986 3138 C
998 3110 1110 3181 quando
1123 3091 1192 3167 fidei
1204 3127 1316 3184 quoque
1330 3128 1386 3167 suae
1401 3120 1525 3169 tenorem
1540 3114 1653 3169 Romam
1662 3113 1738 3167 misit
1753 3118 1809 3168 rata

139 3215 207 3256 suus
219 3199 246 3254 iu
262 3199 425 3273 obsequium
438 3215 519 3255 suum
534 3206 631 3255 contra
652 3196 812 3253 fidelitatem
827 3194 949 3264 impera·
997 3209 1039 3256 est
1052 3217 1115 3256 cum
1145 3202 1291 3278 largitione
1319 3202 1394 3274 pallii
1419 3202 1608 3275 comprobata)
1621 3218 1672 3273 per
1687 3201 1809 3274 quinque

138 3289 205 3344 toris
217 3288 339 3355 ducere;
355 3289 430 3360 quod
445 3285 717 3360 nequaquampotuit
730 3284 765 3339 ab
777 3298 810 3339 eo
825 3282 947 3357 exigere·
998 3289 1108 3345 circiter
1137 3305 1273 3346 annorum
1303 3291 1439 3347 curricula
1465 3291 1650 3364 supervixisse
1679 3290 1809 3349 ferturiu

140 3371 947 3447 Restituto1³⁰³²l³²¹i¹¹¹llel³¹¹⁰ltbDl⁰ll²l>⁰i¹¹ltabbatim
996 3396 1123 3452 corpore,
1152 3396 1240 3452 usque
1266 3381 1300 3436 ad
1321 3397 1424 3436 anuum
1453 3382 1584 3437 videlicet
1609 3381 1809 3439 iucarnationis

137 3469 271 3540 prodesse
284 3468 399 3525 studuit.
414 3468 514 3540 Sicque
525 3468 694 3539 deincepsiu
705 3465 875 3523 monasterio
885 3465 947 3519 sine
996 3468 1146 3525 Dominicae
1174 3469 1433 3546 octingentesimum
1467 3470 1729 3545 quinquagesimum
1756 3471 1810 3543 pri·

139 3560 254 3633 querela
279 3566 373 3618 custus
402 3575 544 3617 sacrorum
578 3559 736 3633 pignorum,
767 3557 948 3629 ecclesiaeque
999 3576 1085 3616 mum.

138 3657 295 3707 sanctorum
310 3655 461 3721 martymm
489 3655 667 3705 conversatus
687 3647 841 3716 exstiterat,
858 3646 949 3703 donec
1319 3633 1424 3691 CAPUT
1439 3636 1485 3691 ΠΙ·

138 3743 222 3817 regiis
234 3743 336 3800 ascitus
350 3741 493 3815 obsequiis
508 3742 632 3815 regimen
658 3740 834 3799 monasteriis
846 3746 948 3797 sanetae
1178 3726 1217 3780 De
1241 3727 1345 3782 llssl'fflle
1359 3728 1478 3797 ejusdem
1492 3726 1629 3782 Remmi-

137 3831 187 3887 Dei
196 3832 338 3907 genitricis
365 3830 465 3899 llariae,
496 3838 524 3888 et
550 3831 638 3888 sancti
666 3833 795 3890 Germani
823 3828 909 3905 regali
922 3834 950 3883 et
1035 3828 1074 3884 De
1092 3845 1147 3902 quc
1164 3835 1339 3904 postmodum
1354 3835 1418 3891 talis
1432 3843 1543 3892 ostensa
1557 3844 1599 3892 est
1607 3837 1740 3892 revelatio
1750 3836 1808 3892 cui·

137 3919 298 3992 episcopali,
327 3928 409 3994 atque
435 3919 542 3976 abbatis
567 3921 610 3978 sui
625 3921 756 3980 Ludouici
771 3923 879 3980 diaconi
892 3922 949 3992 tus
999 3920 1062 3977 dam
1079 3923 1185 3979 bomini
1199 3925 1344 3981 Demensis
1358 3928 1508 3997 parochiae,
1525 3929 1639 3985 nomine
1655 3928 1805 3995 Demoldo,

137 4009 368 4083 siouesuscepit;
387 4026 480 4065 rerum
499 4025 612 4083 quoque
627 4027 659 4068 ac
671 4011 872 4082 mancipiorum
887 4026 950 4083 pos·
1000 4017 1047 4090 qui
1062 4018 1210 4090 depressus
1223 4020 1393 4091 infirmitate,
1418 4039 1490 4095 pene
1513 4039 1601 4096 usque
1628 4023 1662 4078 ab
1691 4032 1805 4079 mortem

138 4102 291 4158 sessionem
327 4102 476 4175 quamdam
518 4103 594 4178 regia
618 4102 782 4161 liberalitate
811 4105 947 4176 percepit,
999 4109 1135 4178 pervenit,
1148 4111 1184 4166 ita
1194 4118 1224 4166 ut
1239 4127 1289 4184 per
1303 4122 1421 4186 quatuor
1434 4114 1494 4170 dies
1514 4131 1567 4170 nec
1590 4115 1682 4171 cibum
1695 4131 1749 4170 nec
1759 4129 1818 4186 pc-·

139 4211 222 4266 (luam
249 4202 426 4252 ⁰⁰¹¹Sss⁰f³lu⁸
451 4194 508 4263 jam
545 4195 646 4264 Plaesul
670 4197 840 4261 monasterio
860 4196 948 4253 sancti
1000 4212 1057 4261 tum
1072 4220 1182 4276 capere,
1197 4220 1249 4260 nec
1263 4205 1339 4277 loqui
1353 4207 1466 4262 valeret.
1483 4206 1584 4272 Quarto
1598 4221 1665 4263 vero
1679 4205 1727 4260 die
1742 4205 1808 4260 bora

138 4287 272 4358 Dionysii,
287 4287 334 4343 ubi
349 4286 457 4344 Christo
472 4285 646 4358 militaverat,
662 4306 712 4362 per
733 4292 890 4349 testamenti
901 4309 951 4365 pa·
1001 4318 1085 4371 nona,
1100 4302 1175 4357 velut
1189 4303 1323 4357 exanimis
1334 4302 1430 4372 jacuit,
1455 4304 1524 4361 adeo
1554 4312 1583 4361 ut
1598 4320 1654 4360 uon
1671 4311 1767 4377 posset
1781 4303 1807 4358 in

139 4380 232 4455 ginarn
247 4382 371 4439 tradidit.
1000 4408 1034 4449 eo
1044 4393 1142 4448 sentiri
1156 4392 1271 4448 balitum
1287 4394 1462 4461 remansisse,
1490 4394 1544 4449 nisi
1571 4395 1721 4465 pervices,
1742 4395 1807 4449 dum

436 4454 568 4559 'CAPUT
594 4459 627 4514 ¹¹·
962 4485 1064 4558 unis
1073 4499 1186 4540 manum
1213 4484 1334 4540 misisset
1355 4485 1389 4539 ad
1413 4501 1444 4541 os
1468 4485 1537 4554 eius,
1555 4484 1598 4540 vel
1612 4500 1696 4556 super
1711 4493 1809 4555 pectus

192 4546 230 4601 De
242 4549 416 4617 'elladam
425 4548 530 4618 ludicii*
537 4565 590 4620 1)Το
604 4550 704 4608 Emis
719 4551 894 4623 ‘similim-
1000 4578 1084 4644 illius,
1099 4575 1143 4632 vix
1158 4573 1297 4630 sentiebat
1317 4573 1344 4629 in
1360 4589 1393 4630 eo
1421 4573 1512 4628 adbuc
1526 4573 1652 4644 spiritum
1664 4589 1736 4629 esse.
1754 4574 1808 4629 llu-

82 4699 90 4714 s
176 4655 427 4730 Emensodenique
442 4674 517 4715 auno
542 4668 603 4732 post
616 4660 704 4734 ipsius
720 4661 858 4718 llincmari
873 4663 950 4720 ordi·
998 4667 1212 4725 borillitamcn
1241 4665 1269 4719 in
1292 4664 1361 4720 lacie
1388 4679 1505 4738 magnus
1532 4664 1688 4730 videbatur,
1718 4662 1808 4719 etsie

140 4748 293 4818 nationem,
321 4750 465 4808 botherius
493 4753 642 4824 impemtor
682 4771 733 4827 pro
770 4758 948 4814 contentione
996 4756 1083 4826 jacuit
1098 4770 1186 4827 usque
1201 4753 1235 4808 ad
1248 4753 1368 4808 mediam
1389 4760 1511 4809 noctem.
1527 4753 1603 4808 Tunc
1615 4751 1734 4806 viriliter
1744 4764 1809 4807 ocu·

139 4837 217 4912 regni
236 4854 319 4911 quam
335 4855 401 4916 erga
428 4840 539 4899 fratrem
561 4860 642 4900 suum
661 4845 788 4903 Karclum
816 4847 946 4916 babebat,
1000 4849 1042 4904 los
1055 4847 1193 4919 aperiens,
1218 4853 1246 4902 et
1269 4845 1489 4903 allatusuxorem
1505 4863 1582 4903 suam
1598 4844 1810 4917 atquecircum·

139 4925 219 4994 cujus
241 4929 383 5002 obsequiis
410 4931 484 4988 idem
512 4936 613 5006 praesul
634 4934 755 4993 lideliter
780 4938 948 5004 adhaerebat,
1000 4936 1203 5007 stantes,jussit
1217 4944 1246 4993 ut
1273 4939 1437 5009 quantocius
1452 4943 1606 5002 currerent,
1621 4942 1650 4989 et
1665 4933 1811 5005 presbyte-

139 5024 236 5074 contra
245 5035 309 5076 eum
325 5031 490 5094 commotus,
522 5028 653 5099 epistolas
672 5029 798 5105 aSergio
814 5028 948 5102 (Sergii)
1001 5047 1062 5086 rum
1077 5046 1156 5086 suum
1174 5030 1308 5086 velociter
1335 5032 1369 5087 ad
1384 5048 1415 5087 sc
1438 5031 1533 5089 venire
1555 5034 1695 5104 rogarent.
1718 5025 1809 5081 lecito

140 5131 210 5188 papa
224 5118 316 5193 exegit
327 5135 378 5190 pro
392 5124 546 5194 reparando
571 5124 676 5193 judicio
703 5125 739 5181 de
749 5125 852 5182 libonis
866 5126 950 5199 depo
1000 5130 1090 5180 autem
1118 5124 1289 5196 presbytero,
1314 5133 1461 5197 autequam
1476 5124 1591 5179 intraret
1612 5119 1659 5174 iile
1683 5119 1808 5184 domum,

139 5208 251 5265 sitione.
261 5209 340 5267 Unde
352 5211 427 5268 idem
443 5229 515 5287 papa
525 5215 632 5274 litteras
640 5218 739 5275 liarolo
752 5218 809 5295 regi
825 5219 949 5289 mittens,
1000 5212 1069 5269 dixit
1082 5212 1207 5269 infirmus
1223 5221 1253 5269 ul
1267 5222 1441 5287 apponerent
1457 5213 1564 5279 sellam,
1580 5209 1646 5284 qula
1664 5210 1810 5281 Plelbllef

140 5297 271 5369 praecepit
282 5306 312 5355 ut
326 5300 513 5359 Guutboldum
528 5304 778 5383 llotbomageusem
787 5308 949 5381 episcopum
996 5308 1053 5378 jam
1069 5308 1182 5367 domum
1198 5310 1350 5366 intratums
1359 5318 1442 5367 esset.
1456 5312 1505 5368 lllo
1516 5326 1581 5368 vero
1594 5310 1722 5384 ingresso
1736 5314 1810 5379 post·

140 5399 202 5441 cum
228 5389 336 5444 caeteris
363 5389 502 5463 episcopis
525 5394 605 5470 regni
630 5394 683 5462 sui,
709 5412 779 5468 quos
790 5397 849 5469 ipse
865 5398 951 5453 Gunt-
1000 5400 1248 5470 quamoratiouem
1276 5416 1325 5471 pro
1352 5416 1386 5457 eo
1415 5400 1496 5468 ludit,
1523 5400 1592 5455 dixit
1605 5399 1631 5454 ei
1658 5406 1689 5454 ut
1702 5397 1812 5454 sederet

139 5477 240 5547 boldus
252 5480 286 5535 ad
307 5480 360 5537 boc
373 5481 426 5537 sibi
439 5484 565 5562 eligeret,
582 5486 680 5562 legatis
688 5488 749 5557 ejus
764 5489 872 5547 obviam
888 5490 950 5546 Tre·
996 5490 1158 5560 juxtaeum,
1184 5502 1212 5547 et
1240 5494 1398 5550 attenderet
1426 5509 1487 5567 quae
1509 5493 1634 5549 dicturus
1649 5499 1723 5557 erat,
1739 5497 1769 5544 ut
1786 5486 1810 5543 si

138 5568 212 5624 veris
225 5569 259 5625 ad
275 5569 347 5631 banc
373 5570 576 5634 discutiendam
602 5577 744 5649 querelam
768 5579 909 5658 diligeret,
921 5583 949 5637 ei
999 5585 1058 5657 ipse
1071 5593 1213 5656 superstes
1228 5584 1267 5640 illi
1290 5602 1346 5643 nou
1371 5588 1507 5659 potuisset
1520 5584 1700 5652 annuntiare,
1713 5581 1808 5637 saltem

139 5654 316 5718 ffisscmuuuu
330 5663 491 5738 episcopum
520 5667 658 5741 adipsum
689 5670 826 5742 synodum
850 5673 947 5735 vcuirc
998 5679 1145 5752 presbyter
1157 5693 1190 5735 ea
1200 5678 1349 5738 nuntiaret.
1366 5681 1441 5755 lguc
1456 5695 1523 5756 ergo
1537 5675 1810 5751 coepitvebementer
