3840 6106
116 267 166 323 701
427 261 470 318 [111
489 260 620 318 CHRISTI
638 257 819 316 thtddt’ttts
839 257 925 315 NFUN
944 255 1077 314 leLlhl
1097 255 1186 314 LlBlil
1205 256 1407 315 11111-1111.
1427 255 1471 311 vt.

118 393 328 466 Nultiplicatum
342 399 529 464 consequetur
542 390 684 447 centies.»

118 489 185 544 vitae
200 494 334 552 creatum,
349 494 437 542 morte
449 485 529 556 juxte
541 483 657 549 consita,

120 576 265 633 Hominem
278 575 375 630 timere
388 573 467 643 cujus
480 579 558 628 antra
572 570 683 641 debeat,

119 670 187 724 Fitae
200 667 299 724 luturae
313 665 394 739 quale
409 681 525 740 regnum
541 679 665 737 quaerere

120 758 173 814 Cur
185 758 231 813 hic
244 756 371 827 voluptas
377 755 414 810 sit
427 754 565 811 domanda
581 751 717 825 corporis,

120 849 196 904 Bona
210 845 368 917 respuenda
382 860 444 918 que
457 844 569 900 Creator
583 843 681 910 edidit,

119 935 261 992 Narrando
278 949 408 1007 promens
421 933 495 990 clara
510 935 607 990 doctor
618 933 733 1000 lumina,

118 1026 203 1082 Feras
215 1040 285 1095 opes
299 1031 327 1080 et
339 1039 405 1079 uera
424 1023 522 1095 pandit
532 1022 633 1097 gandia
654 1040 661 1078 :

120 1116 160 1171 1111
182 1114 269 1171 hisad
283 1113 329 1168 illa
344 1128 400 1185 quo
415 1112 550 1189 migretur
560 1114 669 1169 tramite

121 1207 279 1279 llorumque
293 1205 390 1261 amicis
409 1205 476 1279 quid
489 1213 602 1277 paretur
616 1211 721 1278 postea.

119 1303 206 1367 Quam
222 1306 292 1356 tetra
307 1299 363 1355 sint
376 1305 522 1366 tormenta,
536 1314 619 1370 quarn
630 1297 765 1365 crudelia,

118 1391 219 1447 Sinant
232 1389 330 1444 beatos
344 1388 403 1444 haec
417 1403 514 1444 cavere
534 1394 666 1460 martyres

119 1487 261 1543 Patieuter
274 1487 327 1541 ista
340 1483 376 1540 ob
388 1483 435 1539 illa
444 1482 520 1538 ferre
539 1483 587 1555 qui
607 1483 697 1539 sciant
710 1501 718 1549 ;

119 1577 268 1632 vertantur
283 1574 311 1629 in
326 1570 474 1645 tranquilla
488 1571 589 1646 gandia
603 1570 731 1644 lacrymas
745 1589 753 1639 ;

117 1669 237 1736 lamiam
257 1666 400 1738 quiescant
411 1664 573 1720 desinentes
587 1665 720 1738 plangere

120 1760 249 1832 Regnare
264 1770 335 1828 quos
350 1753 489 1810 constabit
509 1754 565 1809 alto
578 1754 700 1810 culmine

120 1848 604 1924 111111111111111111111111111
618 1864 729 1905 sumere
745 1866 753 1916 ;

120 1946 195 2011 Quin
210 1944 245 1999 ad
262 1957 379 2000 coronas
388 1956 418 1997 se
431 1940 566 2013 petendas
580 1941 710 2008 excitent,

119 2037 290 2106 hostemque
309 2038 412 2104 partam
424 2031 511 2087 inisse
530 2030 636 2087 lorcam
651 2031 789 2088 noverint.

119 2127 185 2182 llaec
199 2127 264 2180 dum
278 2123 377 2179 beatus
389 2121 471 2177 miles
484 2121 553 2195 hgni
568 2121 679 2177 disserit

118 2215 172 2282 Qui
187 2202 302 2269 militem
314 2227 362 2268 ore
378 2209 537 2283 proterebat
551 2210 657 2278 seculi,

117 2310 243 2365 Firmare
255 2307 344 2382 signis
358 2307 432 2364 dicta
446 2321 577 2379 supremo
592 2305 665 2361 Patri

121 2401 227 2464 Placet,
243 2413 359 2455 corusco
374 2396 532 2471 fulgurante
544 2396 664 2464 coelitus,

120 2489 310 2547 llluminando
325 2468 525 2560 disputatorem
543 2502 623 2541 suum

119 2581 184 2637 hlox
195 2578 356 2636 coeiicorum
370 2576 482 2633 visitatu
496 2575 599 2632 ciuium

120 2669 251 2726 Gaudens
266 2667 384 2734 renidet,
400 2672 478 2723 veste
497 2664 706 2738 pmctarisstmn

119 2760 292 2833 iuvenisque
307 2760 417 2835 lulgens
430 2759 556 2815 osculum
570 2756 625 2814 lert
640 2756 775 2829 pollicens

121 2853 171 2907 Sui
184 2866 334 2923 perennem
353 2849 470 2926 gratiam
490 2848 632 2905 consortii.

159 2943 225 3009 Zoe,
241 2941 384 2998 Nicostrati
401 2956 478 3008 uxor,
498 2940 526 2994 in
542 2939 622 3008 cuius
637 2937 721 2994 domu

125 3040 180 3095 ista
192 3045 220 3094 et
234 3041 368 3112 gematur
380 3050 430 3091 ore
445 3048 492 3090 sex
505 3032 599 3089 clauso
612 3031 698 3088 silens

123 3127 254 3185 llanebat
267 3125 347 3181 nonis
361 3138 455 3197 pressa
468 3122 494 3180 ui
508 3120 682 3196 egritudinis
698 3137 705 3175 :

125 3219 192 3285 Quae
208 3223 303 3273 mente
316 3230 384 3270 sana
398 3214 464 3270 dum
472 3211 593 3285 capessit
602 3210 687 3276 edita,

123 3311 217 3367 Tuens
232 3307 347 3380 superni
362 3314 468 3362 11111111
489 3305 620 3361 bonorem
635 3301 760 3370 luminis,

124 3401 242 3472 stupore
256 3397 334 3454 tertis
349 3396 407 3467 (sic)
418 3394 591 3468 exprobrans
606 3407 690 3448 111111
703 3391 796 3448 innuit

125 3488 207 3556 Quod
221 3495 277 3542 tam
291 3485 397 3559 patenti
411 3485 496 3541 corda
510 3498 565 3539 non
575 3481 642 3537 dent
657 3480 753 3537 lamini

127 3581 158 3638 ttr
174 3579 306 3635 advoluta
316 3576 380 3650 quis
391 3576 464 3632 valet
476 3581 553 3648 rogat
572 3573 656 3629 notis.

126 3671 321 3737 Sebastianus,
337 3675 366 3725 ut
378 3667 452 3741 capit
465 3666 569 3723 silentii

125 3765 240 3831 Causas,
252 3781 266 3813 ι
281 3762 349 3837 ligo,
362 3759 463 3834 inquit,
478 3774 558 3815 uerus
571 3771 635 3813 esse
649 3755 673 3811 si
687 3754 786 3827 probo,

124 3853 381 3921 Serrnslonantis,
400 3867 465 3909 vern
483 3851 507 3907 si
521 3855 586 3906 sunt
598 3848 693 3907 omnia

124 3955 145 4010 d
163 3969 209 4009 me
223 3951 321 4018 relata,
337 3947 526 4006 haeccredidit
540 3962 601 4019 qnae
616 3944 730 4012 lentina,

124 4047 241 4104 Solutor
255 4044 316 4114 ejus
330 4043 418 4100 solvat
432 4056 480 4098 ora
489 4039 635 4111 Zacharias.
660 4062 670 4089 ι

125 4140 270 4197 Exclamat
284 4140 336 4194 hac
349 4136 402 4194 sub
416 4150 484 4192 uoce
498 4135 550 4192 Zoe
564 4133 707 4210 gratulans

126 4232 283 4303 cratesque
295 4244 422 4302 pangens
436 4243 470 4283 ac
485 4226 643 4282 medentem
664 4223 818 4296 predicans

125 4324 240 4380 Vidisse
254 4329 358 4378 testans
372 4320 407 4378 ab
421 4319 551 4391 supernis
565 4318 694 4394 angelum

126 4415 243 4471 llissum
258 4412 387 4469 volumen
406 4411 531 4467 attulisse
543 4411 670 4467 coelicnm

125 4505 280 4577 Virumque
288 4518 374 4575 pansa
384 4500 534 4558 luminasse
553 4500 665 4574 pagina.

128 4599 176 4654 ilis
187 4598 341 4668 adstupens
350 4597 392 4652 uir
407 4597 468 4666 ejus
484 4595 686 4671 indulgentiam

128 4689 256 4743 istratus
268 4686 333 4741 almi
345 4685 450 4763 flagitat
464 4685 597 4762 uestigiis,

129 4775 232 4832 Christi
244 4774 361 4830 clientes
374 4774 449 4847 quod
464 4780 606 4849 gravasset
617 4770 745 4838 nexibus,

129 4869 283 4939 Nannsqne
294 4866 388 4923 baccis
402 4873 552 4939 occupatas
561 4866 696 4924 eximens.

131 4960 241 5033 Rogare
254 4965 366 5014 sanctos
385 4956 465 5013 liberi
479 4957 642 5014 recederent

130 5049 198 5105 Sese
214 5048 326 5103 beatum
341 5055 370 5104 et
380 5047 551 5119 expiandum
567 5059 741 5118 prosequens

130 5139 235 5197 llorum
252 5153 363 5194 recessu
378 5138 402 5193 si
414 5142 568 5193 mereretur
587 5136 653 5207 pati.

132 5251 143 5279 ι
160 5230 221 5294 Quo
236 5228 293 5296 liet,
313 5230 391 5286 aiunt
410 5228 533 5302 expediti
550 5235 695 5302 martyres,

129 5322 303 5379 Perlectionc
318 5329 409 5380 restra
421 5322 530 5379 11111111
547 5320 617 5377 tides

129 5413 232 5486 Coepit,
247 5414 338 5470 uelitis
352 5430 402 5486 pro
417 5414 552 5471 necandis
565 5419 594 5469 ut
603 5413 684 5482 mori,

130 5504 190 5569 Qua
204 5501 297 5559 iroote
312 5510 388 5560 tanto
400 5502 520 5560 roborati
538 5510 661 5574 tempore

132 5594 287 5651 Prodemus
300 5596 429 5651 haustum
445 5594 584 5667 passionis
598 5595 716 5667 propriae

133 5686 204 5743 Nam
219 5687 296 5761 larga
311 5687 409 5744 Christi
423 5695 531 5746 constat
544 5687 686 5745 allluentia

945 385 1092 458 APotiora
1107 385 1235 458 prebens
1248 402 1330 458 quam
1343 391 1454 460 rogatur
1470 398 1586 440 munera

983 480 1033 546 Qui
1049 487 1102 536 tarn
1119 495 1250 554 supremo
1264 496 1314 537 ros
1328 480 1450 535 nitentes
1462 479 1585 535 cuimine

983 572 1165 630 Persectionis
1180 571 1263 627 addet
1278 570 1438 627 eminentia.
1456 590 1469 621 1

984 662 1046 717 lianc
1061 671 1144 734 atque
1160 658 1317 732 pluremum
1333 657 1476 729 proiantnr
1491 655 1585 726 inclyti

983 754 1099 820 Fratres,
1114 758 1244 826 parentes
1262 761 1343 822 atque
1354 749 1433 805 amici
1443 746 1554 820 periidoe

984 848 1169 905 l‘ersnasionis
1182 846 1274 902 dendo
1294 844 1508 917 poenitudinem,

982 941 1064 1008 Parti,
1077 941 1144 1017 jugo
1165 954 1274 1010 crepere
1290 936 1387 993 Christi
1400 952 1526 1010 promere
1542 953 1549 989 :

981 1030 1040 1086 Sibi
1054 1035 1149 1086 suncta
1168 1027 1238 1084 tradi
1252 1042 1351 1104 urgere
1365 1024 1570 1099 primiscrinius
1588 1066 1596 1092 ,

982 1123 1161 1180 Sebastianus
1174 1124 1248 1178 hunc
1263 1120 1389 1177 redactos
1407 1116 1526 1174 vinculis

981 1213 1066 1270 Jubct
1079 1227 1205 1288 gregare,
1219 1210 1302 1267 simul
1317 1212 1465 1281 capessant
1480 1204 1605 1278 mystica,

984 1303 1099 1374 Stupers
1112 1301 1282 1358 Nicostratus
1296 1305 1326 1354 ut
1341 1296 1462 1375 reatibus

984 1394 1074 1450 Pressi
1089 1392 1184 1449 subire
1197 1408 1273 1448 sarra
1285 1389 1393 1464 possint
1409 1386 1513 1453 munia,

919 1478 925 1490 ’
982 1489 1060 1561 Capit
1074 1503 1202 1560 supernae
1217 1484 1359 1562 dignitatis
1373 1483 1519 1556 praesulem

981 1580 1035 1637 Pro
1049 1579 1200 1635 liberandis
1215 1585 1302 1635 morte
1318 1575 1510 1648 peccatoribus

981 1671 1134 1729 111111Ιί1111
1150 1687 1181 1727 ss
1196 1670 1346 1727 contulisse
1360 1667 1503 1725 obtutibus
1518 1684 1526 1734 ς

943 1762 1010 1834 ssld
1027 1760 1172 1817 tradidisse
1187 1758 1308 1816 credulis
1318 1756 1478 1830 mysterium

983 1853 1074 1909 Funes
1085 1851 1187 1908 resolui
1203 1866 1258 1923 quo
1270 1850 1394 1905 ualerent
1406 1846 1564 1903 criminum.

982 1944 1062 2000 Paret
1076 1958 1186 2000 reorum
1198 1941 1329 1999 obsessor
1342 1955 1440 1998 omncs
1454 1951 1618 2014 aggregans,

983 2038 1056 2104 Quos
1075 2036 1210 2093 allocutus
1224 2033 1304 2089 miles
1318 2034 1407 2088 almus
1421 2029 1528 2086 invenit

983 2127 1129 2198 Promptos
1140 2123 1262 2195 supremi
1277 2121 1403 2178 seruituti
1419 2118 1562 2191 principis.

984 2216 1151 2287 Polycarpus
1161 2212 1261 2269 exhinc
1273 2211 1423 2267 advocatus
1438 2206 1583 2279 presbyter

984 2307 1090 2363 Gaudet
1104 2305 1208 2362 tuendo
1222 2303 1299 2361 lucra
1313 2302 1402 2358 diuini
1417 2300 1511 2357 horrei

984 2402 1159 2473 hortansque
1169 2399 1241 2455 diuis
1255 2397 1355 2455 imbuit
1364 2395 1518 2469 prolatibus

985 2491 1063 2549 Casto
1075 2489 1224 2548 sacrandos
1240 2483 1532 2560 praestruensJejunio.

986 2581 1047 2637 llaec
1060 2596 1126 2656 ergo
1143 2579 1313 2635 Nicostratus
1327 2583 1356 2632 ut
1371 2575 1422 2632 lert
1434 2572 1529 2632 omnia

986 2672 1092 2727 Patrata
1111 2666 1359 2726 commentariensi
1369 2663 1490 2721 Claudio.

985 2763 1045 2819 llon
1059 2762 1106 2818 ille
1120 2767 1227 2837 gnatos,
1244 2768 1321 2831 peste
1335 2758 1411 2815 uaria
1424 2754 1583 2829 languidos,

988 2853 1108 2918 Quorum
1124 2849 1211 2907 liuore
1221 2855 1318 2905 venter
1330 2863 1417 2904 unum
1431 2844 1583 2918 turgidum,

987 2941 1129 3012 Frequens
1140 2940 1280 3011 leprosum
1301 2936 1368 2993 lecit
1382 2936 1460 2992 ulcus
1473 2933 1602 2998 alterum,

990 3032 1119 3103 hdducit,
1134 3032 1191 3087 imo
1205 3045 1236 3086 se
1247 3028 1330 3085 hdcrn
1343 3027 1394 3084 sub
1404 3034 1516 3100 pectore

948 3151 974 3221 C
991 3130 1097 3186 Tenere
1112 3127 1214 3197 fassus,
1234 3126 1356 3183 Christus
1370 3126 1468 3181 horum
1483 3121 1570 3199 gloria

988 3221 1066 3288 Quod
1081 3220 1245 3276 imminente
1255 3215 1377 3274 mortisa
1390 3214 1515 3288 periculo

989 3310 1126 3368 Nestitnet
1140 3310 1203 3366 illos
1215 3308 1334 3364 sanitate
1349 3305 1466 3361 reddita.

989 3402 1138 3469 Quosdnm
1159 3403 1256 3456 beatus
1266 3398 1342 3455 lonte
1357 3397 1524 3469 Polycarpns
1539 3406 1617 3449 sacro

991 3492 1092 3569 Tingit,
1109 3490 1233 3547 residunt
1245 3489 1321 3545 nulla
1334 3485 1424 3544 morbi
1437 3485 1575 3560 stigmata.

991 3585 1065 3641 Felix
1080 3590 1211 3641 notantur
1228 3591 1312 3655 atque
1327 3579 1426 3637 Felicis
1440 3577 1521 3634 simul
1537 3577 1568 3649 [t.
1590 3570 1798 3642 Felicissimus],

992 3673 1209 3742 11111111111111
1224 3672 1281 3745 pati
1295 3668 1468 3743 parentibus,

992 3764 1057 3821 Post
1067 3763 1133 3819 inde
1142 3759 1348 3834 Tranquillinus
1362 3772 1436 3831 aeger
1446 3753 1571 3820 artubus,

991 3852 1159 3910 Marcelliani
1172 3851 1265 3908 lratris
1278 3859 1361 3922 atque
1380 3851 1516 3919 prosator,

991 3948 1060 4003 llum
1078 3961 1108 4002 se
1124 3943 1224 4000 latetur
1236 3941 1320 3999 corde
1336 3953 1406 4012 puro
1419 3936 1534 3994 credere

990 4043 1021 4098 Et
1034 4046 1098 4114 po‘st
1112 4039 1248 4095 lavacrum
1259 4035 1282 4091 si
1297 4034 1364 4101 luet,
1374 4047 1431 4088 non
1445 4029 1565 4094 desinat,

991 4132 1066 4187 litus
1078 4135 1185 4185 sacrato
1198 4125 1349 4198 sospitatur
1358 4121 1482 4197 unguine
1492 4136 1500 4184 3

993 4223 1073 4278 liber
1086 4220 1182 4276 dolore
1195 4216 1345 4290 podagrico
1360 4230 1392 4272 ac
1406 4209 1571 4285 chiragrico,

994 4313 1028 4368 llt
1045 4310 1187 4367 absolutus
1196 4315 1293 4382 stagna
1311 4308 1382 4361 saltu
1396 4303 1571 4375 irrumperet,

994 4404 1094 4460 ilerum
1105 4402 1247 4466 invocans,
1263 4415 1347 4472 quem
1361 4396 1482 4454 mundus
1496 4395 1615 4468 ignorat,
1628 4391 1724 4448 heum.

949 4475 976 4544 D
1028 4495 1094 4552 Post
1107 4495 1181 4550 hunc
1197 4491 1279 4547 amici
1293 4491 1438 4547 diluuntur
1450 4488 1598 4561 pignorum
1617 4501 1625 4540 ε

995 4587 1214 4652 crescentianus,
1225 4585 1331 4652 111111,
1350 4582 1476 4639 Urbanus
1490 4595 1614 4654 quoque,

994 4676 1101 4744 11111111,
1119 4672 1316 4746 Euthycianus,
1331 4677 1411 4728 aucto
1421 4669 1549 4726 Aristone
1565 4670 1575 4735 ;'

995 4766 1101 4822 Deinde
1116 4765 1286 4820 Nicostratus
1296 4768 1324 4818 et
1335 4758 1483 4826 Castorins,

994 4857 1180 4932 Sequiturque
1200 4852 1462 4913 commentariensis
1476 4850 1616 4908 Claudius.

994 4953 1047 5009 Zoe
1066 4953 1167 5009 dehinc
1181 4957 1208 5006 11
1220 4949 1406 5023 symphorosa
1423 4945 1572 5010 sollertia,

994 5045 1208 5102 Vernaculorum
1221 5050 1249 5098 et
1258 5041 1338 5098 turba
1352 5037 1543 5112 primiscrinii,

995 5138 1061 5194 Cum
1074 5133 1203 5193 carcerali
1219 5133 1254 5189 de
1268 5133 1359 5208 rigore
1373 5130 1470 5188 liberis

996 5228 1097 5286 Omnes
1115 5226 1244 5300 quaterni
1260 5225 1354 5281 decies
1372 5230 1456 5297 atque
1469 5220 1573 5294 septies

996 5321 1044 5377 Pio
1057 5319 1157 5376 sacrati
1172 5317 1248 5375 loutc
1260 5315 1359 5373 Christi
1375 5316 1403 5371 in
1416 5312 1555 5371 laudibus.

997 5413 1096 5470 Noctes
1110 5410 1210 5468 diebus
1224 5411 1388 5483 copulantes
1402 5406 1539 5464 ambiunt.

998 5507 1080 5563 Ferro
1094 5519 1222 5577 supernae
1236 5500 1393 5560 consecrari
1410 5498 1493 5557 curie

999 5597 1144 5655 Dilationis
1164 5595 1293 5670 expedito
1306 5602 1444 5666 tempore,

998 5688 1118 5746 vocante
1130 5684 1336 5759 Franqnidinus
1349 5687 1378 5739 et
1387 5677 1553 5742 chromatio,
