3840 6106
94 229 171 285 ‘82⁶1

477 253 479 258 ·
499 224 682 282 ttuuutttut
702 224 855 281 utuuutut
876 224 1039 281 REMENSIS
1058 223 1229 281 uetlsutltt
1248 222 1402 280 mutet.

119 357 175 412 Nec
189 355 307 412 satisest
319 354 458 412 monuisse
471 355 568 423 semel,
577 355 754 428 monitusque
769 360 901 426 paternos
943 354 1035 431 Allec
1047 352 1146 410 vetitos
1160 353 1236 409 ineat
1250 351 1331 421 dues,
1346 351 1478 409 invadere
1493 353 1587 409 nitens

122 448 197 503 Haud
213 447 309 502 iterare
324 448 410 520 piget,
424 447 517 502 llatris
531 462 693 502 succurrere
707 447 790 514 cladi,

121 534 233 606 Disponi
247 537 384 607 synodum
394 536 517 610 generali
529 536 592 606 jure
606 536 768 611 gerendam,

122 624 161 678 tu
172 639 253 696 quam
268 623 381 680 festinet
393 625 470 680 nullo
486 624 787 696 impedicutereteutus

122 714 246 770 Pondere
262 715 385 783 desidiae,
400 716 514 771 uberius
528 715 610 771 simul
624 715 717 772 omnia
731 723 858 784 tractent,

122 809 186 875 Quas
201 810 342 866 tractanda
354 809 443 865 aient:
458 811 570 866 oracula
581 811 682 866 clarius
701 811 794 866 edant.

124 900 274 956 Barbaricas
286 900 378 976 gentis
392 900 454 973 quis
469 901 597 958 Francioa
613 917 697 975 regna
711 901 842 974 procellis

121 992 287 1062 l'urbantur,
304 994 419 1050 nimium
434 993 529 1050 dolet:
554 1002 637 1067 alque
651 1005 682 1051 ut
696 996 809 1052 dextera
823 1013 929 1052 summa

123 1083 174 1139 llas
190 1085 331 1157 reprimat,
344 1100 488 1156 prooemm
505 1084 603 1142 Christi
617 1085 746 1161 suffragia
760 1088 857 1158 poscit.

159 1173 273 1228 Privatae
285 1173 354 1247 legia
368 1173 522 1229 munimine
534 1176 596 1244 iura
611 1176 696 1247 petita

125 1263 253 1319 llemenai
268 1262 321 1319 tert
334 1263 463 1320 Ecclesiae
479 1265 625 1322 retinenda
640 1268 776 1335 docendo,

124 1359 160 1412 dc
174 1355 348 1427 prohibendo
359 1355 447 1425 nefas,
458 1374 492 1413 ue
507 1359 726 1431 quispraesumat
740 1363 835 1434 inique

123 1450 273 1505 dttrectare
288 1449 373 1504 sacris
388 1464 515 1521 possessa
525 1460 572 1507 aut
586 1452 698 1508 demere
713 1470 791 1509 cassa
806 1454 850 1509 ³⁰¹.

125 1537 258 1610 Nullaque
273 1537 447 1609 pontificum,
463 1555 570 1613 regum,
591 1543 757 1599 comitumve
776 1552 899 1615 potestas

124 1629 222 1684 illicite
234 1645 381 1700 usurpans,
397 1631 526 1701 proprios
540 1631 662 1690 inflectat
673 1635 700 1689 in
716 1651 782 1690 usus

125 1719 191 1784 Quae
201 1728 266 1776 suut
275 1719 416 1787 Ecclesia,
427 1736 510 1792 quam
524 1723 642 1793 praesule
656 1725 726 1781 torte
735 1735 878 1783 vacantem

83 1865 87 1873 ,
127 1813 220 1867 Nullus
234 1822 265 1869 ut
282 1815 404 1877 invadat,
417 1815 569 1871 violentum
584 1817 687 1888 aspiret
700 1818 728 1872 iu
743 1834 858 1875 ausum:

126 1904 180 1959 Nec
195 1903 248 1958 nisi
261 1905 400 1977 condigno
413 1907 512 1976 praesul
527 1911 660 1963 statuatur
675 1908 791 1974 honore;

126 1992 282 2061 Pontifices,
298 2010 389 2067 reges,
405 1995 506 2064 clerus,
521 1997 703 2071 subiectaque
718 2001 815 2071 plebes

127 2085 299 2150 Provideant.
313 2098 445 2159 operante
460 2090 516 2145 lleo
535 2098 565 2147 ut
579 2091 650 2149 bene
664 2094 764 2150 tradita
776 2104 896 2164 servent,

126 2174 310 2247 Amplilioent,
324 2176 466 2246 decorent,
482 2182 719 2250 superamercede
735 2194 897 2262 propagent.

127 2265 293 2336 llispositum
308 2266 392 2342 digne
404 2271 547 2340 praemisso
562 2274 680 2342 praesule
691 2274 838 2349 quisquam

126 2357 185 2412 Non
196 2357 322 2413 mutilare
336 2358 432 2427 decus,
448 2375 504 2417 uon
516 2361 662 2421 immutare
676 2366 832 2424 subintret:

129 2447 229 2502 Usibus
243 2455 271 2502 at
284 2457 415 2506 maneant
429 2467 569 2509 servorum
586 2456 680 2513 dedita
693 2458 793 2515 Christi

126 2535 236 2611 lutegra
248 2538 384 2608 pontifici,
397 2540 490 2614 dignis
500 2545 640 2601 tractanda
655 2547 798 2607 ministris.

131 2626 194 2681 llaec
207 2632 301 2682 contra
311 2628 439 2701 quisquis
453 2635 658 2705 praesumpserit
672 2646 732 2692 acta
747 2639 851 2706 venire,

130 2716 176 2771 llis
190 2732 221 2772 se
235 2718 395 2776 mulctatum
411 2721 488 2778 scitis
501 2726 677 2783 anathemate
698 2730 771 2785 norit
785 2746 793 2787 :

129 2813 259 2869 Servatur
267 2814 350 2871 vitam
365 2826 503 2875 mereatur
514 2821 617 2878 habere
632 2839 793 2896 perennem.

166 2902 258 2959 Rebus
275 2905 425 2976 luennaci,
439 2925 523 2981 super
534 2912 598 2968 almi
615 2925 642 2971 et
649 2915 712 2985 jure
722 2915 845 2984 delicti,

129 2993 195 3050 l'um
209 2996 320 3053 decreta
334 3001 392 3070 pari
403 3003 529 3074 prouexit
541 3005 640 3062 robore
655 3006 730 3064 iulta.

166 3083 385 3158 Praetereaquod
398 3099 571 3162 compererat
584 3110 634 3165 per
648 3096 727 3152 devia
740 3099 874 3170 quosdam

131 3173 294 3233 Pontificum
309 3176 385 3247 terri,
401 3181 566 3257 populisque
576 3187 702 3259 exempla
711 3189 800 3245 ruinae

132 3262 246 3333 Dedere,
262 3272 290 3320 et
301 3265 451 3339 increpitos
463 3286 518 3327 uon
531 3272 615 3346 digna
628 3277 784 3347 rependere
799 3278 903 3346 suasis;

131 3351 202 3417 Quin
217 3359 244 3409 et
258 3353 395 3412 deteriora
409 3360 500 3432 sequi,
515 3377 568 3418 nec
581 3363 641 3420 dira
656 3381 753 3424 cavere
768 3386 776 3423 ε

131 3443 188 3499 Non
201 3445 263 3502 sine
277 3463 308 3503 se
324 3464 440 3508 moerore
452 3455 529 3528 gravi
548 3457 667 3514 tolerare
683 3459 793 3517 fatetur.

131 3539 170 3594 td
182 3556 278 3610 paoem
297 3542 418 3601 inritans
430 3548 606 3625 exstinguere
616 3554 747 3610 scandala
758 3558 868 3629 quaerit,

132 3631 295 3690 Pontificum
309 3634 380 3692 iustu
395 3637 517 3696 Christus
531 3644 597 3715 quia
606 3646 738 3704 temnitur
749 3658 817 3708 atro.

132 3721 231 3779 Noster
243 3733 271 3780 et
280 3727 395 3784 antistes
408 3729 493 3800 dolet,
502 3735 603 3810 arguit,
615 3738 749 3810 increpat,
764 3740 851 3814 angit.

134 3816 210 3874 Unda
225 3833 343 3879 monens
356 3825 468 3883 mandat
475 3827 588 3897 junctos
603 3831 676 3890 hunc
689 3848 789 3912 cogere
801 3836 904 3901 Patres,

133 3905 220 3978 Atque
230 3908 300 3966 alios
313 3913 403 3969 accire
414 3915 528 3986 probos,
539 3919 706 3994 decretaque
720 3923 791 4000 legia

134 3993 257 4051 Pandere
270 3998 379 4067 diuinae,
399 4005 535 4074 synodum
555 4008 696 4066 celebrare
709 4011 803 4087 vigore

135 4083 216 4142 Cesso
231 4087 267 4122 ³⁶¹
278 4089 350 4158 juris
360 4096 504 4165 apostolici
519 4095 673 4157 mu‘uimine
689 4102 797 4171 tultam,

88 4251 95 4261 .
133 4171 218 4228 Noxia
233 4175 362 4234 vellendo
373 4182 515 4256 gregibus,
531 4187 672 4255 profutura
686 4191 814 4248 serendo.

134 4265 166 4317 tt
179 4265 202 4318 si
217 4266 285 4338 quid
300 4265 384 4325 luerit
399 4289 533 4342 perversae
546 4277 603 4332 litis
617 4278 746 4336 ohortum
761 4299 768 4349 ;

136 4353 262 4410 Praesulia
271 4358 523 4419 eximiisorteutur
536 4367 701 4443 cognitioni,

137 4447 223 4503 llante
238 4449 294 4505 lleo
310 4452 426 4527 dignum
441 4456 550 4515 valeant
564 4470 594 4517 ut
606 4478 716 4520 sumere
728 4465 823 4524 tinem.

136 4538 184 4593 Cui
195 4554 225 4594 se
236 4542 353 4600 concilio
364 4551 452 4603 tentet
465 4549 622 4610 subducere
637 4572 730 4627 namo,

136 4627 264 4702 Quisquis
277 4636 422 4705 apostolici
436 4654 551 4698 consors
564 4646 641 4716 cupit
654 4663 717 4705 esse
732 4648 842 4707 lavans.

175 4720 311 4779 Bellorum
324 4734 416 4784 motus
429 4746 480 4801 per
490 4733 621 4792 Francioa
636 4753 720 4811 regna
730 4757 872 4808 coercens,

137 4812 373 4875 Primatesmonet
388 4821 516 4881 Ecclesiae
530 4836 636 4885 certare
652 4830 757 4901 labore,

137 4902 231 4961 Totius
243 4923 316 4964 curat
331 4913 460 4971 madeant
472 4933 506 4972 ne
521 4935 605 4996 regna
617 4938 725 4990 cruore,

137 4995 307 5056 christicole
323 5017 403 5076 reges
416 5005 531 5065 bellisve
545 5020 686 5068 armentur
699 5015 811 5089 iniquis.

138 5089 483 5163 dttrectareneiasaliena,
500 5101 632 5161 invadere
646 5117 765 5164 cessent.

139 5180 213 5236 llella
226 5197 401 5254 soporentur.
419 5195 568 5251 commotio
582 5212 653 5252 saeva
668 5207 817 5268 prematur.

138 5267 206 5322 llum
223 5270 307 5328 Roma
323 5276 403 5333 Folco
416 5280 521 5347 redeat,
533 5299 585 5353 pax
599 5293 707 5357 sceptra
718 5289 864 5364 gubernet.

174 5359 339 5421 llaceadem
355 5371 503 5428 exhortans
522 5375 556 5429 ad
572 5393 667 5447 paoem
682 5378 779 5435 scribit
792 5379 891 5446 Odoni,

137 5449 176 5506 Ne
192 5452 316 5511 Gerulum
331 5470 428 5517 contre
442 5464 544 5521 bellum
554 5478 697 5527 moveatur
710 5470 846 5544 iniquum.

680 5596 813 5654 GLOSSAE
827 5593 1038 5654 utnullttllls
1058 5588 1260 5648 utulttutttl.

176 5687 209 5722 ³⁰¹
225 5701 367 5748 concaua.
410 5693 598 5754 ⁸⁰²ooacesso.
640 5698 826 5772 ³⁰³episcopo.
861 5699 896 5735 ⁸⁰⁸
910 5693 1075 5754 damnabili.

980 446 1088 502 Externi
1103 461 1164 518 quae
1174 453 1239 501 suut
1248 444 1331 514 juris,
1346 445 1519 518 cupidusque
1533 446 1639 517 rapinis

978 534 1131 601 abstineat,
1146 534 1334 591 vitansrectos
1343 533 1539 590 transcendere
1554 534 1640 590 calles

979 626 1043 690 Quae
1063 623 1179 680 llomino
1189 625 1316 696 placeant
1330 623 1424 680 solerti
1435 631 1528 680 mente
1544 631 1687 690 retractet,

979 721 1047 774 Ante
1062 719 1157 774 oculos
1171 726 1295 774 statuens
1307 717 1427 787 ejussub
1442 734 1537 775 amore
1550 719 1692 774 timorem.

1016 810 1085 865 Pace
1097 809 1248 866 laborantis
1262 808 1443 884 congaudens
1459 811 1588 882 praesulis
1601 811 1674 866 actis

979 903 1117 959 Admonet
1131 901 1263 958 hiscauto
1278 899 1424 957 Polconem
1437 902 1565 958 insistere
1580 902 1656 966 uisu,

980 996 1033 1052 Pax
1046 994 1119 1051 odiis
1138 1009 1173 1048 ne
1182 992 1340 1049 inconsulte
1355 992 1471 1065 quaesita
1485 992 1616 1059 facessat,

982 1087 1067 1160 Regia
1082 1102 1135 1141 neu
1151 1084 1219 1141 celsi
1233 1084 1344 1160 generis
1357 1083 1477 1140 scintilla
1492 1090 1608 1139 teratur.

982 1179 1104 1234 Crimina
1116 1176 1279 1249 sceptrigeri
1294 1175 1423 1247 prudenti
1437 1176 1558 1232 arcenda
1568 1175 1702 1240 medella,

984 1266 1118 1340 Regmine
1133 1281 1182 1336 pro
1195 1265 1273 1339 regni
1286 1279 1322 1319 ne
1336 1264 1455 1335 pessima
1470 1263 1601 1319 scaudala
1615 1272 1732 1336 surgant

1018 1357 1129 1414 Hortatu
1138 1355 1264 1411 Carolum
1280 1354 1375 1410 solans
1389 1362 1528 1428 gratanter
1540 1356 1673 1420 honorat,

983 1448 1111 1503 Gaudetis
1125 1446 1198 1502 hunc
1217 1445 1312 1517 patriae
1332 1455 1491 1518 provectum
1505 1447 1629 1502 culmine
1642 1445 1721 1502 sedis

985 1539 1072 1608 Atque
1085 1543 1182 1608 petens
1198 1534 1303 1590 Christo
1316 1535 1446 1606 placitum
1464 1550 1515 1606 per
1529 1545 1657 1606 tempora
1670 1535 1751 1607 longa

986 1626 1114 1702 Crescere
1122 1625 1240 1697 justitia,
1255 1624 1369 1695 pietate,
1379 1630 1408 1679 et
1421 1624 1482 1680 luce
1497 1623 1616 1695 sophiae.

946 1691 970 1758 Β
984 1723 1021 1777 do
1036 1727 1131 1777 monet
1145 1731 1174 1775 ut
1184 1719 1331 1776 [lominum
1342 1720 1434 1775 cordis
1446 1736 1503 1790 prae
1514 1718 1621 1774 lumine
1636 1724 1733 1790 ponat,

983 1811 1109 1867 tussibus
1120 1809 1208 1882 ipsius
1222 1810 1287 1865 totis
1298 1809 1444 1865 conatibus
1459 1811 1576 1864 haercns.

984 1900 1083 1972 biligat
1093 1908 1121 1955 et
1132 1906 1292 1969 servetque
1303 1898 1379 1968 justa
1393 1913 1426 1953 ao
1439 1905 1515 1952 recta
1530 1894 1660 1968 probarit

984 1993 1135 2050 admoveat
1142 1993 1225 2063 iustis
1238 2009 1342 2058 aurem,
1354 1992 1472 2048 divertat
1487 1990 1602 2064 iniquis.

984 2085 1025 2140 Sit
1034 2085 1135 2141 virtute
1146 2085 1242 2151 animi,
1253 2083 1346 2140 carnis
1360 2083 1533 2155 praestantior
1543 2098 1609 2145 usu,

986 2173 1158 2244 corporisne
1172 2172 1274 2229 mentis
1284 2172 1379 2228 hostes
1393 2178 1422 2226 ut
1432 2179 1557 2226 sternere
1574 2170 1674 2243 possit,

985 2263 1020 2318 Se
1035 2278 1146 2336 quoque
1160 2278 1222 2334 quaa
1236 2261 1325 2319 ualeat
1339 2260 1482 2333 spondeus
1493 2269 1645 2335 augmenta
1659 2259 1774 2315 datumm

986 2358 1088 2415 Panem
1104 2373 1151 2427 oro
1166 2365 1245 2432 gralo
1261 2355 1439 2413 benedictum
1455 2371 1570 2412 munere
1582 2356 1666 2428 legat,

986 2448 1137 2513 Quaesierat
1150 2446 1267 2520 geminae
1280 2461 1363 2518 quem
1380 2460 1427 2499 rex
1441 2443 1493 2500 sub
1510 2444 1577 2500 dote
1591 2444 1699 2499 salutis.

986 2539 1105 2595 solertes
1116 2553 1178 2593 cum
1189 2537 1253 2610 quis
1261 2542 1412 2592 tractentur
1422 2534 1571 2591 commoda
1581 2534 1705 2600 mandat,

987 2635 1073 2690 lmmo
1085 2634 1258 2690 sacerdotem
1271 2632 1418 2688 Polconem
1438 2632 1472 2687 ad
1485 2630 1551 2686 talia
1566 2631 1667 2696 mittat,

987 2725 1071 2794 Cuius
1086 2725 1209 2781 consiliis
1224 2724 1342 2780 utillima
1354 2738 1473 2796 quiaque
1482 2722 1577 2778 decori

990 2820 1119 2884 Eduntur,
1135 2819 1209 2893 regis
1224 2817 1561 2875 cumulandietculminis
1575 2823 1649 2888 apta.

1026 2908 1211 2972 Quorumdam
1227 2906 1344 2978 querulo
1365 2906 1482 2961 nimium
1501 2905 1625 2961 clamore
1638 2904 1739 2976 petitus.

991 2999 1090 3057 Urbem
1106 2999 1220 3072 indigua
1232 2998 1287 3069 pati
1304 2997 1441 3069 queritur,
1455 2997 1601 3069 metuique
1614 2996 1739 3052 clientes:

990 3090 1127 3148 sedandis
1141 3090 1243 3163 quibus
1253 3090 1384 3146 exhibeat
1397 3106 1428 3146 se
1444 3089 1524 3145 Polou
1541 3089 1673 3161 reposcit.

989 3185 1134 3257 Comperto
1148 3183 1259 3239 tandem
1275 3183 1299 3238 is
1310 3183 1369 3238 veri
1383 3182 1576 3238 moderamine
1593 3182 1702 3252 presul,

989 3276 1073 3341 Quam
1089 3275 1124 3331 sit
1138 3273 1299 3345 apostolicis
1314 3271 1395 3331 fidus¹
1410 3289 1492 3344 quam
1504 3271 1633 3342 jussibus
1647 3273 1737 3326 ardeus
1746 3284 1753 3337 ;

989 3364 1088 3419 Parere
1099 3362 1228 3418 aethereis
1241 3361 1355 3436 gaudet,
1371 3371 1520 3435 gratesque
1536 3360 1678 3431 rependit,

991 3458 1139 3531 spondens
1149 3474 1180 3514 se
1194 3456 1335 3530 inquibus
1350 3455 1479 3526 expediat
1491 3454 1618 3526 praebere
1629 3453 1777 3525 benignum:

992 3547 1076 3616 liuius
1090 3554 1118 3602 et
1131 3547 1165 3600 ad
1180 3553 1274 3603 votum
1286 3560 1381 3616 regum
1395 3543 1533 3616 pressisse
1543 3542 1677 3598 duellum.

992 3637 1158 3693 Praesulibus
1170 3635 1284 3712 regique
1296 3635 1360 3692 ideo
1372 3634 1503 3690 mandata
1517 3632 1644 3700 dedisse,

991 3724 1086 3780 Tutius
1098 3724 1159 3796 ipse
1174 3723 1247 3780 Petri
1260 3723 1350 3779 valeat
1363 3738 1419 3795 quo
1433 3722 1522 3778 visere
1533 3721 1641 3777 sedem.

1029 3817 1105 3873 llunc
1117 3830 1229 3888 quoque
1242 3815 1334 3873 fratris
1346 3816 1451 3872 honore
1467 3815 1574 3882 coleos,
1583 3814 1714 3885 specialia
1725 3813 1782 3888 legat

993 3904 1084 3960 llunla
1098 3906 1254 3972 charorum,
1270 3905 1413 3960 tutandum
1429 3902 1519 3975 poscit
1531 3902 1678 3966 honorem,

992 3997 1126 4054 scaudala
1141 4007 1292 4070 proterere,
1307 4004 1334 4052 ot
1348 3997 1425 4068 pacis
1438 4002 1606 4052 connectere
1621 3993 1722 4050 vincla:

993 4089 1110 4144 Prenare
1120 4086 1294 4158 implacidos,
1308 4087 1382 4142 etad
1395 4086 1494 4141 almam
1509 4100 1613 4160 cogere
1624 4096 1727 4156 pacem,

994 4180 1079 4252 ldquc
1093 4179 1165 4236 Petri
1180 4182 1264 4235 latum
1279 4177 1347 4234 iidat
1361 4178 1415 4234 sihi
1429 4193 1547 4233 munere
1561 4177 1678 4244 donum,

993 4271 1168 4328 lambertum
1184 4274 1346 4343 Augustum,
1363 4269 1489 4327 Falconis
1502 4284 1588 4324 carue
1604 4267 1781 4340 propinquum

951 4372 981 4441 D
996 4362 1028 4418 Ut
1041 4361 1182 4433 proprium
1197 4375 1227 4416 se
1241 4358 1323 4415 tutari
1337 4358 1471 4415 solamine
1487 4363 1581 4412 natum

995 4455 1170 4530 significans,
1185 4455 1287 4510 nostris
1298 4452 1453 4525 gratissima
1468 4451 1597 4524 praesulis
1610 4449 1688 4506 offert

996 4548 1073 4613 Vota,
1087 4545 1190 4617 quibus
1204 4543 1275 4600 Petri
1292 4548 1438 4598 teneratur
1453 4542 1559 4598 honore
1574 4539 1737 4595 cathedram.

1031 4642 1185 4714 Sacrilegos
1200 4638 1334 4712 quosdam
1350 4637 1449 4693 sacrati
1465 4636 1597 4692 culminis
1607 4640 1681 4691 atros

997 4733 1150 4805 liarptores,
1162 4730 1262 4789 summi
1270 4730 1370 4800 capitis
1386 4728 1540 4785 clarissima
1553 4724 1678 4782 membra

995 4827 1162 4881 Attamerarc
1173 4838 1264 4887 ausos,
1279 4821 1463 4877 anathematis
1477 4835 1545 4875 ense
1560 4818 1665 4873 recisos

995 4915 1155 4982 Notilicans,
1178 4920 1275 4970 monet
1290 4914 1362 4968 hunc
1384 4913 1472 4967 nodos
1484 4910 1578 4983 dignae
1596 4907 1697 4963 addere
1710 4903 1779 4958 multu

995 5003 1161 5079 sceptrigeri
1177 5016 1289 5074 quoque
1304 4999 1413 5074 cognati
1428 5016 1477 5070 pro
1491 4998 1617 5055 culmine
1628 5000 1712 5052 certet

996 5102 1096 5173 Sicque
1111 5098 1248 5155 Purisiaco
1263 5098 1358 5171 legans
1376 5094 1505 5151 mandata
1516 5100 1633 5166 patrono
1647 5090 1681 5126 ’ω

998 5191 1051 5247 llos
1065 5186 1232 5244 dnscherico
1247 5192 1326 5243 notat
1337 5200 1399 5240 esse
1413 5183 1528 5239 omnino
1542 5179 1689 5246 cavendos,

997 5283 1033 5338 dc
1048 5280 1159 5337 rtunda
1169 5278 1241 5352 nigri
1257 5276 1465 5334 consortiadira
1480 5273 1591 5329 luroris.

1033 5371 1181 5427 Ecclesiam
1191 5369 1284 5424 solans
1298 5370 1436 5423 Senonum
1454 5373 1562 5438 pastore
1578 5370 1727 5436 gementem

998 5467 1111 5523 Addicto
1125 5463 1250 5530 latebris,
1265 5461 1422 5517 damnando
1437 5461 1472 5494 ³⁰⁸
1484 5458 1609 5514 criminis
1623 5470 1712 5512 ausu:
