<?xml version="1.0" encoding="UTF-8"?>
<!DOCTYPE html PUBLIC "-//W3C//DTD XHTML 1.0 Transitional//EN"
    "http://www.w3.org/TR/xhtml1/DTD/xhtml1-transitional.dtd">
<html xmlns="http://www.w3.org/1999/xhtml" xml:lang="en" lang="en">
 <head>
  <title>
</title>
<meta http-equiv="Content-Type" content="text/html;charset=utf-8" />
  <meta name='ocr-system' content='tesseract 3.04.00' />
  <meta name='ocr-capabilities' content='ocr_page ocr_carea ocr_par ocr_line ocrx_word'/>
</head>
<body>
  <div class='ocr_page' id='page_1' title='image "./patrologiaecurs08migngoog/patrologiaecurs08migngoog_0099.png"; bbox 0 0 3840 6106; ppageno 0'>
   <div class='ocr_carea' id='block_1_1' title="bbox 124 241 1780 302">
    <p class='ocr_par' dir='ltr' id='par_1_1' title="bbox 124 241 1780 302">
     <span class='ocr_line' id='line_1_1' title="bbox 124 241 1780 302; baseline 0.001 -2"><span class='ocrx_word' id='word_1_1' title='bbox 124 244 176 300; x_wconf 78' lang='grc'>187</span> <span class='ocrx_word' id='word_1_2' title='bbox 684 243 866 301; x_wconf 70' lang='lat' dir='ltr'>mouoauot</span> <span class='ocrx_word' id='word_1_3' title='bbox 887 241 1038 299; x_wconf 79' lang='lat' dir='ltr'>oauoulct</span> <span class='ocrx_word' id='word_1_4' title='bbox 1060 242 1222 300; x_wconf 76' lang='lat' dir='ltr'>aautusrs</span> <span class='ocrx_word' id='word_1_5' title='bbox 1730 246 1780 302; x_wconf 82' lang='grc'>188</span> 
     </span>
    </p>
   </div>
   <div class='ocr_carea' id='block_1_2' title="bbox 52 367 1796 4884">
    <p class='ocr_par' dir='ltr' id='par_1_2' title="bbox 52 367 1796 4884">
     <span class='ocr_line' id='line_1_2' title="bbox 120 367 1783 441; baseline 0.001 -18"><span class='ocrx_word' id='word_1_6' title='bbox 120 368 277 437; x_wconf 76' lang='lat' dir='ltr'>dissideret,</span> <span class='ocrx_word' id='word_1_7' title='bbox 289 375 438 441; x_wconf 78' lang='lat' dir='ltr'>sequentes</span> <span class='ocrx_word' id='word_1_8' title='bbox 448 367 751 440; x_wconf 82' lang='lat' dir='ltr'>etpraeceptillominici</span> <span class='ocrx_word' id='word_1_9' title='bbox 758 368 923 438; x_wconf 81' lang='lat' dir='ltr'>jussionem,</span> <span class='ocrx_word' id='word_1_10' title='bbox 939 367 1145 440; x_wconf 67' lang='lat' dir='ltr'>Adispliceret.</span> <span class='ocrx_word' id='word_1_11' title='bbox 1158 367 1254 425; x_wconf 86' lang='lat' dir='ltr'>hierito</span> <span class='ocrx_word' id='word_1_12' title='bbox 1278 384 1399 441; x_wconf 88' lang='lat' dir='ltr'>namquo</span> <span class='ocrx_word' id='word_1_13' title='bbox 1414 384 1496 425; x_wconf 89' lang='lat' dir='ltr'>causa</span> <span class='ocrx_word' id='word_1_14' title='bbox 1510 383 1562 425; x_wconf 92' lang='lat' dir='ltr'>nos</span> <span class='ocrx_word' id='word_1_15' title='bbox 1574 368 1701 440; x_wconf 79' lang='lat' dir='ltr'><strong>respicit,</strong></span> <span class='ocrx_word' id='word_1_16' title='bbox 1712 369 1735 424; x_wconf 90' lang='lat' dir='ltr'>si</span> <span class='ocrx_word' id='word_1_17' title='bbox 1744 370 1783 424; x_wconf 90' lang='lat' dir='ltr'>si-</span> 
     </span>
     <span class='ocr_line' id='line_1_3' title="bbox 119 455 1362 531; baseline -0.006 -15"><span class='ocrx_word' id='word_1_18' title='bbox 119 467 148 517; x_wconf 90' lang='lat' dir='ltr'>et</span> <span class='ocrx_word' id='word_1_19' title='bbox 162 460 341 516; x_wconf 80' lang='lat' dir='ltr'>Christianam</span> <span class='ocrx_word' id='word_1_20' title='bbox 351 460 585 531; x_wconf 75' lang='lat' dir='ltr'>predecessorum</span> <span class='ocrx_word' id='word_1_21' title='bbox 609 467 761 516; x_wconf 89' lang='lat' dir='ltr'>vestrorum</span> <span class='ocrx_word' id='word_1_22' title='bbox 777 465 924 518; x_wconf 91' lang='lat' dir='ltr'>consuetu·</span> <span class='ocrx_word' id='word_1_23' title='bbox 976 457 1062 512; x_wconf 87' lang='lat' dir='ltr'>lentio</span> <span class='ocrx_word' id='word_1_24' title='bbox 1077 455 1219 512; x_wconf 88' lang='lat' dir='ltr'>faveamus</span> <span class='ocrx_word' id='word_1_25' title='bbox 1234 457 1331 513; x_wconf 87' lang='lat' dir='ltr'>errori.</span> <span class='ocrx_word' id='word_1_26' title='bbox 1350 477 1362 509; x_wconf 79' lang='lat' dir='ltr'>u</span> 
     </span>
     <span class='ocr_line' id='line_1_4' title="bbox 120 548 1783 623; baseline 0.001 -20"><span class='ocrx_word' id='word_1_27' title='bbox 120 549 224 605; x_wconf 85' lang='lat' dir='ltr'>dinem.</span> <span class='ocrx_word' id='word_1_28' title='bbox 239 550 283 605; x_wconf 83' lang='lat' dir='ltr'>Est</span> <span class='ocrx_word' id='word_1_29' title='bbox 296 549 369 605; x_wconf 87' lang='lat' dir='ltr'>caim</span> <span class='ocrx_word' id='word_1_30' title='bbox 385 557 412 605; x_wconf 92' lang='lat' dir='ltr'>et</span> <span class='ocrx_word' id='word_1_31' title='bbox 424 548 526 605; x_wconf 87' lang='lat' dir='ltr'>divinis</span> <span class='ocrx_word' id='word_1_32' title='bbox 538 549 647 622; x_wconf 85' lang='lat' dir='ltr'>legibus</span> <span class='ocrx_word' id='word_1_33' title='bbox 660 557 781 616; x_wconf 89' lang='lat' dir='ltr'>cautum,</span> <span class='ocrx_word' id='word_1_34' title='bbox 791 554 818 604; x_wconf 90' lang='lat' dir='ltr'>et</span> <span class='ocrx_word' id='word_1_35' title='bbox 833 549 924 620; x_wconf 90' lang='lat' dir='ltr'>prisco</span> <span class='ocrx_word' id='word_1_36' title='bbox 1010 548 1065 604; x_wconf 88' lang='lat' dir='ltr'>llos</span> <span class='ocrx_word' id='word_1_37' title='bbox 1080 556 1171 603; x_wconf 73' lang='lat' dir='ltr'>umen</span> <span class='ocrx_word' id='word_1_38' title='bbox 1182 548 1286 617; x_wconf 87' lang='lat' dir='ltr'>plures,</span> <span class='ocrx_word' id='word_1_39' title='bbox 1300 548 1348 620; x_wconf 93' lang='lat' dir='ltr'>qui</span> <span class='ocrx_word' id='word_1_40' title='bbox 1364 563 1459 605; x_wconf 92' lang='lat' dir='ltr'>eorum</span> <span class='ocrx_word' id='word_1_41' title='bbox 1473 557 1501 605; x_wconf 90' lang='lat' dir='ltr'>et</span> <span class='ocrx_word' id='word_1_42' title='bbox 1513 548 1607 623; x_wconf 64' lang='lat' dir='ltr'>{fidem</span> <span class='ocrx_word' id='word_1_43' title='bbox 1629 555 1658 605; x_wconf 95' lang='lat' dir='ltr'>et</span> <span class='ocrx_word' id='word_1_44' title='bbox 1678 549 1783 605; x_wconf 90' lang='lat' dir='ltr'>doctri-</span> 
     </span>
     <span class='ocr_line' id='line_1_5' title="bbox 120 639 1783 715; baseline 0.001 -20"><span class='ocrx_word' id='word_1_45' title='bbox 120 641 287 696; x_wconf 89' lang='lat' dir='ltr'>anteriorum</span> <span class='ocrx_word' id='word_1_46' title='bbox 298 642 453 713; x_wconf 85' lang='lat' dir='ltr'>principum</span> <span class='ocrx_word' id='word_1_47' title='bbox 476 656 553 697; x_wconf 89' lang='lat' dir='ltr'>more</span> <span class='ocrx_word' id='word_1_48' title='bbox 567 648 687 710; x_wconf 89' lang='lat' dir='ltr'>suetum,</span> <span class='ocrx_word' id='word_1_49' title='bbox 702 648 731 698; x_wconf 90' lang='lat' dir='ltr'>ut</span> <span class='ocrx_word' id='word_1_50' title='bbox 746 644 924 715; x_wconf 91' lang='lat' dir='ltr'>quotiescun·</span> <span class='ocrx_word' id='word_1_51' title='bbox 975 656 1037 695; x_wconf 87' lang='lat' dir='ltr'>nam</span> <span class='ocrx_word' id='word_1_52' title='bbox 1053 647 1080 695; x_wconf 92' lang='lat' dir='ltr'>et</span> <span class='ocrx_word' id='word_1_53' title='bbox 1090 639 1264 711; x_wconf 89' lang='lat' dir='ltr'>prudentiam</span> <span class='ocrx_word' id='word_1_54' title='bbox 1289 641 1426 707; x_wconf 90' lang='lat' dir='ltr'>novimus,</span> <span class='ocrx_word' id='word_1_55' title='bbox 1441 641 1533 696; x_wconf 90' lang='lat' dir='ltr'>miuus</span> <span class='ocrx_word' id='word_1_56' title='bbox 1558 641 1586 696; x_wconf 93' lang='lat' dir='ltr'>in</span> <span class='ocrx_word' id='word_1_57' title='bbox 1611 641 1651 698; x_wconf 92' lang='lat' dir='ltr'>eis</span> <span class='ocrx_word' id='word_1_58' title='bbox 1668 642 1783 697; x_wconf 88' lang='lat' dir='ltr'>islano-</span> 
     </span>
     <span class='ocr_line' id='line_1_6' title="bbox 121 731 1784 810; baseline 0.001 -25"><span class='ocrx_word' id='word_1_59' title='bbox 121 747 174 804; x_wconf 92' lang='lat' dir='ltr'>que</span> <span class='ocrx_word' id='word_1_60' title='bbox 191 732 217 786; x_wconf 93' lang='lat' dir='ltr'>in</span> <span class='ocrx_word' id='word_1_61' title='bbox 232 733 368 789; x_wconf 86' lang='lat' dir='ltr'>calholica</span> <span class='ocrx_word' id='word_1_62' title='bbox 394 733 458 792; x_wconf 91' lang='lat' dir='ltr'>lide.</span> <span class='ocrx_word' id='word_1_63' title='bbox 475 733 517 789; x_wconf 93' lang='lat' dir='ltr'>vel</span> <span class='ocrx_word' id='word_1_64' title='bbox 533 734 626 790; x_wconf 91' lang='lat' dir='ltr'>divina</span> <span class='ocrx_word' id='word_1_65' title='bbox 641 735 775 810; x_wconf 90' lang='lat' dir='ltr'>religione</span> <span class='ocrx_word' id='word_1_66' title='bbox 790 736 920 808; x_wconf 84' lang='lat' dir='ltr'>quiddam</span> <span class='ocrx_word' id='word_1_67' title='bbox 974 731 1116 789; x_wconf 90' lang='lat' dir='ltr'>scentibus</span> <span class='ocrx_word' id='word_1_68' title='bbox 1135 733 1302 788; x_wconf 81' lang='lat' dir='ltr'>sententiam</span> <span class='ocrx_word' id='word_1_69' title='bbox 1332 748 1381 803; x_wconf 93' lang='lat' dir='ltr'>pro</span> <span class='ocrx_word' id='word_1_70' title='bbox 1396 732 1573 789; x_wconf 80' lang='lat' dir='ltr'>dissensione</span> <span class='ocrx_word' id='word_1_71' title='bbox 1601 732 1733 805; x_wconf 84' lang='lat' dir='ltr'>baptismi</span> <span class='ocrx_word' id='word_1_72' title='bbox 1750 732 1784 788; x_wconf 91' lang='lat' dir='ltr'>de</span> 
     </span>
     <span class='ocr_line' id='line_1_7' title="bbox 121 821 1784 899; baseline 0 -21"><span class='ocrx_word' id='word_1_73' title='bbox 121 824 184 879; x_wconf 90' lang='lat' dir='ltr'>novi</span> <span class='ocrx_word' id='word_1_74' title='bbox 199 826 352 892; x_wconf 79' lang='lat' dir='ltr'>emerserit,</span> <span class='ocrx_word' id='word_1_75' title='bbox 374 842 390 881; x_wconf 93' lang='lat' dir='ltr'>a</span> <span class='ocrx_word' id='word_1_76' title='bbox 419 826 562 897; x_wconf 90' lang='lat' dir='ltr'>principali</span> <span class='ocrx_word' id='word_1_77' title='bbox 578 828 714 883; x_wconf 90' lang='lat' dir='ltr'>sententia</span> <span class='ocrx_word' id='word_1_78' title='bbox 730 828 922 899; x_wconf 89' lang='lat' dir='ltr'>episcoporum</span> <span class='ocrx_word' id='word_1_79' title='bbox 973 825 1055 880; x_wconf 89' lang='lat' dir='ltr'>beato</span> <span class='ocrx_word' id='word_1_80' title='bbox 1070 821 1206 894; x_wconf 73' lang='lat' dir='ltr'>cypriano</span> <span class='ocrx_word' id='word_1_81' title='bbox 1220 839 1235 877; x_wconf 90' lang='lat' dir='ltr'>a</span> <span class='ocrx_word' id='word_1_82' title='bbox 1250 831 1344 879; x_wconf 89' lang='lat' dir='ltr'>sancto</span> <span class='ocrx_word' id='word_1_83' title='bbox 1359 823 1510 896; x_wconf 77' lang='lat' dir='ltr'>Augustino</span> <span class='ocrx_word' id='word_1_84' title='bbox 1523 824 1718 888; x_wconf 89' lang='lat' dir='ltr'>collaudatam,</span> <span class='ocrx_word' id='word_1_85' title='bbox 1732 840 1784 878; x_wconf 81' lang='lat' dir='ltr'>sae-</span> 
     </span>
     <span class='ocr_line' id='line_1_8' title="bbox 119 915 1783 989; baseline 0.001 -21"><span class='ocrx_word' id='word_1_86' title='bbox 119 915 255 970; x_wconf 87' lang='lat' dir='ltr'>consultui</span> <span class='ocrx_word' id='word_1_87' title='bbox 268 916 410 983; x_wconf 86' lang='lat' dir='ltr'>referatur,</span> <span class='ocrx_word' id='word_1_88' title='bbox 422 923 449 971; x_wconf 89' lang='lat' dir='ltr'>el</span> <span class='ocrx_word' id='word_1_89' title='bbox 463 918 537 988; x_wconf 91' lang='lat' dir='ltr'>quod</span> <span class='ocrx_word' id='word_1_90' title='bbox 553 934 647 974; x_wconf 92' lang='lat' dir='ltr'>eorum</span> <span class='ocrx_word' id='word_1_91' title='bbox 660 919 777 989; x_wconf 82' lang='lat' dir='ltr'>judicio,</span> <span class='ocrx_word' id='word_1_92' title='bbox 800 918 923 989; x_wconf 90' lang='lat' dir='ltr'>Scriplu-</span> <span class='ocrx_word' id='word_1_93' title='bbox 975 929 1129 988; x_wconf 90' lang='lat' dir='ltr'>penumero</span> <span class='ocrx_word' id='word_1_94' title='bbox 1161 917 1189 970; x_wconf 90' lang='lat' dir='ltr'>in</span> <span class='ocrx_word' id='word_1_95' title='bbox 1220 915 1291 971; x_wconf 92' lang='lat' dir='ltr'>libro</span> <span class='ocrx_word' id='word_1_96' title='bbox 1321 916 1649 988; x_wconf 89' lang='lat' dir='ltr'>sccundodeBaptismo</span> <span class='ocrx_word' id='word_1_97' title='bbox 1666 916 1783 988; x_wconf 88' lang='lat' dir='ltr'>positam</span> 
     </span>
     <span class='ocr_line' id='line_1_9' title="bbox 119 1006 1785 1081; baseline 0.003 -26"><span class='ocrx_word' id='word_1_98' title='bbox 119 1018 211 1056; x_wconf 92' lang='lat' dir='ltr'>rarum</span> <span class='ocrx_word' id='word_1_99' title='bbox 227 1011 383 1059; x_wconf 91' lang='lat' dir='ltr'>sanctarum</span> <span class='ocrx_word' id='word_1_100' title='bbox 401 1006 564 1062; x_wconf 88' lang='lat' dir='ltr'>auctoritate</span> <span class='ocrx_word' id='word_1_101' title='bbox 583 1015 611 1062; x_wconf 92' lang='lat' dir='ltr'>et</span> <span class='ocrx_word' id='word_1_102' title='bbox 637 1008 851 1064; x_wconf 85' lang='lat' dir='ltr'>orthodoxorum</span> <span class='ocrx_word' id='word_1_103' title='bbox 866 1020 923 1059; x_wconf 91' lang='lat' dir='ltr'>ma·</span> <span class='ocrx_word' id='word_1_104' title='bbox 977 1007 1182 1081; x_wconf 84' lang='lat' dir='ltr'>proposuimus.</span> <span class='ocrx_word' id='word_1_105' title='bbox 1201 1027 1212 1057; x_wconf 82' lang='grc' dir='ltr'>ι</span> <span class='ocrx_word' id='word_1_106' title='bbox 1233 1008 1375 1073; x_wconf 83' lang='lat' dir='ltr'>Quomodo</span> <span class='ocrx_word' id='word_1_107' title='bbox 1386 1007 1471 1074; x_wconf 91' lang='lat' dir='ltr'>euim,</span> <span class='ocrx_word' id='word_1_108' title='bbox 1483 1008 1573 1080; x_wconf 91' lang='lat' dir='ltr'>inquit</span> <span class='ocrx_word' id='word_1_109' title='bbox 1586 1009 1665 1076; x_wconf 75' lang='lat' dir='ltr'>(duc.</span> <span class='ocrx_word' id='word_1_110' title='bbox 1680 1008 1700 1062; x_wconf 87' lang='lat' dir='ltr'>l.</span> <span class='ocrx_word' id='word_1_111' title='bbox 1716 1025 1734 1061; x_wconf 93' lang='lat' dir='ltr'>u</span> <span class='ocrx_word' id='word_1_112' title='bbox 1753 1008 1785 1061; x_wconf 83' lang='lat' dir='ltr'>da</span> 
     </span>
     <span class='ocr_line' id='line_1_10' title="bbox 118 1090 1784 1167; baseline 0.005 -23"><span class='ocrx_word' id='word_1_113' title='bbox 118 1090 419 1162; x_wconf 89' lang='lat' dir='ltr'>gistrorumdootrina,</span> <span class='ocrx_word' id='word_1_114' title='bbox 448 1101 529 1166; x_wconf 89' lang='lat' dir='ltr'>atque</span> <span class='ocrx_word' id='word_1_115' title='bbox 562 1097 714 1151; x_wconf 90' lang='lat' dir='ltr'>secundum</span> <span class='ocrx_word' id='word_1_116' title='bbox 735 1094 927 1150; x_wconf 88' lang='lat' dir='ltr'>auctoritatem</span> <span class='ocrx_word' id='word_1_117' title='bbox 980 1100 1125 1167; x_wconf 72' lang='lat' dir='ltr'>Baptistae,</span> <span class='ocrx_word' id='word_1_118' title='bbox 1141 1112 1165 1153; x_wconf 88' lang='lat' dir='ltr'>c.</span> <span class='ocrx_word' id='word_1_119' title='bbox 1182 1098 1221 1164; x_wconf 77' lang='lat' dir='ltr'>ll,</span> <span class='ocrx_word' id='word_1_120' title='bbox 1238 1097 1391 1167; x_wconf 89' lang='lat' dir='ltr'>potuitiata</span> <span class='ocrx_word' id='word_1_121' title='bbox 1417 1113 1462 1153; x_wconf 87' lang='lat' dir='ltr'>res</span> <span class='ocrx_word' id='word_1_122' title='bbox 1475 1098 1559 1153; x_wconf 90' lang='lat' dir='ltr'>tantis</span> <span class='ocrx_word' id='word_1_123' title='bbox 1572 1097 1784 1154; x_wconf 89' lang='lat' dir='ltr'>altercationum</span> 
     </span>
     <span class='ocr_line' id='line_1_11' title="bbox 120 1184 1784 1259; baseline 0.001 -21"><span class='ocrx_word' id='word_1_124' title='bbox 120 1184 280 1239; x_wconf 89' lang='lat' dir='ltr'>canonicam</span> <span class='ocrx_word' id='word_1_125' title='bbox 297 1191 324 1241; x_wconf 90' lang='lat' dir='ltr'>el</span> <span class='ocrx_word' id='word_1_126' title='bbox 332 1186 442 1242; x_wconf 90' lang='lat' dir='ltr'>decreta</span> <span class='ocrx_word' id='word_1_127' title='bbox 451 1187 611 1259; x_wconf 87' lang='lat' dir='ltr'>pontificum</span> <span class='ocrx_word' id='word_1_128' title='bbox 630 1190 813 1244; x_wconf 83' lang='lat' dir='ltr'>Romanorum</span> <span class='ocrx_word' id='word_1_129' title='bbox 829 1185 928 1241; x_wconf 87' lang='lat' dir='ltr'>Christi</span> <span class='ocrx_word' id='word_1_130' title='bbox 978 1185 1088 1241; x_wconf 85' lang='lat' dir='ltr'>nebulis</span> <span class='ocrx_word' id='word_1_131' title='bbox 1108 1185 1230 1242; x_wconf 89' lang='lat' dir='ltr'>involuta</span> <span class='ocrx_word' id='word_1_132' title='bbox 1241 1185 1275 1240; x_wconf 93' lang='lat' dir='ltr'>ad</span> <span class='ocrx_word' id='word_1_133' title='bbox 1292 1185 1409 1257; x_wconf 82' lang='lat' dir='ltr'>plenarii</span> <span class='ocrx_word' id='word_1_134' title='bbox 1420 1185 1529 1242; x_wconf 90' lang='lat' dir='ltr'>concilii</span> <span class='ocrx_word' id='word_1_135' title='bbox 1543 1184 1712 1241; x_wconf 91' lang='lat' dir='ltr'>luculentam</span> <span class='ocrx_word' id='word_1_136' title='bbox 1721 1185 1784 1240; x_wconf 92' lang='lat' dir='ltr'>illu-</span> 
     </span>
     <span class='ocr_line' id='line_1_12' title="bbox 120 1272 1784 1352; baseline 0.005 -26"><span class='ocrx_word' id='word_1_137' title='bbox 120 1272 168 1327; x_wconf 85' lang='lat' dir='ltr'>ltei</span> <span class='ocrx_word' id='word_1_138' title='bbox 184 1274 270 1329; x_wconf 90' lang='lat' dir='ltr'>nostri</span> <span class='ocrx_word' id='word_1_139' title='bbox 286 1275 390 1342; x_wconf 91' lang='lat' dir='ltr'>vicarii,</span> <span class='ocrx_word' id='word_1_140' title='bbox 405 1283 432 1330; x_wconf 90' lang='lat' dir='ltr'>cl</span> <span class='ocrx_word' id='word_1_141' title='bbox 448 1284 549 1332; x_wconf 78' lang='lat' dir='ltr'>sanctae</span> <span class='ocrx_word' id='word_1_142' title='bbox 563 1277 624 1347; x_wconf 84' lang='lat' dir='ltr'>ejus</span> <span class='ocrx_word' id='word_1_143' title='bbox 640 1276 766 1333; x_wconf 79' lang='lat' dir='ltr'>Ecclesiae</span> <span class='ocrx_word' id='word_1_144' title='bbox 783 1276 928 1347; x_wconf 75' lang='lat' dir='ltr'>presules,</span> <span class='ocrx_word' id='word_1_145' title='bbox 979 1281 1141 1338; x_wconf 80' lang='lat' dir='ltr'>strationem</span> <span class='ocrx_word' id='word_1_146' title='bbox 1157 1280 1452 1352; x_wconf 81' lang='lat' dir='ltr'>confirmationemque</span> <span class='ocrx_word' id='word_1_147' title='bbox 1476 1280 1602 1351; x_wconf 85' lang='lat' dir='ltr'>perduci,</span> <span class='ocrx_word' id='word_1_148' title='bbox 1623 1279 1679 1335; x_wconf 91' lang='lat' dir='ltr'>nisi</span> <span class='ocrx_word' id='word_1_149' title='bbox 1694 1278 1784 1350; x_wconf 92' lang='lat' dir='ltr'>primo</span> 
     </span>
     <span class='ocr_line' id='line_1_13' title="bbox 120 1364 1784 1444; baseline 0.003 -25"><span class='ocrx_word' id='word_1_150' title='bbox 120 1364 300 1432; x_wconf 91' lang='lat' dir='ltr'>credendum,</span> <span class='ocrx_word' id='word_1_151' title='bbox 312 1368 496 1438; x_wconf 91' lang='lat' dir='ltr'>sequendum,</span> <span class='ocrx_word' id='word_1_152' title='bbox 513 1375 539 1423; x_wconf 91' lang='lat' dir='ltr'>et</span> <span class='ocrx_word' id='word_1_153' title='bbox 555 1369 716 1434; x_wconf 90' lang='lat' dir='ltr'>tenendum,</span> <span class='ocrx_word' id='word_1_154' title='bbox 727 1374 811 1439; x_wconf 91' lang='lat' dir='ltr'>atque</span> <span class='ocrx_word' id='word_1_155' title='bbox 823 1365 926 1437; x_wconf 84' lang='lat' dir='ltr'>praedi-</span> <span class='ocrx_word' id='word_1_156' title='bbox 976 1373 1140 1444; x_wconf 90' lang='lat' dir='ltr'>diutiusper</span> <span class='ocrx_word' id='word_1_157' title='bbox 1153 1372 1231 1428; x_wconf 88' lang='lat' dir='ltr'>orbis</span> <span class='ocrx_word' id='word_1_158' title='bbox 1245 1379 1379 1428; x_wconf 89' lang='lat' dir='ltr'>terrarum</span> <span class='ocrx_word' id='word_1_159' title='bbox 1389 1371 1529 1444; x_wconf 84' lang='lat' dir='ltr'>regiones,</span> <span class='ocrx_word' id='word_1_160' title='bbox 1550 1370 1645 1426; x_wconf 91' lang='lat' dir='ltr'>multis</span> <span class='ocrx_word' id='word_1_161' title='bbox 1659 1369 1728 1425; x_wconf 91' lang='lat' dir='ltr'>hinc</span> <span class='ocrx_word' id='word_1_162' title='bbox 1739 1375 1784 1424; x_wconf 92' lang='lat' dir='ltr'>at-</span> 
     </span>
     <span class='ocr_line' id='line_1_14' title="bbox 120 1454 1784 1534; baseline -0.006 -11"><span class='ocrx_word' id='word_1_163' title='bbox 120 1454 238 1508; x_wconf 67' lang='lat' dir='ltr'>Clssduffi</span> <span class='ocrx_word' id='word_1_164' title='bbox 252 1454 435 1524; x_wconf 62' lang='lat' dir='ltr'>defleverint,</span> <span class='ocrx_word' id='word_1_165' title='bbox 453 1457 481 1511; x_wconf 73' lang='lat' dir='ltr'>id</span> <span class='ocrx_word' id='word_1_166' title='bbox 494 1458 529 1513; x_wconf 66' lang='lat' dir='ltr'>ab</span> <span class='ocrx_word' id='word_1_167' title='bbox 557 1457 687 1513; x_wconf 78' lang='lat' dir='ltr'>⁰m¹¹ib¹18</span> <span class='ocrx_word' id='word_1_168' title='bbox 706 1456 789 1512; x_wconf 76' lang='lat' dir='ltr'>corde</span> <span class='ocrx_word' id='word_1_169' title='bbox 800 1455 927 1511; x_wconf 67' lang='lat' dir='ltr'>credatur</span> <span class='ocrx_word' id='word_1_170' title='bbox 976 1477 1030 1534; x_wconf 92' lang='lat' dir='ltr'>que</span> <span class='ocrx_word' id='word_1_171' title='bbox 1043 1461 1109 1518; x_wconf 91' lang='lat' dir='ltr'>hinc</span> <span class='ocrx_word' id='word_1_172' title='bbox 1118 1459 1353 1532; x_wconf 89' lang='lat' dir='ltr'>disputationibus</span> <span class='ocrx_word' id='word_1_173' title='bbox 1372 1468 1400 1515; x_wconf 91' lang='lat' dir='ltr'>et</span> <span class='ocrx_word' id='word_1_174' title='bbox 1411 1458 1606 1515; x_wconf 89' lang='lat' dir='ltr'>collationibus</span> <span class='ocrx_word' id='word_1_175' title='bbox 1633 1459 1784 1530; x_wconf 90' lang='lat' dir='ltr'>episcopo-</span> 
     </span>
     <span class='ocr_line' id='line_1_15' title="bbox 120 1540 1786 1624; baseline 0.004 -25"><span class='ocrx_word' id='word_1_176' title='bbox 120 1547 154 1599; x_wconf 92' lang='lat' dir='ltr'>ad</span> <span class='ocrx_word' id='word_1_177' title='bbox 167 1546 310 1614; x_wconf 89' lang='lat' dir='ltr'>justitiam,</span> <span class='ocrx_word' id='word_1_178' title='bbox 324 1563 371 1602; x_wconf 92' lang='lat' dir='ltr'>oro</span> <span class='ocrx_word' id='word_1_179' title='bbox 382 1555 472 1603; x_wconf 91' lang='lat' dir='ltr'>autem</span> <span class='ocrx_word' id='word_1_180' title='bbox 487 1550 652 1607; x_wconf 80' lang='lat' dir='ltr'>confiteatur</span> <span class='ocrx_word' id='word_1_181' title='bbox 666 1550 828 1605; x_wconf 89' lang='lat' dir='ltr'>adsalutem</span> <span class='ocrx_word' id='word_1_182' title='bbox 841 1551 925 1620; x_wconf 79' lang='lat' dir='ltr'>(Rom.</span> <span class='ocrx_word' id='word_1_183' title='bbox 977 1540 1037 1608; x_wconf 84' lang='lat' dir='ltr'>rum</span> <span class='ocrx_word' id='word_1_184' title='bbox 1051 1560 1216 1624; x_wconf 91' lang='lat' dir='ltr'>pertractata</span> <span class='ocrx_word' id='word_1_185' title='bbox 1230 1559 1370 1608; x_wconf 87' lang='lat' dir='ltr'>constaret</span> <span class='ocrx_word' id='word_1_186' title='bbox 1385 1550 1400 1604; x_wconf 75' lang='lat' dir='ltr'>l</span> <span class='ocrx_word' id='word_1_187' title='bbox 1419 1552 1474 1608; x_wconf 88' lang='lat' dir='ltr'>lloc</span> <span class='ocrx_word' id='word_1_188' title='bbox 1489 1557 1581 1607; x_wconf 90' lang='lat' dir='ltr'>autem</span> <span class='ocrx_word' id='word_1_189' title='bbox 1606 1550 1786 1606; x_wconf 87' lang='lat' dir='ltr'>facitsanitas</span> 
     </span>
     <span class='ocr_line' id='line_1_16' title="bbox 101 1635 1784 1716; baseline -0.004 -15"><span class='ocrx_word' id='word_1_190' title='bbox 101 1640 103 1651; x_wconf 79' lang='grc'>’</span> <span class='ocrx_word' id='word_1_191' title='bbox 121 1653 147 1701; x_wconf 72' lang='lat'>1,</span> <span class='ocrx_word' id='word_1_192' title='bbox 160 1635 213 1706; x_wconf 75' lang='lat'>1⁰),</span> <span class='ocrx_word' id='word_1_193' title='bbox 239 1645 369 1709; x_wconf 72' lang='lat' dir='ltr'>seqlralur</span> <span class='ocrx_word' id='word_1_194' title='bbox 389 1638 423 1692; x_wconf 76' lang='lat' dir='ltr'>ad</span> <span class='ocrx_word' id='word_1_195' title='bbox 446 1639 629 1706; x_wconf 58' lang='lat' dir='ltr'>mliorem,</span> <span class='ocrx_word' id='word_1_196' title='bbox 656 1646 783 1694; x_wconf 78' lang='lat' dir='ltr'>teneatur</span> <span class='ocrx_word' id='word_1_197' title='bbox 796 1638 831 1693; x_wconf 92' lang='lat' dir='ltr'>ad</span> <span class='ocrx_word' id='word_1_198' title='bbox 847 1653 927 1694; x_wconf 80' lang='lat' dir='ltr'>coro·</span> <span class='ocrx_word' id='word_1_199' title='bbox 977 1645 1063 1716; x_wconf 89' lang='lat' dir='ltr'>pacis,</span> <span class='ocrx_word' id='word_1_200' title='bbox 1079 1651 1110 1700; x_wconf 89' lang='lat' dir='ltr'>ul</span> <span class='ocrx_word' id='word_1_201' title='bbox 1123 1661 1185 1700; x_wconf 93' lang='lat' dir='ltr'>cum</span> <span class='ocrx_word' id='word_1_202' title='bbox 1198 1644 1303 1699; x_wconf 90' lang='lat' dir='ltr'>diutius</span> <span class='ocrx_word' id='word_1_203' title='bbox 1320 1643 1414 1714; x_wconf 91' lang='lat' dir='ltr'>aliqua</span> <span class='ocrx_word' id='word_1_204' title='bbox 1428 1642 1589 1698; x_wconf 90' lang='lat' dir='ltr'>obscuriora</span> <span class='ocrx_word' id='word_1_205' title='bbox 1611 1648 1784 1711; x_wconf 88' lang='lat' dir='ltr'>quaeruntur,</span> 
     </span>
     <span class='ocr_line' id='line_1_17' title="bbox 121 1691 1788 1808; baseline 0.005 -28"><span class='ocrx_word' id='word_1_206' title='bbox 121 1742 194 1792; x_wconf 86' lang='lat' dir='ltr'>nam,</span> <span class='ocrx_word' id='word_1_207' title='bbox 208 1728 371 1798; x_wconf 72' lang='lat' dir='ltr'>predicetur</span> <span class='ocrx_word' id='word_1_208' title='bbox 394 1729 429 1785; x_wconf 94' lang='lat' dir='ltr'>ad</span> <span class='ocrx_word' id='word_1_209' title='bbox 446 1732 561 1785; x_wconf 90' lang='lat' dir='ltr'>lucrum.</span> <span class='ocrx_word' id='word_1_210' title='bbox 581 1731 644 1795; x_wconf 79' lang='lat' dir='ltr'>Quae</span> <span class='ocrx_word' id='word_1_211' title='bbox 659 1730 796 1802; x_wconf 91' lang='lat' dir='ltr'>siquidem</span> <span class='ocrx_word' id='word_1_212' title='bbox 808 1732 928 1802; x_wconf 89' lang='lat' dir='ltr'>capitula</span> <span class='ocrx_word' id='word_1_213' title='bbox 941 1691 966 1760; x_wconf 79' lang='lat' dir='ltr'>B</span> <span class='ocrx_word' id='word_1_214' title='bbox 978 1747 1005 1792; x_wconf 91' lang='lat' dir='ltr'>et</span> <span class='ocrx_word' id='word_1_215' title='bbox 1020 1743 1133 1808; x_wconf 90' lang='lat' dir='ltr'>propter</span> <span class='ocrx_word' id='word_1_216' title='bbox 1148 1735 1308 1792; x_wconf 88' lang='lat' dir='ltr'>inveniendi</span> <span class='ocrx_word' id='word_1_217' title='bbox 1338 1733 1528 1790; x_wconf 85' lang='lat' dir='ltr'>difficultatem</span> <span class='ocrx_word' id='word_1_218' title='bbox 1539 1733 1666 1789; x_wconf 87' lang='lat' dir='ltr'>diversas</span> <span class='ocrx_word' id='word_1_219' title='bbox 1675 1733 1788 1805; x_wconf 87' lang='lat' dir='ltr'>pariunt</span> 
     </span>
     <span class='ocr_line' id='line_1_18' title="bbox 120 1820 1786 1895; baseline 0.002 -23"><span class='ocrx_word' id='word_1_220' title='bbox 120 1826 258 1873; x_wconf 89' lang='lat' dir='ltr'>conventu</span> <span class='ocrx_word' id='word_1_221' title='bbox 272 1820 464 1890; x_wconf 91' lang='lat' dir='ltr'>cpiscoporum</span> <span class='ocrx_word' id='word_1_222' title='bbox 479 1820 573 1876; x_wconf 91' lang='lat' dir='ltr'>habito</span> <span class='ocrx_word' id='word_1_223' title='bbox 586 1822 615 1876; x_wconf 92' lang='lat' dir='ltr'>in</span> <span class='ocrx_word' id='word_1_224' title='bbox 630 1823 770 1879; x_wconf 85' lang='lat' dir='ltr'>territorio</span> <span class='ocrx_word' id='word_1_225' title='bbox 793 1822 927 1890; x_wconf 81' lang='lat' dir='ltr'>fuliensi,</span> <span class='ocrx_word' id='word_1_226' title='bbox 979 1825 1007 1879; x_wconf 92' lang='lat' dir='ltr'>in</span> <span class='ocrx_word' id='word_1_227' title='bbox 1020 1823 1141 1879; x_wconf 90' lang='lat' dir='ltr'>fraterna</span> <span class='ocrx_word' id='word_1_228' title='bbox 1155 1823 1355 1895; x_wconf 86' lang='lat' dir='ltr'>disceptatione</span> <span class='ocrx_word' id='word_1_229' title='bbox 1369 1822 1624 1890; x_wconf 89' lang='lat' dir='ltr'>sententias,douee</span> <span class='ocrx_word' id='word_1_230' title='bbox 1638 1822 1674 1878; x_wconf 90' lang='lat' dir='ltr'>ad</span> <span class='ocrx_word' id='word_1_231' title='bbox 1689 1839 1786 1878; x_wconf 90' lang='lat' dir='ltr'>verum</span> 
     </span>
     <span class='ocr_line' id='line_1_19' title="bbox 121 1906 1787 1984; baseline 0.005 -25"><span class='ocrx_word' id='word_1_232' title='bbox 121 1906 233 1974; x_wconf 83' lang='lat' dir='ltr'>invilla,</span> <span class='ocrx_word' id='word_1_233' title='bbox 248 1923 310 1978; x_wconf 81' lang='lat' dir='ltr'>quae</span> <span class='ocrx_word' id='word_1_234' title='bbox 321 1908 420 1964; x_wconf 89' lang='lat' dir='ltr'>dicitur</span> <span class='ocrx_word' id='word_1_235' title='bbox 446 1909 622 1981; x_wconf 88' lang='lat' dir='ltr'>Saponarias,</span> <span class='ocrx_word' id='word_1_236' title='bbox 634 1917 699 1966; x_wconf 90' lang='lat' dir='ltr'>ante</span> <span class='ocrx_word' id='word_1_237' title='bbox 714 1910 829 1966; x_wconf 92' lang='lat' dir='ltr'>biduum</span> <span class='ocrx_word' id='word_1_238' title='bbox 846 1928 928 1983; x_wconf 91' lang='lat' dir='ltr'>quam</span> <span class='ocrx_word' id='word_1_239' title='bbox 979 1912 1113 1984; x_wconf 91' lang='lat' dir='ltr'>liquidum</span> <span class='ocrx_word' id='word_1_240' title='bbox 1130 1913 1318 1984; x_wconf 90' lang='lat' dir='ltr'>perveniatur,</span> <span class='ocrx_word' id='word_1_241' title='bbox 1331 1912 1470 1968; x_wconf 91' lang='lat' dir='ltr'>vinculum</span> <span class='ocrx_word' id='word_1_242' title='bbox 1486 1919 1648 1983; x_wconf 87' lang='lat' dir='ltr'>permaneat</span> <span class='ocrx_word' id='word_1_243' title='bbox 1659 1913 1787 1980; x_wconf 88' lang='lat' dir='ltr'>unitatis,</span> 
     </span>
     <span class='ocr_line' id='line_1_20' title="bbox 121 1996 1786 2075; baseline 0.003 -24"><span class='ocrx_word' id='word_1_244' title='bbox 121 1996 200 2052; x_wconf 88' lang='lat' dir='ltr'>vobis</span> <span class='ocrx_word' id='word_1_245' title='bbox 220 2008 345 2069; x_wconf 89' lang='lat' dir='ltr'>porrecta</span> <span class='ocrx_word' id='word_1_246' title='bbox 360 2000 471 2070; x_wconf 85' lang='lat' dir='ltr'>luerint,</span> <span class='ocrx_word' id='word_1_247' title='bbox 498 2009 562 2057; x_wconf 82' lang='lat' dir='ltr'>sunt</span> <span class='ocrx_word' id='word_1_248' title='bbox 585 2002 708 2070; x_wconf 90' lang='lat' dir='ltr'>recitata,</span> <span class='ocrx_word' id='word_1_249' title='bbox 729 2002 888 2075; x_wconf 88' lang='lat' dir='ltr'>proferente</span> <span class='ocrx_word' id='word_1_250' title='bbox 903 2010 929 2058; x_wconf 89' lang='lat' dir='ltr'>et</span> <span class='ocrx_word' id='word_1_251' title='bbox 979 2018 1015 2058; x_wconf 92' lang='lat' dir='ltr'>ne</span> <span class='ocrx_word' id='word_1_252' title='bbox 1028 2003 1056 2057; x_wconf 92' lang='lat' dir='ltr'>in</span> <span class='ocrx_word' id='word_1_253' title='bbox 1073 2009 1149 2074; x_wconf 91' lang='lat' dir='ltr'>parte</span> <span class='ocrx_word' id='word_1_254' title='bbox 1160 2002 1274 2073; x_wconf 83' lang='lat' dir='ltr'>praecisa</span> <span class='ocrx_word' id='word_1_255' title='bbox 1290 2010 1435 2057; x_wconf 88' lang='lat' dir='ltr'>remaneat</span> <span class='ocrx_word' id='word_1_256' title='bbox 1452 2001 1607 2057; x_wconf 79' lang='lat' dir='ltr'>insanabile</span> <span class='ocrx_word' id='word_1_257' title='bbox 1626 2002 1733 2058; x_wconf 90' lang='lat' dir='ltr'>vulnus</span> <span class='ocrx_word' id='word_1_258' title='bbox 1743 2017 1786 2056; x_wconf 91' lang='lat' dir='ltr'>cr-</span> 
     </span>
     <span class='ocr_line' id='line_1_21' title="bbox 122 2089 1785 2169; baseline 0.001 -25"><span class='ocrx_word' id='word_1_259' title='bbox 122 2089 279 2161; x_wconf 89' lang='lat' dir='ltr'>deponente</span> <span class='ocrx_word' id='word_1_260' title='bbox 295 2094 442 2163; x_wconf 83' lang='lat' dir='ltr'>easynodo</span> <span class='ocrx_word' id='word_1_261' title='bbox 454 2095 555 2151; x_wconf 91' lang='lat' dir='ltr'>domno</span> <span class='ocrx_word' id='word_1_262' title='bbox 569 2095 927 2169; x_wconf 80' lang='lat' dir='ltr'>Remigiobugduueusium</span> <span class='ocrx_word' id='word_1_263' title='bbox 978 2093 1150 2161; x_wconf 76' lang='lat' dir='ltr'>roristlha&#39;d.,</span> <span class='ocrx_word' id='word_1_264' title='bbox 1178 2108 1201 2146; x_wconf 91' lang='lat' dir='ltr'>c.</span> <span class='ocrx_word' id='word_1_265' title='bbox 1228 2092 1270 2156; x_wconf 75' lang='lat' dir='ltr'>bl.</span> <span class='ocrx_word' id='word_1_266' title='bbox 1285 2090 1317 2146; x_wconf 86' lang='lat' dir='ltr'>Et</span> <span class='ocrx_word' id='word_1_267' title='bbox 1344 2091 1408 2147; x_wconf 90' lang='lat' dir='ltr'>ideo</span> <span class='ocrx_word' id='word_1_268' title='bbox 1432 2093 1596 2163; x_wconf 90' lang='lat' dir='ltr'>plerumque</span> <span class='ocrx_word' id='word_1_269' title='bbox 1611 2091 1785 2148; x_wconf 86' lang='lat' dir='ltr'>doctioribus</span> 
     </span>
     <span class='ocr_line' id='line_1_22' title="bbox 52 2179 1787 2259; baseline 0.002 -27"><span class='ocrx_word' id='word_1_270' title='bbox 52 2239 57 2254; x_wconf 39' lang='grc' dir='ltr'><strong><em>Ι</em></strong></span> <span class='ocrx_word' id='word_1_271' title='bbox 119 2179 338 2251; x_wconf 89' lang='lat' dir='ltr'>archiepiscopo.</span> <span class='ocrx_word' id='word_1_272' title='bbox 355 2182 418 2247; x_wconf 72' lang='lat' dir='ltr'>Quae</span> <span class='ocrx_word' id='word_1_273' title='bbox 443 2183 515 2239; x_wconf 90' lang='lat' dir='ltr'>sieut</span> <span class='ocrx_word' id='word_1_274' title='bbox 536 2184 613 2249; x_wconf 85' lang='lat' dir='ltr'>dixit,</span> <span class='ocrx_word' id='word_1_275' title='bbox 639 2192 666 2240; x_wconf 91' lang='lat' dir='ltr'>et</span> <span class='ocrx_word' id='word_1_276' title='bbox 689 2184 718 2238; x_wconf 89' lang='lat' dir='ltr'>in</span> <span class='ocrx_word' id='word_1_277' title='bbox 729 2184 928 2259; x_wconf 83' lang='lat' dir='ltr'>epigrammate</span> <span class='ocrx_word' id='word_1_278' title='bbox 979 2185 1071 2241; x_wconf 91' lang='lat' dir='ltr'>minus</span> <span class='ocrx_word' id='word_1_279' title='bbox 1080 2184 1184 2257; x_wconf 93' lang='lat' dir='ltr'>aliquid</span> <span class='ocrx_word' id='word_1_280' title='bbox 1199 2183 1346 2250; x_wconf 89' lang='lat' dir='ltr'>revelatur,</span> <span class='ocrx_word' id='word_1_281' title='bbox 1362 2190 1495 2239; x_wconf 86' lang='lat' dir='ltr'>uteorum</span> <span class='ocrx_word' id='word_1_282' title='bbox 1510 2183 1618 2254; x_wconf 85' lang='lat' dir='ltr'>patiens</span> <span class='ocrx_word' id='word_1_283' title='bbox 1629 2189 1657 2238; x_wconf 92' lang='lat' dir='ltr'>et</span> <span class='ocrx_word' id='word_1_284' title='bbox 1672 2181 1787 2238; x_wconf 89' lang='lat' dir='ltr'>humilis</span> 
     </span>
     <span class='ocr_line' id='line_1_23' title="bbox 122 2269 1786 2348; baseline 0.004 -26"><span class='ocrx_word' id='word_1_285' title='bbox 122 2269 283 2324; x_wconf 89' lang='lat' dir='ltr'>eorumdem</span> <span class='ocrx_word' id='word_1_286' title='bbox 295 2272 478 2342; x_wconf 88' lang='lat' dir='ltr'>capitulorum</span> <span class='ocrx_word' id='word_1_287' title='bbox 494 2275 662 2339; x_wconf 89' lang='lat' dir='ltr'>continetur,</span> <span class='ocrx_word' id='word_1_288' title='bbox 675 2274 703 2328; x_wconf 92' lang='lat' dir='ltr'>in</span> <span class='ocrx_word' id='word_1_289' title='bbox 719 2274 771 2330; x_wconf 87' lang='lat' dir='ltr'>hoo</span> <span class='ocrx_word' id='word_1_290' title='bbox 786 2274 928 2344; x_wconf 88' lang='lat' dir='ltr'>ipsoanno</span> <span class='ocrx_word' id='word_1_291' title='bbox 979 2277 1108 2343; x_wconf 85' lang='lat' dir='ltr'>charitas,</span> <span class='ocrx_word' id='word_1_292' title='bbox 1135 2277 1162 2330; x_wconf 91' lang='lat' dir='ltr'>in</span> <span class='ocrx_word' id='word_1_293' title='bbox 1192 2293 1246 2348; x_wconf 93' lang='lat' dir='ltr'>qua</span> <span class='ocrx_word' id='word_1_294' title='bbox 1272 2277 1375 2332; x_wconf 84' lang='lat' dir='ltr'>fructus</span> <span class='ocrx_word' id='word_1_295' title='bbox 1401 2276 1488 2346; x_wconf 86' lang='lat' dir='ltr'>major</span> <span class='ocrx_word' id='word_1_296' title='bbox 1502 2284 1553 2344; x_wconf 90' lang='lat' dir='ltr'>est,</span> <span class='ocrx_word' id='word_1_297' title='bbox 1568 2276 1786 2348; x_wconf 91' lang='lat' dir='ltr'>comprobetur:</span> 
     </span>
     <span class='ocr_line' id='line_1_24' title="bbox 123 2356 1790 2435; baseline 0.004 -24"><span class='ocrx_word' id='word_1_298' title='bbox 123 2357 151 2411; x_wconf 90' lang='lat' dir='ltr'>in</span> <span class='ocrx_word' id='word_1_299' title='bbox 168 2356 297 2414; x_wconf 86' lang='lat' dir='ltr'>Kalendis</span> <span class='ocrx_word' id='word_1_300' title='bbox 315 2361 496 2417; x_wconf 91' lang='lat' dir='ltr'>nihilominus</span> <span class='ocrx_word' id='word_1_301' title='bbox 518 2362 622 2416; x_wconf 91' lang='lat' dir='ltr'>ibidem</span> <span class='ocrx_word' id='word_1_302' title='bbox 638 2363 673 2418; x_wconf 93' lang='lat' dir='ltr'>dc</span> <span class='ocrx_word' id='word_1_303' title='bbox 689 2361 841 2431; x_wconf 86' lang='lat' dir='ltr'>rescriptis,</span> <span class='ocrx_word' id='word_1_304' title='bbox 858 2367 885 2415; x_wconf 89' lang='lat' dir='ltr'>el</span> <span class='ocrx_word' id='word_1_305' title='bbox 899 2361 927 2415; x_wconf 96' lang='lat' dir='ltr'>in</span> <span class='ocrx_word' id='word_1_306' title='bbox 979 2366 1022 2422; x_wconf 79' lang='lat' dir='ltr'>vel</span> <span class='ocrx_word' id='word_1_307' title='bbox 1038 2363 1178 2435; x_wconf 92' lang='lat' dir='ltr'>quomodo</span> <span class='ocrx_word' id='word_1_308' title='bbox 1191 2371 1301 2421; x_wconf 91' lang='lat' dir='ltr'>teneant</span> <span class='ocrx_word' id='word_1_309' title='bbox 1317 2363 1540 2430; x_wconf 78' lang='lat' dir='ltr'>unitatem,‚cum</span> <span class='ocrx_word' id='word_1_310' title='bbox 1557 2361 1585 2416; x_wconf 92' lang='lat' dir='ltr'>in</span> <span class='ocrx_word' id='word_1_311' title='bbox 1600 2362 1790 2421; x_wconf 90' lang='lat' dir='ltr'>rebusobscu·</span> 
     </span>
     <span class='ocr_line' id='line_1_25' title="bbox 122 2450 1789 2527; baseline 0.001 -21"><span class='ocrx_word' id='word_1_312' title='bbox 122 2450 425 2526; x_wconf 87' lang='lat' dir='ltr'>suburbioLingouicae</span> <span class='ocrx_word' id='word_1_313' title='bbox 445 2454 534 2522; x_wconf 91' lang='lat' dir='ltr'>urbis,</span> <span class='ocrx_word' id='word_1_314' title='bbox 553 2455 587 2510; x_wconf 89' lang='lat' dir='ltr'>ad</span> <span class='ocrx_word' id='word_1_315' title='bbox 612 2454 821 2511; x_wconf 87' lang='lat' dir='ltr'>instructionem</span> <span class='ocrx_word' id='word_1_316' title='bbox 836 2454 929 2509; x_wconf 87' lang='lat' dir='ltr'>Domi·</span> <span class='ocrx_word' id='word_1_317' title='bbox 980 2455 1100 2513; x_wconf 88' lang='lat' dir='ltr'>rioribus</span> <span class='ocrx_word' id='word_1_318' title='bbox 1129 2455 1237 2510; x_wconf 88' lang='lat' dir='ltr'>diversa</span> <span class='ocrx_word' id='word_1_319' title='bbox 1256 2456 1402 2511; x_wconf 90' lang='lat' dir='ltr'>sentiunt:</span> <span class='ocrx_word' id='word_1_320' title='bbox 1427 2455 1470 2512; x_wconf 90' lang='lat' dir='ltr'>vel</span> <span class='ocrx_word' id='word_1_321' title='bbox 1486 2455 1626 2527; x_wconf 92' lang='lat' dir='ltr'>quomodo</span> <span class='ocrx_word' id='word_1_322' title='bbox 1650 2455 1789 2526; x_wconf 89' lang='lat' dir='ltr'>accipiant</span> 
     </span>
     <span class='ocr_line' id='line_1_26' title="bbox 125 2540 1788 2616; baseline 0.002 -20"><span class='ocrx_word' id='word_1_323' title='bbox 125 2540 179 2596; x_wconf 89' lang='lat' dir='ltr'>nici</span> <span class='ocrx_word' id='word_1_324' title='bbox 189 2542 296 2613; x_wconf 91' lang='lat' dir='ltr'>populi,</span> <span class='ocrx_word' id='word_1_325' title='bbox 313 2543 372 2614; x_wconf 92' lang='lat' dir='ltr'>ipse</span> <span class='ocrx_word' id='word_1_326' title='bbox 382 2544 470 2598; x_wconf 83' lang='lat' dir='ltr'>etsibi</span> <span class='ocrx_word' id='word_1_327' title='bbox 480 2543 729 2616; x_wconf 88' lang='lat' dir='ltr'>comprovinciales</span> <span class='ocrx_word' id='word_1_328' title='bbox 739 2543 929 2616; x_wconf 90' lang='lat' dir='ltr'>episcopicdi-</span> <span class='ocrx_word' id='word_1_329' title='bbox 979 2547 1206 2610; x_wconf 85' lang='lat' dir='ltr'>veritatem,cum</span> <span class='ocrx_word' id='word_1_330' title='bbox 1226 2550 1322 2600; x_wconf 90' lang='lat' dir='ltr'>contra</span> <span class='ocrx_word' id='word_1_331' title='bbox 1342 2544 1368 2599; x_wconf 90' lang='lat' dir='ltr'>id</span> <span class='ocrx_word' id='word_1_332' title='bbox 1394 2545 1467 2616; x_wconf 94' lang='lat' dir='ltr'>quod</span> <span class='ocrx_word' id='word_1_333' title='bbox 1483 2543 1644 2600; x_wconf 85' lang='lat' dir='ltr'>sentiebant</span> <span class='ocrx_word' id='word_1_334' title='bbox 1661 2545 1788 2601; x_wconf 89' lang='lat' dir='ltr'>declara·</span> 
     </span>
     <span class='ocr_line' id='line_1_27' title="bbox 116 2632 1789 2710; baseline 0.002 -23"><span class='ocrx_word' id='word_1_335' title='bbox 116 2632 235 2704; x_wconf 46' lang='lat' dir='ltr'>,derunt,</span> <span class='ocrx_word' id='word_1_336' title='bbox 250 2643 278 2690; x_wconf 92' lang='lat' dir='ltr'>et</span> <span class='ocrx_word' id='word_1_337' title='bbox 290 2636 317 2689; x_wconf 92' lang='lat' dir='ltr'>iu</span> <span class='ocrx_word' id='word_1_338' title='bbox 332 2638 450 2692; x_wconf 88' lang='lat' dir='ltr'>crastina</span> <span class='ocrx_word' id='word_1_339' title='bbox 461 2637 515 2693; x_wconf 91' lang='lat' dir='ltr'>alia</span> <span class='ocrx_word' id='word_1_340' title='bbox 529 2638 656 2709; x_wconf 77' lang='lat' dir='ltr'>quaedam</span> <span class='ocrx_word' id='word_1_341' title='bbox 668 2639 798 2709; x_wconf 91' lang='lat' dir='ltr'>capitula,</span> <span class='ocrx_word' id='word_1_342' title='bbox 818 2639 853 2693; x_wconf 91' lang='lat' dir='ltr'>dc</span> <span class='ocrx_word' id='word_1_343' title='bbox 866 2638 931 2709; x_wconf 93' lang='lat' dir='ltr'>qui·</span> <span class='ocrx_word' id='word_1_344' title='bbox 982 2644 1039 2692; x_wconf 90' lang='lat' dir='ltr'>tum</span> <span class='ocrx_word' id='word_1_345' title='bbox 1049 2651 1112 2692; x_wconf 92' lang='lat' dir='ltr'>esse</span> <span class='ocrx_word' id='word_1_346' title='bbox 1127 2644 1296 2710; x_wconf 89' lang='lat' dir='ltr'>cognoscant</span> <span class='ocrx_word' id='word_1_347' title='bbox 1317 2636 1467 2693; x_wconf 71' lang='lat' dir='ltr'>»Sciebant</span> <span class='ocrx_word' id='word_1_348' title='bbox 1478 2654 1596 2709; x_wconf 88' lang='lat' dir='ltr'>namque</span> <span class='ocrx_word' id='word_1_349' title='bbox 1612 2638 1699 2692; x_wconf 92' lang='lat' dir='ltr'>iidem</span> <span class='ocrx_word' id='word_1_350' title='bbox 1708 2652 1789 2692; x_wconf 88' lang='lat' dir='ltr'>vene·</span> 
     </span>
     <span class='ocr_line' id='line_1_28' title="bbox 125 2720 1790 2800; baseline 0.004 -26"><span class='ocrx_word' id='word_1_351' title='bbox 125 2720 177 2775; x_wconf 91' lang='lat' dir='ltr'>bus</span> <span class='ocrx_word' id='word_1_352' title='bbox 188 2721 377 2794; x_wconf 91' lang='lat' dir='ltr'>postlocuturi</span> <span class='ocrx_word' id='word_1_353' title='bbox 393 2741 498 2795; x_wconf 91' lang='lat' dir='ltr'>sumus,</span> <span class='ocrx_word' id='word_1_354' title='bbox 513 2726 608 2781; x_wconf 91' lang='lat' dir='ltr'>relicta</span> <span class='ocrx_word' id='word_1_355' title='bbox 619 2725 703 2781; x_wconf 89' lang='lat' dir='ltr'>fuere.</span> <span class='ocrx_word' id='word_1_356' title='bbox 720 2726 809 2796; x_wconf 91' lang='lat' dir='ltr'>Super</span> <span class='ocrx_word' id='word_1_357' title='bbox 818 2726 931 2797; x_wconf 89' lang='lat' dir='ltr'>quibus,</span> <span class='ocrx_word' id='word_1_358' title='bbox 983 2724 1095 2791; x_wconf 88' lang='lat' dir='ltr'>rabiles,</span> <span class='ocrx_word' id='word_1_359' title='bbox 1111 2724 1250 2791; x_wconf 82' lang='lat' dir='ltr'>catholici,</span> <span class='ocrx_word' id='word_1_360' title='bbox 1264 2733 1291 2782; x_wconf 93' lang='lat' dir='ltr'>et</span> <span class='ocrx_word' id='word_1_361' title='bbox 1301 2726 1374 2781; x_wconf 92' lang='lat' dir='ltr'>docti</span> <span class='ocrx_word' id='word_1_362' title='bbox 1389 2726 1453 2796; x_wconf 88' lang='lat' dir='ltr'>viri,</span> <span class='ocrx_word' id='word_1_363' title='bbox 1466 2726 1531 2798; x_wconf 91' lang='lat' dir='ltr'>quia</span> <span class='ocrx_word' id='word_1_364' title='bbox 1547 2727 1575 2780; x_wconf 90' lang='lat' dir='ltr'>in</span> <span class='ocrx_word' id='word_1_365' title='bbox 1590 2725 1683 2781; x_wconf 90' lang='lat' dir='ltr'>multis</span> <span class='ocrx_word' id='word_1_366' title='bbox 1700 2725 1790 2800; x_wconf 89' lang='lat' dir='ltr'>regio·</span> 
     </span>
     <span class='ocr_line' id='line_1_29' title="bbox 125 2811 1790 2887; baseline 0.003 -22"><span class='ocrx_word' id='word_1_367' title='bbox 125 2811 198 2866; x_wconf 90' lang='lat' dir='ltr'>sicut</span> <span class='ocrx_word' id='word_1_368' title='bbox 216 2812 381 2883; x_wconf 92' lang='lat' dir='ltr'>quibusdam</span> <span class='ocrx_word' id='word_1_369' title='bbox 393 2829 425 2868; x_wconf 86' lang='lat' dir='ltr'>ex</span> <span class='ocrx_word' id='word_1_370' title='bbox 440 2813 571 2869; x_wconf 87' lang='lat' dir='ltr'>fratribus</span> <span class='ocrx_word' id='word_1_371' title='bbox 584 2815 672 2871; x_wconf 91' lang='lat' dir='ltr'>visum</span> <span class='ocrx_word' id='word_1_372' title='bbox 688 2823 739 2882; x_wconf 85' lang='lat' dir='ltr'>est,</span> <span class='ocrx_word' id='word_1_373' title='bbox 749 2815 931 2887; x_wconf 87' lang='lat' dir='ltr'>quorumdam</span> <span class='ocrx_word' id='word_1_374' title='bbox 983 2812 1065 2869; x_wconf 92' lang='lat' dir='ltr'>nibus</span> <span class='ocrx_word' id='word_1_375' title='bbox 1078 2830 1110 2869; x_wconf 91' lang='lat' dir='ltr'>ac</span> <span class='ocrx_word' id='word_1_376' title='bbox 1125 2815 1342 2886; x_wconf 89' lang='lat' dir='ltr'>provinciishaec</span> <span class='ocrx_word' id='word_1_377' title='bbox 1355 2815 1547 2886; x_wconf 86' lang='lat' dir='ltr'>pestiferacrat</span> <span class='ocrx_word' id='word_1_378' title='bbox 1554 2821 1726 2870; x_wconf 88' lang='lat' dir='ltr'>recommota</span> <span class='ocrx_word' id='word_1_379' title='bbox 1741 2814 1790 2870; x_wconf 86' lang='lat' dir='ltr'>do-</span> 
     </span>
     <span class='ocr_line' id='line_1_30' title="bbox 126 2902 1791 2978; baseline 0.004 -25"><span class='ocrx_word' id='word_1_380' title='bbox 126 2915 226 2955; x_wconf 92' lang='lat' dir='ltr'>sensus</span> <span class='ocrx_word' id='word_1_381' title='bbox 240 2909 282 2955; x_wconf 92' lang='lat' dir='ltr'>est</span> <span class='ocrx_word' id='word_1_382' title='bbox 298 2907 395 2957; x_wconf 89' lang='lat' dir='ltr'>motus.</span> <span class='ocrx_word' id='word_1_383' title='bbox 415 2902 481 2957; x_wconf 85' lang='lat' dir='ltr'>llam</span> <span class='ocrx_word' id='word_1_384' title='bbox 492 2912 523 2959; x_wconf 94' lang='lat' dir='ltr'>ut</span> <span class='ocrx_word' id='word_1_385' title='bbox 533 2918 599 2960; x_wconf 88' lang='lat' dir='ltr'>vere</span> <span class='ocrx_word' id='word_1_386' title='bbox 613 2911 641 2958; x_wconf 91' lang='lat' dir='ltr'>et</span> <span class='ocrx_word' id='word_1_387' title='bbox 657 2919 709 2959; x_wconf 93' lang='lat' dir='ltr'>nos</span> <span class='ocrx_word' id='word_1_388' title='bbox 719 2902 863 2971; x_wconf 86' lang='lat' dir='ltr'>fateamur,</span> <span class='ocrx_word' id='word_1_389' title='bbox 879 2918 933 2958; x_wconf 92' lang='lat' dir='ltr'>no·</span> <span class='ocrx_word' id='word_1_390' title='bbox 983 2904 1080 2971; x_wconf 88' lang='lat' dir='ltr'>ctrina,</span> <span class='ocrx_word' id='word_1_391' title='bbox 1097 2910 1125 2958; x_wconf 90' lang='lat' dir='ltr'>cl</span> <span class='ocrx_word' id='word_1_392' title='bbox 1139 2903 1203 2959; x_wconf 92' lang='lat' dir='ltr'>ideo</span> <span class='ocrx_word' id='word_1_393' title='bbox 1215 2903 1395 2960; x_wconf 92' lang='lat' dir='ltr'>silentiumin</span> <span class='ocrx_word' id='word_1_394' title='bbox 1409 2907 1468 2961; x_wconf 92' lang='lat' dir='ltr'>suis</span> <span class='ocrx_word' id='word_1_395' title='bbox 1483 2904 1633 2978; x_wconf 91' lang='lat' dir='ltr'>provinciis</span> <span class='ocrx_word' id='word_1_396' title='bbox 1647 2904 1791 2976; x_wconf 90' lang='lat' dir='ltr'>imponere</span> 
     </span>
     <span class='ocr_line' id='line_1_31' title="bbox 127 2992 1790 3069; baseline 0.002 -24"><span class='ocrx_word' id='word_1_397' title='bbox 127 2999 190 3046; x_wconf 83' lang='lat' dir='ltr'>strae</span> <span class='ocrx_word' id='word_1_398' title='bbox 209 2994 386 3050; x_wconf 79' lang='lat' dir='ltr'>conscientiae</span> <span class='ocrx_word' id='word_1_399' title='bbox 409 3011 493 3067; x_wconf 90' lang='lat' dir='ltr'>super</span> <span class='ocrx_word' id='word_1_400' title='bbox 520 2996 628 3067; x_wconf 89' lang='lat' dir='ltr'>pridem</span> <span class='ocrx_word' id='word_1_401' title='bbox 653 2997 794 3069; x_wconf 87' lang='lat' dir='ltr'>capitulis,</span> <span class='ocrx_word' id='word_1_402' title='bbox 819 3013 890 3068; x_wconf 84' lang='lat' dir='ltr'>quae,</span> <span class='ocrx_word' id='word_1_403' title='bbox 903 3003 934 3051; x_wconf 94' lang='lat' dir='ltr'>ut</span> <span class='ocrx_word' id='word_1_404' title='bbox 983 2999 1038 3048; x_wconf 89' lang='lat' dir='ltr'>tam</span> <span class='ocrx_word' id='word_1_405' title='bbox 1053 2992 1147 3061; x_wconf 85' lang='lat' dir='ltr'>facile,</span> <span class='ocrx_word' id='word_1_406' title='bbox 1162 2992 1312 3050; x_wconf 89' lang='lat' dir='ltr'>siculforte</span> <span class='ocrx_word' id='word_1_407' title='bbox 1327 2994 1727 3066; x_wconf 90' lang='lat' dir='ltr'>poterant,nolucruntcrrori,</span> <span class='ocrx_word' id='word_1_408' title='bbox 1741 2994 1790 3048; x_wconf 89' lang='lat' dir='ltr'>do-</span> 
     </span>
     <span class='ocr_line' id='line_1_32' title="bbox 113 3056 1791 3161; baseline 0.002 -24"><span class='ocrx_word' id='word_1_409' title='bbox 113 3082 256 3153; x_wconf 87' lang='lat' dir='ltr'>·diximus,</span> <span class='ocrx_word' id='word_1_410' title='bbox 267 3085 410 3161; x_wconf 84' lang='lat' dir='ltr'>Remigius</span> <span class='ocrx_word' id='word_1_411' title='bbox 424 3087 649 3160; x_wconf 87' lang='lat' dir='ltr'>archiepiscopus</span> <span class='ocrx_word' id='word_1_412' title='bbox 664 3089 769 3161; x_wconf 82' lang='lat' dir='ltr'>syuodo</span> <span class='ocrx_word' id='word_1_413' title='bbox 785 3098 931 3160; x_wconf 76' lang='lat' dir='ltr'>presente·</span> <span class='ocrx_word' id='word_1_414' title='bbox 946 3056 1034 3142; x_wconf 80' lang='lat' dir='ltr'>Cnec</span> <span class='ocrx_word' id='word_1_415' title='bbox 1048 3085 1082 3140; x_wconf 92' lang='lat' dir='ltr'>ad</span> <span class='ocrx_word' id='word_1_416' title='bbox 1102 3085 1282 3156; x_wconf 90' lang='lat' dir='ltr'>plurimorum</span> <span class='ocrx_word' id='word_1_417' title='bbox 1307 3087 1432 3143; x_wconf 91' lang='lat' dir='ltr'>notitiam</span> <span class='ocrx_word' id='word_1_418' title='bbox 1452 3093 1583 3159; x_wconf 88' lang='lat' dir='ltr'>perventa</span> <span class='ocrx_word' id='word_1_419' title='bbox 1607 3086 1791 3157; x_wconf 90' lang='lat' dir='ltr'>plurimorum</span> 
     </span>
     <span class='ocr_line' id='line_1_33' title="bbox 127 3175 1792 3248; baseline 0.006 -15"><span class='ocrx_word' id='word_1_420' title='bbox 127 3185 211 3245; x_wconf 90' lang='lat' dir='ltr'>verat,</span> <span class='ocrx_word' id='word_1_421' title='bbox 242 3178 370 3246; x_wconf 90' lang='lat' dir='ltr'>recitatis,</span> <span class='ocrx_word' id='word_1_422' title='bbox 394 3179 592 3234; x_wconf 92' lang='lat' dir='ltr'>catholicorum</span> <span class='ocrx_word' id='word_1_423' title='bbox 616 3180 651 3235; x_wconf 90' lang='lat' dir='ltr'>ad</span> <span class='ocrx_word' id='word_1_424' title='bbox 671 3181 833 3237; x_wconf 89' lang='lat' dir='ltr'>memoriam</span> <span class='ocrx_word' id='word_1_425' title='bbox 849 3182 931 3237; x_wconf 90' lang='lat' dir='ltr'>redu·</span> <span class='ocrx_word' id='word_1_426' title='bbox 978 3176 1085 3246; x_wconf 83' lang='lat' dir='ltr'>judicio</span> <span class='ocrx_word' id='word_1_427' title='bbox 1101 3175 1218 3248; x_wconf 83' lang='lat' dir='ltr'>quaestio</span> <span class='ocrx_word' id='word_1_428' title='bbox 1231 3176 1376 3248; x_wconf 82' lang='lat' dir='ltr'>sopiretur·</span> <span class='ocrx_word' id='word_1_429' title='bbox 1390 3177 1467 3242; x_wconf 66' lang='lat' dir='ltr'>Quia,</span> <span class='ocrx_word' id='word_1_430' title='bbox 1485 3186 1514 3233; x_wconf 90' lang='lat' dir='ltr'>ut</span> <span class='ocrx_word' id='word_1_431' title='bbox 1527 3178 1593 3233; x_wconf 71' lang='grc' dir='ltr'><strong>(Ῑίθῑῑ</strong></span> <span class='ocrx_word' id='word_1_432' title='bbox 1608 3184 1722 3233; x_wconf 71' lang='lat' dir='ltr'>⁸²1ssssqu</span> <span class='ocrx_word' id='word_1_433' title='bbox 1732 3177 1792 3234; x_wconf 62' lang='grc' dir='ltr'>ΕΦ·</span> 
     </span>
     <span class='ocr_line' id='line_1_34' title="bbox 127 3263 1791 3335; baseline 0.001 -12"><span class='ocrx_word' id='word_1_434' title='bbox 127 3273 222 3323; x_wconf 88' lang='lat' dir='ltr'>centes</span> <span class='ocrx_word' id='word_1_435' title='bbox 237 3267 380 3323; x_wconf 92' lang='lat' dir='ltr'>doctorum</span> <span class='ocrx_word' id='word_1_436' title='bbox 395 3268 634 3335; x_wconf 88' lang='lat' dir='ltr'>traditiones,non</span> <span class='ocrx_word' id='word_1_437' title='bbox 645 3270 754 3326; x_wconf 91' lang='lat' dir='ltr'>modice</span> <span class='ocrx_word' id='word_1_438' title='bbox 773 3287 804 3326; x_wconf 91' lang='lat' dir='ltr'>se</span> <span class='ocrx_word' id='word_1_439' title='bbox 814 3286 931 3327; x_wconf 91' lang='lat' dir='ltr'>concus-</span> <span class='ocrx_word' id='word_1_440' title='bbox 982 3264 1098 3320; x_wconf 74' lang='lat' dir='ltr'>lestinus</span> <span class='ocrx_word' id='word_1_441' title='bbox 1114 3264 1142 3318; x_wconf 81' lang='lat' dir='ltr'>in</span> <span class='ocrx_word' id='word_1_442' title='bbox 1160 3263 1278 3334; x_wconf 75' lang='lat' dir='ltr'>epistola</span> <span class='ocrx_word' id='word_1_443' title='bbox 1311 3265 1346 3319; x_wconf 75' lang='lat' dir='ltr'>ud</span> <span class='ocrx_word' id='word_1_444' title='bbox 1361 3265 1516 3321; x_wconf 71' lang='lat' dir='ltr'>Nestorium</span> <span class='ocrx_word' id='word_1_445' title='bbox 1536 3265 1642 3321; x_wconf 77' lang='lat' dir='ltr'>directa</span> <span class='ocrx_word' id='word_1_446' title='bbox 1657 3263 1791 3333; x_wconf 66' lang='lat' dir='ltr'>(Coenasr.</span> 
     </span>
     <span class='ocr_line' id='line_1_35' title="bbox 127 3356 1793 3432; baseline 0.002 -22"><span class='ocrx_word' id='word_1_447' title='bbox 127 3365 233 3412; x_wconf 88' lang='lat' dir='ltr'>serunt.</span> <span class='ocrx_word' id='word_1_448' title='bbox 249 3356 326 3412; x_wconf 91' lang='lat' dir='ltr'>Unde</span> <span class='ocrx_word' id='word_1_449' title='bbox 359 3364 515 3414; x_wconf 90' lang='lat' dir='ltr'>nostrorum</span> <span class='ocrx_word' id='word_1_450' title='bbox 543 3358 666 3430; x_wconf 91' lang='lat' dir='ltr'>qnidam,</span> <span class='ocrx_word' id='word_1_451' title='bbox 681 3357 745 3414; x_wconf 87' lang='lat' dir='ltr'>fidei</span> <span class='ocrx_word' id='word_1_452' title='bbox 772 3359 932 3416; x_wconf 85' lang='lat' dir='ltr'>Christianae</span> <span class='ocrx_word' id='word_1_453' title='bbox 982 3373 1023 3428; x_wconf 83' lang='lat' dir='ltr'>ep.</span> <span class='ocrx_word' id='word_1_454' title='bbox 1039 3358 1085 3427; x_wconf 80' lang='lat' dir='ltr'>dl:</span> <span class='ocrx_word' id='word_1_455' title='bbox 1102 3376 1118 3408; x_wconf 81' lang='lat' dir='ltr'>a</span> <span class='ocrx_word' id='word_1_456' title='bbox 1133 3357 1234 3412; x_wconf 82' lang='lat' dir='ltr'>Omnes</span> <span class='ocrx_word' id='word_1_457' title='bbox 1259 3358 1362 3413; x_wconf 89' lang='lat' dir='ltr'>debent</span> <span class='ocrx_word' id='word_1_458' title='bbox 1377 3372 1458 3414; x_wconf 91' lang='lat' dir='ltr'>nosse</span> <span class='ocrx_word' id='word_1_459' title='bbox 1474 3358 1548 3430; x_wconf 91' lang='lat' dir='ltr'>quod</span> <span class='ocrx_word' id='word_1_460' title='bbox 1564 3358 1667 3432; x_wconf 86' lang='lat' dir='ltr'>agitur,</span> <span class='ocrx_word' id='word_1_461' title='bbox 1682 3357 1793 3430; x_wconf 88' lang='lat' dir='ltr'>quoties</span> 
     </span>
     <span class='ocr_line' id='line_1_36' title="bbox 128 3446 1791 3525; baseline 0.002 -24"><span class='ocrx_word' id='word_1_462' title='bbox 128 3446 188 3502; x_wconf 90' lang='lat' dir='ltr'>zelo</span> <span class='ocrx_word' id='word_1_463' title='bbox 198 3448 335 3514; x_wconf 91' lang='lat' dir='ltr'>succensi,</span> <span class='ocrx_word' id='word_1_464' title='bbox 350 3449 443 3521; x_wconf 90' lang='lat' dir='ltr'>aliqua</span> <span class='ocrx_word' id='word_1_465' title='bbox 457 3450 564 3521; x_wconf 81' lang='lat' dir='ltr'>syrrodo</span> <span class='ocrx_word' id='word_1_466' title='bbox 578 3450 690 3506; x_wconf 90' lang='lat' dir='ltr'>voluere</span> <span class='ocrx_word' id='word_1_467' title='bbox 704 3466 865 3525; x_wconf 84' lang='lat' dir='ltr'>suggerere,</span> <span class='ocrx_word' id='word_1_468' title='bbox 883 3451 933 3506; x_wconf 89' lang='lat' dir='ltr'>sed</span> <span class='ocrx_word' id='word_1_469' title='bbox 983 3448 1509 3507; x_wconf 80' lang='lat' dir='ltr'>omniumcausatracmtur.»Videlicet</span> <span class='ocrx_word' id='word_1_470' title='bbox 1519 3459 1549 3504; x_wconf 91' lang='lat' dir='ltr'>ut</span> <span class='ocrx_word' id='word_1_471' title='bbox 1559 3449 1791 3505; x_wconf 89' lang='lat' dir='ltr'>cumomniumin</span> 
     </span>
     <span class='ocr_line' id='line_1_37' title="bbox 128 3535 1793 3609; baseline 0.003 -20"><span class='ocrx_word' id='word_1_472' title='bbox 128 3536 314 3592; x_wconf 86' lang='lat' dir='ltr'>motusnostri</span> <span class='ocrx_word' id='word_1_473' title='bbox 329 3535 472 3593; x_wconf 91' lang='lat' dir='ltr'>abeodem</span> <span class='ocrx_word' id='word_1_474' title='bbox 487 3536 642 3594; x_wconf 86' lang='lat' dir='ltr'>venerabili</span> <span class='ocrx_word' id='word_1_475' title='bbox 655 3538 865 3609; x_wconf 90' lang='lat' dir='ltr'>archiepiscopo</span> <span class='ocrx_word' id='word_1_476' title='bbox 881 3538 934 3594; x_wconf 90' lang='lat' dir='ltr'>lle·</span> <span class='ocrx_word' id='word_1_477' title='bbox 984 3538 1065 3592; x_wconf 90' lang='lat' dir='ltr'>unius</span> <span class='ocrx_word' id='word_1_478' title='bbox 1077 3536 1481 3609; x_wconf 87' lang='lat' dir='ltr'>propositionelueritdiffinita</span> <span class='ocrx_word' id='word_1_479' title='bbox 1491 3537 1793 3604; x_wconf 88' lang='lat' dir='ltr'>consultatio,cuncto·</span> 
     </span>
     <span class='ocr_line' id='line_1_38' title="bbox 129 3622 1790 3699; baseline 0.004 -21"><span class='ocrx_word' id='word_1_480' title='bbox 129 3622 215 3697; x_wconf 86' lang='lat' dir='ltr'>migio</span> <span class='ocrx_word' id='word_1_481' title='bbox 231 3623 455 3699; x_wconf 79' lang='lat' dir='ltr'>lugdunensium</span> <span class='ocrx_word' id='word_1_482' title='bbox 479 3633 543 3681; x_wconf 92' lang='lat' dir='ltr'>suut</span> <span class='ocrx_word' id='word_1_483' title='bbox 570 3626 695 3683; x_wconf 90' lang='lat' dir='ltr'>modeste</span> <span class='ocrx_word' id='word_1_484' title='bbox 718 3627 873 3698; x_wconf 91' lang='lat' dir='ltr'>compositi,</span> <span class='ocrx_word' id='word_1_485' title='bbox 900 3642 933 3683; x_wconf 89' lang='lat' dir='ltr'>co</span> <span class='ocrx_word' id='word_1_486' title='bbox 985 3648 1044 3688; x_wconf 93' lang='lat' dir='ltr'>rum</span> <span class='ocrx_word' id='word_1_487' title='bbox 1059 3631 1148 3687; x_wconf 91' lang='lat' dir='ltr'>valeat</span> <span class='ocrx_word' id='word_1_488' title='bbox 1162 3630 1195 3684; x_wconf 94' lang='lat' dir='ltr'>ad</span> <span class='ocrx_word' id='word_1_489' title='bbox 1211 3645 1308 3685; x_wconf 89' lang='lat' dir='ltr'>omnes</span> <span class='ocrx_word' id='word_1_490' title='bbox 1332 3645 1461 3685; x_wconf 91' lang='lat' dir='ltr'>emanare</span> <span class='ocrx_word' id='word_1_491' title='bbox 1478 3629 1590 3685; x_wconf 89' lang='lat' dir='ltr'>solutio.</span> <span class='ocrx_word' id='word_1_492' title='bbox 1614 3629 1790 3684; x_wconf 85' lang='lat' dir='ltr'>llaeceadem</span> 
     </span>
     <span class='ocr_line' id='line_1_39' title="bbox 130 3715 1791 3794; baseline 0.004 -25"><span class='ocrx_word' id='word_1_493' title='bbox 130 3715 326 3771; x_wconf 88' lang='lat' dir='ltr'>venerabiliter</span> <span class='ocrx_word' id='word_1_494' title='bbox 338 3725 494 3788; x_wconf 90' lang='lat' dir='ltr'>perorante,</span> <span class='ocrx_word' id='word_1_495' title='bbox 506 3725 536 3773; x_wconf 90' lang='lat' dir='ltr'>ut</span> <span class='ocrx_word' id='word_1_496' title='bbox 545 3718 568 3773; x_wconf 92' lang='lat' dir='ltr'>sl</span> <span class='ocrx_word' id='word_1_497' title='bbox 583 3733 814 3790; x_wconf 91' lang='lat' dir='ltr'>quorumcunque</span> <span class='ocrx_word' id='word_1_498' title='bbox 826 3726 935 3774; x_wconf 88' lang='lat' dir='ltr'>nostro·</span> <span class='ocrx_word' id='word_1_499' title='bbox 987 3739 1105 3794; x_wconf 90' lang='lat' dir='ltr'>namque</span> <span class='ocrx_word' id='word_1_500' title='bbox 1121 3722 1250 3794; x_wconf 85' lang='lat' dir='ltr'>capitula,</span> <span class='ocrx_word' id='word_1_501' title='bbox 1262 3722 1334 3777; x_wconf 91' lang='lat' dir='ltr'>sicut</span> <span class='ocrx_word' id='word_1_502' title='bbox 1347 3720 1585 3788; x_wconf 85' lang='lat' dir='ltr'>facilereminisci,</span> <span class='ocrx_word' id='word_1_503' title='bbox 1597 3721 1791 3793; x_wconf 78' lang='lat' dir='ltr'>potestisante</span> 
     </span>
     <span class='ocr_line' id='line_1_40' title="bbox 132 3808 1791 3883; baseline 0.002 -21"><span class='ocrx_word' id='word_1_504' title='bbox 132 3824 190 3863; x_wconf 90' lang='lat' dir='ltr'>rum</span> <span class='ocrx_word' id='word_1_505' title='bbox 205 3823 303 3864; x_wconf 89' lang='lat' dir='ltr'>sensus</span> <span class='ocrx_word' id='word_1_506' title='bbox 321 3808 356 3864; x_wconf 91' lang='lat' dir='ltr'>ab</span> <span class='ocrx_word' id='word_1_507' title='bbox 373 3809 476 3864; x_wconf 89' lang='lat' dir='ltr'>eisdem</span> <span class='ocrx_word' id='word_1_508' title='bbox 505 3811 620 3881; x_wconf 90' lang='lat' dir='ltr'>prolatis</span> <span class='ocrx_word' id='word_1_509' title='bbox 642 3809 782 3881; x_wconf 90' lang='lat' dir='ltr'>capitulis,</span> <span class='ocrx_word' id='word_1_510' title='bbox 798 3809 826 3864; x_wconf 91' lang='lat' dir='ltr'>iu</span> <span class='ocrx_word' id='word_1_511' title='bbox 842 3810 935 3882; x_wconf 91' lang='lat' dir='ltr'>aliquo</span> <span class='ocrx_word' id='word_1_512' title='bbox 987 3813 1135 3871; x_wconf 90' lang='lat' dir='ltr'>triennium</span> <span class='ocrx_word' id='word_1_513' title='bbox 1144 3811 1226 3868; x_wconf 92' lang='lat' dir='ltr'>nobis</span> <span class='ocrx_word' id='word_1_514' title='bbox 1238 3811 1337 3867; x_wconf 89' lang='lat' dir='ltr'>invilla</span> <span class='ocrx_word' id='word_1_515' title='bbox 1347 3809 1791 3883; x_wconf 83' lang='lat' dir='ltr'>llothomagensisepiscopii,quae</span> 
     </span>
     <span class='ocr_line' id='line_1_41' title="bbox 131 3899 1793 3975; baseline -0.001 -20"><span class='ocrx_word' id='word_1_516' title='bbox 131 3901 320 3958; x_wconf 90' lang='lat' dir='ltr'>dissentiendo</span> <span class='ocrx_word' id='word_1_517' title='bbox 344 3918 374 3957; x_wconf 90' lang='lat' dir='ltr'>se</span> <span class='ocrx_word' id='word_1_518' title='bbox 399 3911 581 3971; x_wconf 90' lang='lat' dir='ltr'>commueret,</span> <span class='ocrx_word' id='word_1_519' title='bbox 606 3904 640 3959; x_wconf 92' lang='lat' dir='ltr'>ad</span> <span class='ocrx_word' id='word_1_520' title='bbox 667 3904 792 3975; x_wconf 86' lang='lat' dir='ltr'>proxime</span> <span class='ocrx_word' id='word_1_521' title='bbox 818 3902 935 3958; x_wconf 88' lang='lat' dir='ltr'>futuram</span> <span class='ocrx_word' id='word_1_522' title='bbox 987 3899 1793 3975; x_wconf 84' lang='lat' dir='ltr'>llelpsadicitur,quandoinexcubiiscontraNormauno-</span> 
     </span>
     <span class='ocr_line' id='line_1_42' title="bbox 128 3990 1791 4072; baseline -0.001 -26"><span class='ocrx_word' id='word_1_523' title='bbox 128 3992 264 4063; x_wconf 82' lang='lat' dir='ltr'>synodum</span> <span class='ocrx_word' id='word_1_524' title='bbox 276 3994 472 4050; x_wconf 91' lang='lat' dir='ltr'>catholicorum</span> <span class='ocrx_word' id='word_1_525' title='bbox 496 3994 582 4051; x_wconf 90' lang='lat' dir='ltr'>libros</span> <span class='ocrx_word' id='word_1_526' title='bbox 597 3995 739 4051; x_wconf 88' lang='lat' dir='ltr'>doctorum</span> <span class='ocrx_word' id='word_1_527' title='bbox 762 3995 867 4068; x_wconf 91' lang='lat' dir='ltr'>quique</span> <span class='ocrx_word' id='word_1_528' title='bbox 881 3995 933 4050; x_wconf 93' lang='lat' dir='ltr'>de·</span> <span class='ocrx_word' id='word_1_529' title='bbox 986 4013 1046 4051; x_wconf 88' lang='lat' dir='ltr'>rum</span> <span class='ocrx_word' id='word_1_530' title='bbox 1061 3994 1265 4050; x_wconf 88' lang='lat' dir='ltr'>infestationem</span> <span class='ocrx_word' id='word_1_531' title='bbox 1277 3992 1457 4067; x_wconf 90' lang='lat' dir='ltr'>degebamus,</span> <span class='ocrx_word' id='word_1_532' title='bbox 1467 3990 1729 4072; x_wconf 67' lang='lat' dir='ltr'>subtituloqnaslin</span> <span class='ocrx_word' id='word_1_533' title='bbox 1741 3990 1791 4045; x_wconf 90' lang='lat' dir='ltr'>Va-</span> 
     </span>
     <span class='ocr_line' id='line_1_43' title="bbox 129 4081 1792 4158; baseline 0.001 -22"><span class='ocrx_word' id='word_1_534' title='bbox 129 4081 200 4139; x_wconf 86' lang='lat' dir='ltr'>lerre</span> <span class='ocrx_word' id='word_1_535' title='bbox 214 4099 342 4139; x_wconf 87' lang='lat' dir='ltr'>curemus</span> <span class='ocrx_word' id='word_1_536' title='bbox 356 4098 364 4151; x_wconf 88' lang='lat'>;</span> <span class='ocrx_word' id='word_1_537' title='bbox 379 4085 593 4141; x_wconf 89' lang='lat' dir='ltr'>etsiculmelius</span> <span class='ocrx_word' id='word_1_538' title='bbox 603 4087 755 4143; x_wconf 89' lang='lat' dir='ltr'>secundum</span> <span class='ocrx_word' id='word_1_539' title='bbox 771 4085 934 4143; x_wconf 88' lang='lat' dir='ltr'>catholicam</span> <span class='ocrx_word' id='word_1_540' title='bbox 985 4088 1107 4144; x_wconf 90' lang='lat' dir='ltr'>lentiana</span> <span class='ocrx_word' id='word_1_541' title='bbox 1120 4086 1226 4158; x_wconf 82' lang='lat' dir='ltr'>synodo</span> <span class='ocrx_word' id='word_1_542' title='bbox 1239 4084 1394 4155; x_wconf 87' lang='lat' dir='ltr'>conscripta</span> <span class='ocrx_word' id='word_1_543' title='bbox 1405 4083 1520 4150; x_wconf 86' lang='lat' dir='ltr'>fuerint,</span> <span class='ocrx_word' id='word_1_544' title='bbox 1541 4082 1792 4138; x_wconf 89' lang='lat' dir='ltr'>annoincarnatio·</span> 
     </span>
     <span class='ocr_line' id='line_1_44' title="bbox 129 4172 1791 4251; baseline 0.002 -25"><span class='ocrx_word' id='word_1_545' title='bbox 129 4178 156 4225; x_wconf 93' lang='lat' dir='ltr'>ct</span> <span class='ocrx_word' id='word_1_546' title='bbox 167 4172 345 4242; x_wconf 90' lang='lat' dir='ltr'>apostolicam</span> <span class='ocrx_word' id='word_1_547' title='bbox 355 4172 507 4230; x_wconf 88' lang='lat' dir='ltr'>doctrinam</span> <span class='ocrx_word' id='word_1_548' title='bbox 522 4175 551 4229; x_wconf 91' lang='lat' dir='ltr'>in</span> <span class='ocrx_word' id='word_1_549' title='bbox 564 4190 711 4230; x_wconf 92' lang='lat' dir='ltr'>commune</span> <span class='ocrx_word' id='word_1_550' title='bbox 734 4174 933 4241; x_wconf 85' lang='lat' dir='ltr'>invenerimus,</span> <span class='ocrx_word' id='word_1_551' title='bbox 985 4180 1028 4235; x_wconf 91' lang='lat' dir='ltr'>nis</span> <span class='ocrx_word' id='word_1_552' title='bbox 1038 4178 1188 4235; x_wconf 82' lang='lat' dir='ltr'>Dominicae</span> <span class='ocrx_word' id='word_1_553' title='bbox 1199 4175 1672 4251; x_wconf 89' lang='lat' dir='ltr'>octingentesimoquiuquagesimo</span> <span class='ocrx_word' id='word_1_554' title='bbox 1684 4175 1791 4247; x_wconf 89' lang='lat' dir='ltr'>quinto,</span> 
     </span>
     <span class='ocr_line' id='line_1_45' title="bbox 128 4262 1794 4336; baseline 0 -19"><span class='ocrx_word' id='word_1_555' title='bbox 128 4264 273 4319; x_wconf 79' lang='lat' dir='ltr'>decaetero</span> <span class='ocrx_word' id='word_1_556' title='bbox 291 4281 388 4320; x_wconf 90' lang='lat' dir='ltr'>omnes</span> <span class='ocrx_word' id='word_1_557' title='bbox 400 4265 730 4322; x_wconf 88' lang='lat' dir='ltr'>unanimiterteneamns.</span> <span class='ocrx_word' id='word_1_558' title='bbox 743 4267 773 4320; x_wconf 90' lang='lat' dir='ltr'>lu</span> <span class='ocrx_word' id='word_1_559' title='bbox 788 4265 868 4335; x_wconf 86' lang='lat' dir='ltr'>cujus</span> <span class='ocrx_word' id='word_1_560' title='bbox 885 4266 934 4321; x_wconf 93' lang='lat' dir='ltr'>dc·</span> <span class='ocrx_word' id='word_1_561' title='bbox 985 4267 1036 4323; x_wconf 90' lang='lat' dir='ltr'>sub</span> <span class='ocrx_word' id='word_1_562' title='bbox 1047 4266 1176 4321; x_wconf 87' lang='lat' dir='ltr'>Lothario</span> <span class='ocrx_word' id='word_1_563' title='bbox 1186 4265 1353 4336; x_wconf 90' lang='lat' dir='ltr'>imperatore</span> <span class='ocrx_word' id='word_1_564' title='bbox 1360 4262 1566 4329; x_wconf 89' lang='lat' dir='ltr'>dedistis,utad</span> <span class='ocrx_word' id='word_1_565' title='bbox 1582 4263 1628 4318; x_wconf 91' lang='lat' dir='ltr'>illa</span> <span class='ocrx_word' id='word_1_566' title='bbox 1642 4263 1794 4335; x_wconf 84' lang='lat' dir='ltr'>quaenobis</span> 
     </span>
     <span class='ocr_line' id='line_1_46' title="bbox 128 4348 1791 4427; baseline 0.002 -25"><span class='ocrx_word' id='word_1_567' title='bbox 128 4348 239 4406; x_wconf 90' lang='lat' dir='ltr'>votione</span> <span class='ocrx_word' id='word_1_568' title='bbox 254 4352 540 4425; x_wconf 87' lang='lat' dir='ltr'>coepiscoporumque</span> <span class='ocrx_word' id='word_1_569' title='bbox 551 4351 934 4425; x_wconf 75' lang='lat' dir='ltr'>ipsiusdioeceseosqnomm</span> <span class='ocrx_word' id='word_1_570' title='bbox 983 4357 1145 4413; x_wconf 84' lang='lat' dir='ltr'>viderentur</span> <span class='ocrx_word' id='word_1_571' title='bbox 1175 4354 1309 4410; x_wconf 88' lang='lat' dir='ltr'>catholice</span> <span class='ocrx_word' id='word_1_572' title='bbox 1334 4369 1366 4408; x_wconf 87' lang='lat' dir='ltr'>ex</span> <span class='ocrx_word' id='word_1_573' title='bbox 1394 4352 1611 4408; x_wconf 86' lang='lat' dir='ltr'>orthodoxorum</span> <span class='ocrx_word' id='word_1_574' title='bbox 1628 4351 1791 4427; x_wconf 89' lang='lat' dir='ltr'>magisterio</span> 
     </span>
     <span class='ocr_line' id='line_1_47' title="bbox 130 4425 1793 4520; baseline 0 -23"><span class='ocrx_word' id='word_1_575' title='bbox 130 4431 212 4497; x_wconf 81' lang='lat' dir='ltr'>etiam</span> <span class='ocrx_word' id='word_1_576' title='bbox 227 4453 255 4498; x_wconf 89' lang='lat' dir='ltr'>et</span> <span class='ocrx_word' id='word_1_577' title='bbox 269 4451 333 4500; x_wconf 91' lang='lat' dir='ltr'>ante</span> <span class='ocrx_word' id='word_1_578' title='bbox 346 4446 549 4503; x_wconf 78' lang='lat' dir='ltr'>ordinationem</span> <span class='ocrx_word' id='word_1_579' title='bbox 572 4453 694 4503; x_wconf 89' lang='lat' dir='ltr'>mentem</span> <span class='ocrx_word' id='word_1_580' title='bbox 718 4446 880 4503; x_wconf 91' lang='lat' dir='ltr'>catholicam</span> <span class='ocrx_word' id='word_1_581' title='bbox 893 4425 971 4503; x_wconf 77' lang='lat' dir='ltr'>at-l)</span> <span class='ocrx_word' id='word_1_582' title='bbox 984 4448 1225 4520; x_wconf 89' lang='lat' dir='ltr'>responderemus,</span> <span class='ocrx_word' id='word_1_583' title='bbox 1246 4462 1308 4502; x_wconf 94' lang='lat' dir='ltr'>cum</span> <span class='ocrx_word' id='word_1_584' title='bbox 1324 4445 1386 4499; x_wconf 90' lang='lat' dir='ltr'>aliis</span> <span class='ocrx_word' id='word_1_585' title='bbox 1406 4459 1637 4517; x_wconf 91' lang='lat' dir='ltr'>quorumcunque</span> <span class='ocrx_word' id='word_1_586' title='bbox 1671 4442 1793 4515; x_wconf 89' lang='lat' dir='ltr'>scriptis,</span> 
     </span>
     <span class='ocr_line' id='line_1_48' title="bbox 130 4534 1793 4611; baseline -0.001 -22"><span class='ocrx_word' id='word_1_587' title='bbox 130 4535 357 4605; x_wconf 89' lang='lat' dir='ltr'>quedoclrinam,</span> <span class='ocrx_word' id='word_1_588' title='bbox 382 4538 454 4594; x_wconf 93' lang='lat' dir='ltr'>sicut</span> <span class='ocrx_word' id='word_1_589' title='bbox 476 4547 504 4595; x_wconf 88' lang='lat' dir='ltr'>et</span> <span class='ocrx_word' id='word_1_590' title='bbox 522 4555 571 4595; x_wconf 92' lang='lat' dir='ltr'>vos</span> <span class='ocrx_word' id='word_1_591' title='bbox 587 4554 642 4595; x_wconf 92' lang='lat' dir='ltr'>uon</span> <span class='ocrx_word' id='word_1_592' title='bbox 651 4539 727 4605; x_wconf 89' lang='lat' dir='ltr'>latet,</span> <span class='ocrx_word' id='word_1_593' title='bbox 743 4538 933 4610; x_wconf 86' lang='lat' dir='ltr'>cognovimus,</span> <span class='ocrx_word' id='word_1_594' title='bbox 985 4556 1046 4611; x_wconf 87' lang='lat' dir='ltr'>quae</span> <span class='ocrx_word' id='word_1_595' title='bbox 1061 4539 1127 4594; x_wconf 92' lang='lat' dir='ltr'>hinc</span> <span class='ocrx_word' id='word_1_596' title='bbox 1140 4538 1174 4593; x_wconf 92' lang='lat' dir='ltr'>ad</span> <span class='ocrx_word' id='word_1_597' title='bbox 1190 4544 1306 4593; x_wconf 91' lang='lat' dir='ltr'>vestram</span> <span class='ocrx_word' id='word_1_598' title='bbox 1332 4535 1456 4591; x_wconf 91' lang='lat' dir='ltr'>notitiam</span> <span class='ocrx_word' id='word_1_599' title='bbox 1486 4550 1646 4606; x_wconf 88' lang='lat' dir='ltr'>pervenere.</span> <span class='ocrx_word' id='word_1_600' title='bbox 1671 4534 1793 4599; x_wconf 77' lang='lat' dir='ltr'>Quorum</span> 
     </span>
     <span class='ocr_line' id='line_1_49' title="bbox 130 4625 1795 4704; baseline 0.004 -27"><span class='ocrx_word' id='word_1_601' title='bbox 130 4631 263 4694; x_wconf 90' lang='lat' dir='ltr'>quantum</span> <span class='ocrx_word' id='word_1_602' title='bbox 291 4627 384 4682; x_wconf 93' lang='lat' dir='ltr'>sensui</span> <span class='ocrx_word' id='word_1_603' title='bbox 410 4626 570 4698; x_wconf 89' lang='lat' dir='ltr'>pusillitatis</span> <span class='ocrx_word' id='word_1_604' title='bbox 589 4635 689 4685; x_wconf 84' lang='lat' dir='ltr'>nostrae</span> <span class='ocrx_word' id='word_1_605' title='bbox 718 4625 801 4683; x_wconf 83' lang='lat' dir='ltr'>fidem</span> <span class='ocrx_word' id='word_1_606' title='bbox 823 4641 934 4683; x_wconf 90' lang='lat' dir='ltr'>accom·</span> <span class='ocrx_word' id='word_1_607' title='bbox 984 4631 1109 4704; x_wconf 80' lang='lat' dir='ltr'>quaedam</span> <span class='ocrx_word' id='word_1_608' title='bbox 1125 4629 1227 4701; x_wconf 89' lang='lat' dir='ltr'>scripta</span> <span class='ocrx_word' id='word_1_609' title='bbox 1254 4627 1423 4699; x_wconf 89' lang='lat' dir='ltr'>recepimus,</span> <span class='ocrx_word' id='word_1_610' title='bbox 1452 4627 1500 4681; x_wconf 93' lang='lat' dir='ltr'>sed</span> <span class='ocrx_word' id='word_1_611' title='bbox 1520 4641 1553 4681; x_wconf 89' lang='lat' dir='ltr'>ea</span> <span class='ocrx_word' id='word_1_612' title='bbox 1583 4625 1727 4697; x_wconf 87' lang='lat' dir='ltr'>publicare</span> <span class='ocrx_word' id='word_1_613' title='bbox 1743 4643 1795 4683; x_wconf 91' lang='lat' dir='ltr'>no·</span> 
     </span>
     <span class='ocr_line' id='line_1_50' title="bbox 130 4715 1795 4792; baseline 0.002 -23"><span class='ocrx_word' id='word_1_614' title='bbox 130 4715 242 4771; x_wconf 90' lang='lat' dir='ltr'>modare</span> <span class='ocrx_word' id='word_1_615' title='bbox 256 4717 400 4785; x_wconf 92' lang='lat' dir='ltr'>audemus,</span> <span class='ocrx_word' id='word_1_616' title='bbox 416 4720 591 4791; x_wconf 90' lang='lat' dir='ltr'>percepimus</span> <span class='ocrx_word' id='word_1_617' title='bbox 616 4720 682 4792; x_wconf 90' lang='lat' dir='ltr'>quia</span> <span class='ocrx_word' id='word_1_618' title='bbox 696 4735 752 4775; x_wconf 94' lang='lat' dir='ltr'>non</span> <span class='ocrx_word' id='word_1_619' title='bbox 765 4735 798 4775; x_wconf 86' lang='lat' dir='ltr'>ex</span> <span class='ocrx_word' id='word_1_620' title='bbox 810 4719 889 4790; x_wconf 91' lang='lat' dir='ltr'>ipsis,</span> <span class='ocrx_word' id='word_1_621' title='bbox 904 4727 935 4773; x_wconf 92' lang='lat' dir='ltr'>ut</span> <span class='ocrx_word' id='word_1_622' title='bbox 985 4723 1097 4789; x_wconf 89' lang='lat' dir='ltr'>luimus,</span> <span class='ocrx_word' id='word_1_623' title='bbox 1121 4722 1232 4777; x_wconf 84' lang='lat' dir='ltr'>solliciti</span> <span class='ocrx_word' id='word_1_624' title='bbox 1243 4735 1350 4777; x_wconf 76' lang='lat' dir='ltr'>seuere</span> <span class='ocrx_word' id='word_1_625' title='bbox 1369 4721 1499 4774; x_wconf 68' lang='lat' dir='ltr'>naborem</span> <span class='ocrx_word' id='word_1_626' title='bbox 1513 4720 1628 4788; x_wconf 82' lang='lat' dir='ltr'>spiritus</span> <span class='ocrx_word' id='word_1_627' title='bbox 1643 4719 1673 4772; x_wconf 85' lang='lat' dir='ltr'>in</span> <span class='ocrx_word' id='word_1_628' title='bbox 1687 4719 1795 4773; x_wconf 81' lang='lat' dir='ltr'>uinculo</span> 
     </span>
     <span class='ocr_line' id='line_1_51' title="bbox 131 4808 1796 4884; baseline 0.001 -22"><span class='ocrx_word' id='word_1_629' title='bbox 131 4824 186 4864; x_wconf 93' lang='lat' dir='ltr'>nou</span> <span class='ocrx_word' id='word_1_630' title='bbox 199 4808 324 4866; x_wconf 90' lang='lat' dir='ltr'>dicamus</span> <span class='ocrx_word' id='word_1_631' title='bbox 338 4826 387 4882; x_wconf 90' lang='lat' dir='ltr'>per</span> <span class='ocrx_word' id='word_1_632' title='bbox 414 4813 499 4882; x_wconf 90' lang='lat' dir='ltr'>ipsos,</span> <span class='ocrx_word' id='word_1_633' title='bbox 523 4812 633 4884; x_wconf 73' lang='lat' dir='ltr'>&#39;synodo</span> <span class='ocrx_word' id='word_1_634' title='bbox 646 4811 766 4883; x_wconf 88' lang='lat' dir='ltr'>capitula</span> <span class='ocrx_word' id='word_1_635' title='bbox 781 4811 842 4882; x_wconf 91' lang='lat' dir='ltr'>ipsa</span> <span class='ocrx_word' id='word_1_636' title='bbox 857 4810 935 4866; x_wconf 85' lang='lat' dir='ltr'>luere</span> <span class='ocrx_word' id='word_1_637' title='bbox 981 4816 1059 4884; x_wconf 82' lang='lat' dir='ltr'>pacis</span> <span class='ocrx_word' id='word_1_638' title='bbox 1073 4813 1182 4882; x_wconf 84' lang='lat' dir='ltr'>(Ephes.</span> <span class='ocrx_word' id='word_1_639' title='bbox 1199 4828 1236 4879; x_wconf 84' lang='lat' dir='ltr'>vv,</span> <span class='ocrx_word' id='word_1_640' title='bbox 1261 4810 1298 4879; x_wconf 86' lang='lat'>3),</span> <span class='ocrx_word' id='word_1_641' title='bbox 1323 4810 1413 4865; x_wconf 91' lang='lat' dir='ltr'>donec</span> <span class='ocrx_word' id='word_1_642' title='bbox 1431 4825 1494 4865; x_wconf 91' lang='lat' dir='ltr'>cum</span> <span class='ocrx_word' id='word_1_643' title='bbox 1520 4808 1573 4875; x_wconf 89' lang='lat' dir='ltr'>eis,</span> <span class='ocrx_word' id='word_1_644' title='bbox 1589 4808 1636 4881; x_wconf 94' lang='lat' dir='ltr'>qui</span> <span class='ocrx_word' id='word_1_645' title='bbox 1652 4808 1735 4864; x_wconf 89' lang='lat' dir='ltr'>vobis</span> <span class='ocrx_word' id='word_1_646' title='bbox 1749 4809 1796 4863; x_wconf 90' lang='lat' dir='ltr'>illa</span> 
     </span>
    </p>
   </div>
   <div class='ocr_carea' id='block_1_3' title="bbox 31 4897 1796 4976">
    <p class='ocr_par' dir='ltr' id='par_1_3' title="bbox 31 4897 1796 4976">
     <span class='ocr_line' id='line_1_52' title="bbox 31 4897 1796 4976; baseline -0.002 -19"><span class='ocrx_word' id='word_1_647' title='bbox 31 4943 43 4957; x_wconf 33' lang='grc' dir='ltr'><em>κ</em></span> <span class='ocrx_word' id='word_1_648' title='bbox 131 4901 247 4974; x_wconf 87' lang='lat' dir='ltr'>prolata.</span> <span class='ocrx_word' id='word_1_649' title='bbox 265 4902 436 4975; x_wconf 80' lang='lat' dir='ltr'>Quapropter</span> <span class='ocrx_word' id='word_1_650' title='bbox 450 4905 577 4976; x_wconf 91' lang='lat' dir='ltr'>quamvis</span> <span class='ocrx_word' id='word_1_651' title='bbox 591 4904 704 4975; x_wconf 47' lang='lat' dir='ltr'>blando,</span> <span class='ocrx_word' id='word_1_652' title='bbox 718 4903 799 4958; x_wconf 91' lang='lat' dir='ltr'>sibilo</span> <span class='ocrx_word' id='word_1_653' title='bbox 815 4903 936 4974; x_wconf 87' lang='lat' dir='ltr'>eosqui·</span> <span class='ocrx_word' id='word_1_654' title='bbox 985 4900 1203 4967; x_wconf 88' lang='lat' dir='ltr'>transmiserant,</span> <span class='ocrx_word' id='word_1_655' title='bbox 1228 4897 1356 4954; x_wconf 82' lang='lat' dir='ltr'>familiari</span> <span class='ocrx_word' id='word_1_656' title='bbox 1371 4897 1594 4969; x_wconf 88' lang='lat' dir='ltr'>colloqueremur</span> <span class='ocrx_word' id='word_1_657' title='bbox 1608 4911 1750 4966; x_wconf 90' lang='lat' dir='ltr'>sermone,</span> <span class='ocrx_word' id='word_1_658' title='bbox 1767 4905 1796 4953; x_wconf 92' lang='lat' dir='ltr'>et</span> 
     </span>
    </p>
   </div>
   <div class='ocr_carea' id='block_1_4' title="bbox 131 4984 1800 5703">
    <p class='ocr_par' dir='ltr' id='par_1_4' title="bbox 131 4984 1800 5703">
     <span class='ocr_line' id='line_1_53' title="bbox 132 4984 1794 5065; baseline -0.002 -21"><span class='ocrx_word' id='word_1_659' title='bbox 132 4990 195 5044; x_wconf 92' lang='lat' dir='ltr'>dam</span> <span class='ocrx_word' id='word_1_660' title='bbox 208 4990 358 5046; x_wconf 88' lang='lat' dir='ltr'>charaxare</span> <span class='ocrx_word' id='word_1_661' title='bbox 372 4991 510 5048; x_wconf 88' lang='lat' dir='ltr'>voluerint</span> <span class='ocrx_word' id='word_1_662' title='bbox 522 4992 680 5065; x_wconf 86' lang='lat' dir='ltr'>decoquod</span> <span class='ocrx_word' id='word_1_663' title='bbox 692 4999 804 5047; x_wconf 91' lang='lat' dir='ltr'>sauctus</span> <span class='ocrx_word' id='word_1_664' title='bbox 815 4989 938 5047; x_wconf 86' lang='lat' dir='ltr'>Coelesti-</span> <span class='ocrx_word' id='word_1_665' title='bbox 986 5004 1019 5046; x_wconf 88' lang='lat' dir='ltr'>co</span> <span class='ocrx_word' id='word_1_666' title='bbox 1032 4989 1055 5044; x_wconf 94' lang='lat' dir='ltr'>si</span> <span class='ocrx_word' id='word_1_667' title='bbox 1073 4988 1166 5059; x_wconf 89' lang='lat' dir='ltr'>aliquo</span> <span class='ocrx_word' id='word_1_668' title='bbox 1181 4987 1264 5042; x_wconf 92' lang='lat' dir='ltr'>modo</span> <span class='ocrx_word' id='word_1_669' title='bbox 1288 4985 1454 5053; x_wconf 89' lang='lat' dir='ltr'>valeremus,</span> <span class='ocrx_word' id='word_1_670' title='bbox 1469 4985 1503 5040; x_wconf 92' lang='lat' dir='ltr'>ab</span> <span class='ocrx_word' id='word_1_671' title='bbox 1526 4986 1577 5040; x_wconf 91' lang='lat' dir='ltr'>hac</span> <span class='ocrx_word' id='word_1_672' title='bbox 1591 5000 1677 5056; x_wconf 85' lang='lat' dir='ltr'>prava</span> <span class='ocrx_word' id='word_1_673' title='bbox 1697 4984 1794 5040; x_wconf 90' lang='lat' dir='ltr'>inten-</span> 
     </span>
     <span class='ocr_line' id='line_1_54' title="bbox 134 5076 1795 5156; baseline -0.001 -20"><span class='ocrx_word' id='word_1_674' title='bbox 134 5098 186 5136; x_wconf 91' lang='lat' dir='ltr'>nus</span> <span class='ocrx_word' id='word_1_675' title='bbox 196 5083 344 5156; x_wconf 90' lang='lat' dir='ltr'>episcopos</span> <span class='ocrx_word' id='word_1_676' title='bbox 355 5083 508 5140; x_wconf 86' lang='lat' dir='ltr'>Gallicanos</span> <span class='ocrx_word' id='word_1_677' title='bbox 519 5083 659 5156; x_wconf 86' lang='lat' dir='ltr'>redarguit</span> <span class='ocrx_word' id='word_1_678' title='bbox 674 5082 805 5154; x_wconf 69' lang='lat' dir='ltr'>(Caucasi.</span> <span class='ocrx_word' id='word_1_679' title='bbox 820 5083 889 5151; x_wconf 82' lang='lat' dir='ltr'>epist</span> <span class='ocrx_word' id='word_1_680' title='bbox 908 5082 936 5149; x_wconf 86' lang='lat' dir='ltr'>l,</span> <span class='ocrx_word' id='word_1_681' title='bbox 987 5080 1104 5137; x_wconf 91' lang='lat' dir='ltr'>tionead</span> <span class='ocrx_word' id='word_1_682' title='bbox 1115 5078 1329 5135; x_wconf 81' lang='lat' dir='ltr'>catholicaelidci</span> <span class='ocrx_word' id='word_1_683' title='bbox 1342 5077 1475 5134; x_wconf 90' lang='lat' dir='ltr'>unitatem</span> <span class='ocrx_word' id='word_1_684' title='bbox 1491 5083 1660 5147; x_wconf 90' lang='lat' dir='ltr'>cooperante</span> <span class='ocrx_word' id='word_1_685' title='bbox 1675 5076 1795 5134; x_wconf 83' lang='lat' dir='ltr'>Domino</span> 
     </span>
     <span class='ocr_line' id='line_1_55' title="bbox 131 5167 1797 5248; baseline -0.001 -22"><span class='ocrx_word' id='word_1_686' title='bbox 131 5187 155 5227; x_wconf 90' lang='lat' dir='ltr'>c.</span> <span class='ocrx_word' id='word_1_687' title='bbox 169 5173 208 5241; x_wconf 87' lang='lat' dir='ltr'>l),</span> <span class='ocrx_word' id='word_1_688' title='bbox 223 5174 319 5231; x_wconf 88' lang='lat' dir='ltr'>diceus</span> <span class='ocrx_word' id='word_1_689' title='bbox 336 5192 343 5230; x_wconf 77' lang='lat' dir='ltr'><em>z</em></span> <span class='ocrx_word' id='word_1_690' title='bbox 362 5195 373 5225; x_wconf 82' lang='grc' dir='ltr'>ι</span> <span class='ocrx_word' id='word_1_691' title='bbox 388 5176 456 5241; x_wconf 81' lang='lat' dir='ltr'>Quid</span> <span class='ocrx_word' id='word_1_692' title='bbox 472 5175 539 5244; x_wconf 87' lang='lat' dir='ltr'>illic,</span> <span class='ocrx_word' id='word_1_693' title='bbox 554 5174 720 5248; x_wconf 91' lang='lat' dir='ltr'>iuquit,spei</span> <span class='ocrx_word' id='word_1_694' title='bbox 735 5180 777 5230; x_wconf 92' lang='lat' dir='ltr'>est</span> <span class='ocrx_word' id='word_1_695' title='bbox 791 5172 837 5228; x_wconf 94' lang='lat' dir='ltr'>ubi</span> <span class='ocrx_word' id='word_1_696' title='bbox 848 5172 937 5245; x_wconf 89' lang='lat' dir='ltr'>magl-</span> <span class='ocrx_word' id='word_1_697' title='bbox 987 5187 1189 5231; x_wconf 90' lang='lat' dir='ltr'>revocaremus.</span> <span class='ocrx_word' id='word_1_698' title='bbox 1202 5171 1255 5226; x_wconf 88' lang='lat' dir='ltr'>Sed</span> <span class='ocrx_word' id='word_1_699' title='bbox 1275 5171 1340 5243; x_wconf 91' lang='lat' dir='ltr'>quia</span> <span class='ocrx_word' id='word_1_700' title='bbox 1352 5170 1451 5242; x_wconf 89' lang='lat' dir='ltr'>partim</span> <span class='ocrx_word' id='word_1_701' title='bbox 1476 5167 1707 5239; x_wconf 87' lang='lat' dir='ltr'>occupationibus</span> <span class='ocrx_word' id='word_1_702' title='bbox 1723 5185 1797 5240; x_wconf 81' lang='lat' dir='ltr'>prae-</span> 
     </span>
     <span class='ocr_line' id='line_1_56' title="bbox 134 5259 1800 5341; baseline -0.001 -23"><span class='ocrx_word' id='word_1_703' title='bbox 134 5265 198 5320; x_wconf 89' lang='lat' dir='ltr'>stris</span> <span class='ocrx_word' id='word_1_704' title='bbox 209 5268 363 5325; x_wconf 87' lang='lat' dir='ltr'>tacentibus</span> <span class='ocrx_word' id='word_1_705' title='bbox 389 5269 415 5324; x_wconf 92' lang='lat' dir='ltr'>hi</span> <span class='ocrx_word' id='word_1_706' title='bbox 445 5268 596 5341; x_wconf 90' lang='lat' dir='ltr'>loquuntur</span> <span class='ocrx_word' id='word_1_707' title='bbox 609 5267 668 5339; x_wconf 94' lang='lat' dir='ltr'>qui,</span> <span class='ocrx_word' id='word_1_708' title='bbox 684 5267 707 5322; x_wconf 90' lang='lat' dir='ltr'>si</span> <span class='ocrx_word' id='word_1_709' title='bbox 720 5266 757 5321; x_wconf 89' lang='lat' dir='ltr'>ita</span> <span class='ocrx_word' id='word_1_710' title='bbox 772 5271 825 5330; x_wconf 89' lang='lat' dir='ltr'>est,</span> <span class='ocrx_word' id='word_1_711' title='bbox 841 5279 935 5319; x_wconf 90' lang='lat' dir='ltr'>eorum</span> <span class='ocrx_word' id='word_1_712' title='bbox 987 5267 1084 5340; x_wconf 91' lang='lat' dir='ltr'>pediti,</span> <span class='ocrx_word' id='word_1_713' title='bbox 1098 5265 1197 5338; x_wconf 89' lang='lat' dir='ltr'>partim</span> <span class='ocrx_word' id='word_1_714' title='bbox 1212 5271 1302 5320; x_wconf 92' lang='lat' dir='ltr'>autem</span> <span class='ocrx_word' id='word_1_715' title='bbox 1320 5264 1347 5318; x_wconf 90' lang='lat' dir='ltr'>in</span> <span class='ocrx_word' id='word_1_716' title='bbox 1362 5261 1492 5318; x_wconf 85' lang='lat' dir='ltr'>fraternis</span> <span class='ocrx_word' id='word_1_717' title='bbox 1510 5259 1688 5316; x_wconf 88' lang='lat' dir='ltr'>suasionibus</span> <span class='ocrx_word' id='word_1_718' title='bbox 1703 5260 1800 5316; x_wconf 88' lang='lat' dir='ltr'>miuus</span> 
     </span>
     <span class='ocr_line' id='line_1_57' title="bbox 133 5348 1798 5429; baseline -0.005 -17"><span class='ocrx_word' id='word_1_719' title='bbox 133 5356 264 5427; x_wconf 91' lang='lat' dir='ltr'>discipuli</span> <span class='ocrx_word' id='word_1_720' title='bbox 277 5374 333 5414; x_wconf 90' lang='lat' dir='ltr'>non</span> <span class='ocrx_word' id='word_1_721' title='bbox 359 5359 470 5417; x_wconf 92' lang='lat' dir='ltr'>fuerunt</span> <span class='ocrx_word' id='word_1_722' title='bbox 489 5359 503 5413; x_wconf 84' lang='lat' dir='ltr'>l</span> <span class='ocrx_word' id='word_1_723' title='bbox 518 5360 601 5415; x_wconf 88' lang='lat' dir='ltr'>timeo</span> <span class='ocrx_word' id='word_1_724' title='bbox 612 5374 647 5414; x_wconf 93' lang='lat' dir='ltr'>ne</span> <span class='ocrx_word' id='word_1_725' title='bbox 667 5357 816 5415; x_wconf 89' lang='lat' dir='ltr'>connivere</span> <span class='ocrx_word' id='word_1_726' title='bbox 826 5355 871 5422; x_wconf 91' lang='lat' dir='ltr'>sit,</span> <span class='ocrx_word' id='word_1_727' title='bbox 887 5355 936 5410; x_wconf 91' lang='lat' dir='ltr'>hoc</span> <span class='ocrx_word' id='word_1_728' title='bbox 987 5373 1070 5429; x_wconf 94' lang='lat' dir='ltr'>quam</span> <span class='ocrx_word' id='word_1_729' title='bbox 1081 5369 1193 5411; x_wconf 88' lang='lat' dir='ltr'>necesse</span> <span class='ocrx_word' id='word_1_730' title='bbox 1209 5352 1307 5419; x_wconf 86' lang='lat' dir='ltr'>fuerat,</span> <span class='ocrx_word' id='word_1_731' title='bbox 1322 5351 1460 5418; x_wconf 92' lang='lat' dir='ltr'>obauditi,</span> <span class='ocrx_word' id='word_1_732' title='bbox 1473 5364 1601 5422; x_wconf 90' lang='lat' dir='ltr'>eosquos</span> <span class='ocrx_word' id='word_1_733' title='bbox 1616 5348 1798 5403; x_wconf 90' lang='lat' dir='ltr'>muneredis·</span> 
     </span>
     <span class='ocr_line' id='line_1_58' title="bbox 132 5439 1795 5527; baseline -0.007 -23"><span class='ocrx_word' id='word_1_734' title='bbox 132 5455 234 5504; x_wconf 88' lang='lat' dir='ltr'>tacere.</span> <span class='ocrx_word' id='word_1_735' title='bbox 247 5448 341 5504; x_wconf 87' lang='lat' dir='ltr'>Timeo</span> <span class='ocrx_word' id='word_1_736' title='bbox 354 5467 389 5506; x_wconf 91' lang='lat' dir='ltr'>ne</span> <span class='ocrx_word' id='word_1_737' title='bbox 403 5451 491 5527; x_wconf 89' lang='lat' dir='ltr'>magis</span> <span class='ocrx_word' id='word_1_738' title='bbox 502 5450 554 5522; x_wconf 90' lang='lat' dir='ltr'>ipsi</span> <span class='ocrx_word' id='word_1_739' title='bbox 567 5452 725 5521; x_wconf 91' lang='lat' dir='ltr'>loquantur,</span> <span class='ocrx_word' id='word_1_740' title='bbox 742 5449 764 5503; x_wconf 89' lang='lat' dir='ltr'>si</span> <span class='ocrx_word' id='word_1_741' title='bbox 775 5448 938 5520; x_wconf 88' lang='lat' dir='ltr'>permittunt</span> <span class='ocrx_word' id='word_1_742' title='bbox 988 5447 1133 5520; x_wconf 87' lang='lat' dir='ltr'>posuimus</span> <span class='ocrx_word' id='word_1_743' title='bbox 1147 5447 1173 5518; x_wconf 79' lang='lat' dir='ltr'>la</span> <span class='ocrx_word' id='word_1_744' title='bbox 1197 5461 1247 5500; x_wconf 89' lang='lat' dir='ltr'>sua</span> <span class='ocrx_word' id='word_1_745' title='bbox 1269 5444 1423 5500; x_wconf 91' lang='lat' dir='ltr'>intentione</span> <span class='ocrx_word' id='word_1_746' title='bbox 1449 5456 1578 5497; x_wconf 90' lang='lat' dir='ltr'>revocare</span> <span class='ocrx_word' id='word_1_747' title='bbox 1605 5439 1795 5511; x_wconf 89' lang='lat' dir='ltr'>nequivimus.</span> 
     </span>
     <span class='ocr_line' id='line_1_59' title="bbox 134 5526 1798 5613; baseline -0.008 -20"><span class='ocrx_word' id='word_1_748' title='bbox 134 5539 189 5595; x_wconf 90' lang='lat' dir='ltr'>illis</span> <span class='ocrx_word' id='word_1_749' title='bbox 203 5539 295 5596; x_wconf 89' lang='lat' dir='ltr'>taliter</span> <span class='ocrx_word' id='word_1_750' title='bbox 309 5540 395 5613; x_wconf 87' lang='lat' dir='ltr'>loqui.</span> <span class='ocrx_word' id='word_1_751' title='bbox 413 5544 442 5598; x_wconf 92' lang='lat' dir='ltr'>ln</span> <span class='ocrx_word' id='word_1_752' title='bbox 465 5542 567 5599; x_wconf 82' lang='lat' dir='ltr'>talibus</span> <span class='ocrx_word' id='word_1_753' title='bbox 589 5541 681 5598; x_wconf 91' lang='lat' dir='ltr'>causis</span> <span class='ocrx_word' id='word_1_754' title='bbox 708 5539 865 5612; x_wconf 90' lang='lat' dir='ltr'>suspicione</span> <span class='ocrx_word' id='word_1_755' title='bbox 881 5552 937 5594; x_wconf 89' lang='lat' dir='ltr'>nou</span> <span class='ocrx_word' id='word_1_756' title='bbox 989 5537 1064 5592; x_wconf 89' lang='lat' dir='ltr'>Unde</span> <span class='ocrx_word' id='word_1_757' title='bbox 1079 5535 1144 5610; x_wconf 91' lang='lat' dir='ltr'>quia</span> <span class='ocrx_word' id='word_1_758' title='bbox 1168 5534 1238 5590; x_wconf 90' lang='lat' dir='ltr'>sicut</span> <span class='ocrx_word' id='word_1_759' title='bbox 1270 5531 1416 5601; x_wconf 79' lang='lat' dir='ltr'>hpostolus</span> <span class='ocrx_word' id='word_1_760' title='bbox 1432 5547 1438 5584; x_wconf 94' lang='lat'>:</span> <span class='ocrx_word' id='word_1_761' title='bbox 1456 5527 1641 5598; x_wconf 81' lang='lat' dir='ltr'>Quorumdam</span> <span class='ocrx_word' id='word_1_762' title='bbox 1655 5526 1798 5581; x_wconf 85' lang='lat' dir='ltr'>hominum</span> 
     </span>
     <span class='ocr_line' id='line_1_60' title="bbox 134 5613 1798 5703; baseline -0.01 -19"><span class='ocrx_word' id='word_1_763' title='bbox 134 5635 209 5687; x_wconf 88' lang='lat' dir='ltr'>carel</span> <span class='ocrx_word' id='word_1_764' title='bbox 222 5628 403 5698; x_wconf 80' lang='lat' dir='ltr'>taciturnitas,</span> <span class='ocrx_word' id='word_1_765' title='bbox 419 5631 485 5703; x_wconf 91' lang='lat' dir='ltr'>quia</span> <span class='ocrx_word' id='word_1_766' title='bbox 498 5638 656 5689; x_wconf 88' lang='lat' dir='ltr'>occurreret</span> <span class='ocrx_word' id='word_1_767' title='bbox 668 5629 779 5696; x_wconf 87' lang='lat' dir='ltr'>veritas,</span> <span class='ocrx_word' id='word_1_768' title='bbox 795 5628 818 5684; x_wconf 90' lang='lat' dir='ltr'>si</span> <span class='ocrx_word' id='word_1_769' title='bbox 832 5627 936 5684; x_wconf 88' lang='lat' dir='ltr'>falsitas</span> <span class='ocrx_word' id='word_1_770' title='bbox 985 5631 1095 5696; x_wconf 83' lang='lat' dir='ltr'>peccota</span> <span class='ocrx_word' id='word_1_771' title='bbox 1105 5624 1252 5691; x_wconf 66' lang='lat' dir='ltr'>manifesta</span> <span class='ocrx_word' id='word_1_772' title='bbox 1265 5625 1329 5676; x_wconf 83' lang='lat' dir='ltr'>suat</span> <span class='ocrx_word' id='word_1_773' title='bbox 1343 5623 1366 5689; x_wconf 74' lang='lat' dir='ltr'>tl</span> <span class='ocrx_word' id='word_1_774' title='bbox 1382 5622 1455 5676; x_wconf 82' lang='lat' dir='ltr'>Tom.</span> <span class='ocrx_word' id='word_1_775' title='bbox 1478 5635 1505 5683; x_wconf 82' lang='lat' dir='ltr'>v,</span> <span class='ocrx_word' id='word_1_776' title='bbox 1531 5616 1586 5683; x_wconf 74' lang='lat' dir='ltr'>att,</span> <span class='ocrx_word' id='word_1_777' title='bbox 1602 5621 1630 5669; x_wconf 91' lang='lat' dir='ltr'>et</span> <span class='ocrx_word' id='word_1_778' title='bbox 1642 5629 1705 5684; x_wconf 83' lang='lat' dir='ltr'>quae</span> <span class='ocrx_word' id='word_1_779' title='bbox 1715 5613 1798 5669; x_wconf 89' lang='lat' dir='ltr'>aliter</span> 
     </span>
    </p>
   </div>
   <div class='ocr_carea' id='block_1_5' title="bbox 0 0 1940 6100">
    <p class='ocr_par' dir='ltr' id='par_1_5' title="bbox 0 0 1940 6100">
     <span class='ocr_line' id='line_1_61' title="bbox 0 0 1940 6100; baseline 0 0"><span class='ocrx_word' id='word_1_780' title='bbox 0 0 1940 6100; x_wconf 95' lang='lat' dir='ltr'> </span> 
     </span>
    </p>
   </div>
  </div>
 </body>
</html>
