3840 6106
96 246 169 303 -aol
430 242 473 298 llll
493 241 625 301 callisti
644 243 824 301 TlilUlll’lllS
844 242 931 298 tabo
950 245 1084 302 trattati
1104 249 1192 305 Cllllll
1212 248 1276 304 xtv.
1296 280 1330 293 -·
1352 250 1414 307 tle.
1435 250 1479 306 tx.
1737 249 1791 305 762

118 414 134 440 α
155 388 469 464 lniquitetisfinquiunt)
482 406 564 447 causa
577 396 630 447 tuae

119 479 319 537 Communiona
335 479 454 551 publioae
468 479 509 534 rei
523 480 666 535 absumus.

119 570 180 627 lam
200 575 226 625 le
238 570 386 624 salutatum
402 568 441 624 ire
455 584 513 624 nen
527 568 663 624 exibimus

119 665 187 721 llam
204 663 301 718 Christi
317 663 421 718 alumni
437 663 551 719 veritate
566 664 702 740 degimus.

118 783 155 793 -
169 751 406 808 Considerandum
417 758 469 818 est,
485 752 526 808 iris
547 752 628 808 relert
639 760 773 824 apostata,

119 843 187 899 linla
200 843 322 898 nutritus
337 843 395 915 rogi
405 843 504 898 adesse
521 844 596 919 regia

118 935 225 990 [lebera
240 935 357 1006 primos,
377 943 408 991 ut
422 934 510 990 colam
526 935 629 1007 palatii,

120 1025 286 1082 Contemnar
299 1033 408 1082 antem:
422 1041 560 1099 quaerone
575 1025 661 1082 temni
673 1042 784 1099 queam.
808 1050 820 1073 n

119 1115 245 1171 Fratres:
267 1140 280 1163 ι
300 1115 359 1171 Tibi
370 1117 441 1172 hanc
451 1116 572 1173 ieramus
584 1118 805 1190 haudinjurlam,

119 1204 274 1260 blortalinm
286 1221 369 1278 quern
385 1204 566 1277 praeferamus
579 1213 610 1262 nt
621 1205 684 1274 tibi;

120 1292 197 1359 Coti,
212 1309 244 1349 ac
257 1295 320 1361 sali,
337 1294 443 1349 telluris
455 1301 540 1367 atque
559 1295 717 1367 praesulem,

119 1382 169 1448 oni
180 1382 246 1437 iecit
259 1398 375 1455 usquam
384 1383 520 1456 quidquid
534 1390 577 1439 est
590 1385 788 1456 praeponimus.

120 1474 301 1547 llominisquc
317 1476 478 1547 temporalis
493 1476 559 1531 inde
567 1476 682 1551 gloriam

120 1566 260 1639 fugimus,
277 1567 391 1638 superni
407 1568 480 1641 regis
493 1568 541 1623 irae
552 1568 659 1639 providi

118 1655 251 1728 Teneqne
265 1656 337 1711 scire
353 1672 404 1711 nec
414 1657 531 1712 salutatu
546 1664 594 1713 tuo

120 1749 228 1807 Cultum
240 1767 291 1807 nos
303 1752 380 1808 adire
393 1751 450 1820 jam
463 1752 575 1824 palatie.

117 1872 154 1882 -
163 1842 263 1898 llecem
278 1845 431 1913 (tyrannus)
443 1858 493 1899 vos
508 1841 608 1897 diebus
622 1842 707 1898 edere

117 1929 247 1988 Concedo
262 1938 382 1988 mentem
396 1931 535 1987 cautionis
550 1932 670 1998 tramite,

117 2021 314 2077 sodalitatem
327 2029 426 2093 sponte
440 2028 534 2078 nostra
546 2023 675 2090 utamini,

118 2114 171 2168 Ant
185 2113 312 2184 publicos
324 2113 449 2185 plectens
461 2123 491 2169 ut
503 2114 598 2170 hostes
613 2114 710 2186 punio.
726 2136 737 2164 ι

118 2201 198 2257 Viros
208 2202 281 2258 beati
293 2209 350 2258 turn
365 2202 461 2259 lideles
475 2204 620 2272 advocant,

119 2295 175 2350 lles
188 2293 349 2350 ordinantes
361 2310 430 2368 quas
447 2295 547 2368 reliqui
562 2311 718 2368 praecavere

117 2387 186 2443 Toto
205 2393 334 2442 vacantes
348 2387 444 2459 copias
460 2388 608 2464 egentibus

119 2479 297 2535 lndnciarum
313 2479 458 2554 largiendo
473 2489 609 2552 tempure.

117 2566 237 2623 Postlrac
250 2566 433 2623 Terentianus
448 2569 500 2625 bos
509 2569 562 2624 snb
575 2569 688 2642 propria

117 2662 238 2718 Adortus
252 2663 312 2718 aede
326 2671 388 2718 vota
404 2662 501 2719 dautes
515 2664 655 2735 repperit:

118 2755 138 2807 ll
154 2770 220 2829 rege
231 2754 320 2809 lassus
333 2770 447 2809 aureum
462 2754 535 2810 mitti
549 2754 645 2811 lovem

118 2845 168 2901 Cui
186 2847 266 2902 tlrura
280 2847 407 2923 llagrcnt,
422 2847 506 2904 laisei
527 2847 681 2914 litantibus,

940 374 1030 444 Atat
1044 375 1190 432 obstinatis
1199 377 1269 434 eolla
1279 394 1373 435 mucro
1389 384 1522 446 transcat,

979 464 1016 518 Nc
1032 481 1097 541 rege
1112 467 1189 542 digni
1201 467 1249 539 qui
1263 469 1358 524 nutriti
1372 469 1448 543 regia

979 553 1136 630 Vulgarium
1152 555 1294 612 caedantur
1307 555 1360 612 acti
1370 557 1521 616 obtutibus.

984 666 997 698 a
1016 647 1148 702 [lominus
1162 654 1225 703 tuus
1237 647 1260 701 si
1272 647 1398 702 lulianus
1412 648 1569 720 (inquiunt).

981 735 1085 792 llabeto
1099 751 1194 808 parem
1208 736 1264 804 jam
1278 742 1324 790 tuo
1340 751 1402 791 cum
1420 736 1543 808 principe

982 825 1067 882 Nobis
1076 832 1103 880 et
1117 824 1187 880 alius
1203 839 1258 879 non
1272 824 1335 888 crit,
1349 824 1429 880 Pater
1441 823 1507 890 nisi,

981 922 1121 994 Notusque
1135 919 1221 987 solus,
1237 925 1349 976 sanctus
1362 926 1445 991 atque
1459 919 1588 991 Spiritus.
1610 939 1621 971 ι

982 1014 1102 1084 laquem
1116 1012 1275 1068 renuntiare
1286 1025 1340 1066 non
1357 1018 1400 1066 est
1414 1010 1534 1077 territus,

983 1105 1051 1160 llnic
1064 1108 1092 1160 et
1107 1104 1155 1160 Dei
1167 1103 1306 1175 proiectus
1321 1102 1543 1172 aconspectibns

982 1199 1148 1256 Cerditlonis
1161 1206 1214 1254 stat
1229 1213 1324 1270 parare
1338 1197 1500 1268 complices,

982 1292 1084 1348 Suasor
1096 1292 1151 1346 alto
1166 1290 1323 1361 procubans
1337 1289 1488 1346 certandae

983 1383 1094 1455 tperire
1110 1390 1210 1439 terram
1224 1382 1311 1449 serit,
1332 1389 1360 1437 et
1371 1379 1548 1436 venientibus

983 1474 1065 1532 Ferus
1078 1476 1207 1546 sepulcra
1221 1473 1348 1545 providet
1363 1472 1529 1537 domestica,

981 1567 1042 1624 lllox
1057 1574 1085 1623 et
1098 1566 1290 1623 resectiscolla
1300 1565 1454 1637 submergit
1462 1564 1560 1619 scrobe

981 1657 1103 1731 Vulgans
1114 1656 1231 1726 jubente
1243 1656 1317 1728 quod
1332 1655 1458 1711 exulares
1469 1654 1584 1710 Caesare.

943 1718 1063 1811 BQuam
1081 1752 1144 1816 post
1156 1744 1305 1816 procellam
1316 1744 1372 1812 jam
1388 1759 1488 1799 sereno
1503 1742 1612 1798 reddito

979 1841 1069 1896 linitae
1082 1840 1196 1897 subacto
1206 1839 1324 1896 vindicis
1337 1845 1427 1910 strage
1442 1837 1539 1909 impio,

978 1936 1139 1990 Sanctorum
1155 1948 1273 2008 agonem
1286 1930 1451 1988 confitentes
1466 1930 1607 1987 dromones

978 2024 1108 2079 Possessa
1122 2029 1193 2077 tacto
1208 2037 1273 2077 vasa
1284 2020 1414 2091 linquunt
1426 2019 1532 2074 limiae.

976 2117 1132 2173 Terentinni
1149 2117 1202 2172 buc
1214 2123 1274 2171 acta
1288 2115 1381 2187 proles
1393 2114 1504 2169 llamine

981 2213 1084 2268 Clamat
1100 2211 1188 2267 beatis
1201 2226 1262 2266 sese
1276 2209 1354 2265 aduri
1366 2208 1504 2263 iratribus.

981 2306 1061 2361 Pater
1075 2303 1189 2376 periclis
1204 2302 1332 2358 incitatus
1345 2300 1403 2365 filii,

982 2393 1010 2448 ln
1022 2390 1326 2464 oralapsus,1praedima
1341 2389 1458 2460 piacula,

980 2485 1051 2539 Petit
1066 2484 1181 2551 lavacra,
1197 2481 1319 2538 luctibus
1337 2480 1385 2535 dat
1397 2478 1533 2550 lacrymas

982 2574 1091 2629 Piorum
1105 2573 1139 2627 ad
1153 2586 1250 2626 rrrnam
1266 2570 1383 2626 solvitur
1397 2567 1462 2622 dum
1478 2564 1552 2620 lilius

981 2661 1044 2717 Tam
1062 2660 1198 2734 passionis
1210 2667 1286 2734 gesta
1304 2673 1366 2730 quae
1381 2661 1526 2729 peregerat

982 2755 1169 2814 Conlessionis
1184 2755 1242 2810 dira
1262 2767 1383 2826 purgans
1398 2749 1526 2822 lacrymis

982 2849 1067 2907 Certis
1081 2857 1155 2905 arata
1169 2846 1322 2921 propalavit
1335 2845 1455 2919 paginis.

867 3008 971 3066 CAPUT
990 3010 1046 3066 llll.

628 3141 789 3202 Desoaotis
807 3141 970 3215 detraccio,
992 3139 1144 3202 Gordiano
1160 3148 1186 3199 rt
1201 3137 1298 3200 sociis.

155 3313 252 3370 Plures
267 3314 347 3370 beata
361 3315 556 3388 tergiversator
567 3330 637 3372 nece

228 3403 327 3459 Christi
337 3403 455 3460 sacravit
465 3403 576 3476 deiuge.

155 3495 224 3549 bum
241 3493 342 3549 crescit
357 3501 432 3551 atrox
448 3494 489 3549 ira
503 3494 567 3550 ricti
582 3494 710 3565 publicis,

232 3586 315 3660 Legat
330 3586 391 3657 pios
400 3586 552 3651 custodiis;
585 3654 588 3659 ι

156 3675 221 3731 lliro
236 3675 475 3747 prehensumjnre
491 3675 651 3731 ianuarium

228 3765 303 3820 Tune
316 3764 454 3821 Gordiano
470 3765 601 3837 deputat:

156 3859 198 3914 Pii
211 3858 343 3914 sacerdos
357 3857 431 3932 regis
443 3859 533 3914 almus
548 3858 639 3931 impiae

230 3948 313 4003 llatur
325 3947 390 4002 lerae
404 3947 517 4005 vicario.

155 4037 219 4105 Qui,
236 4039 301 4093 dum
313 4039 440 4094 modesto
452 4039 537 4094 verba
551 4040 634 4095 corde
650 4040 777 4112 percipit,

231 4134 307 4190 Fidei
322 4134 445 4206 repletur
463 4135 565 4207 Spiritu
581 4154 588 4200 ;

156 4227 246 4282 Urere
259 4227 356 4294 iuncta
370 4226 411 4283 sic
423 4227 526 4283 llarina
542 4230 655 4286 riomiae

230 4316 374 4374 lloxlonte
388 4309 453 4375 divo
466 4319 598 4395 tingitur;

156 4408 262 4463 Tarnuli
275 4415 403 4480 petentes
414 4426 490 4466 sacra
503 4411 583 4467 denis
598 4413 748 4486 quinquies

228 4501 359 4558 Dominus
373 4511 528 4575 sequuntur
541 4506 670 4576 amplius.

153 4591 221 4656 Quae
234 4598 313 4666 gesta
322 4607 395 4648 saevo
408 4591 473 4648 dum
490 4593 617 4649 teruntur
627 4595 741 4663 arbitro,

228 4680 343 4753 Scriptis
356 4690 504 4755 utrumque
520 4684 647 4755 perculit,

155 4770 188 4826 Et
201 4771 369 4828 Gordianum
385 4759 535 4849 subrogato
546 4773 641 4845 judice

1091 3326 1174 3380 antro
1188 3322 1305 3379 retrudit
1320 3321 1431 3393 publico
1446 3337 1454 3386 ;

1020 3415 1125 3471 Custm
1138 3411 1260 3488 jugalem
1276 3411 1345 3492 dans
1357 3425 1444 3482 aquas
1458 3407 1492 3463 ad
1511 3407 1616 3462 Salvias

1088 3505 1196 3562 Servire
1205 3505 1319 3558 mandat
1333 3501 1443 3557 rusticis

1019 3597 1225 3654 Clementianus
1239 3595 1406 3652 Gordianum
1423 3592 1537 3648 sedibus

1089 3690 1214 3744 Vinctum
1226 3687 1332 3743 catenis
1346 3684 1475 3758 applicat,

1019 3779 1080 3846 Qui,
1096 3778 1177 3833 laude
1192 3775 1291 3832 Christi
1306 3775 1383 3831 fortis
1398 3783 1482 3846 atque
1497 3770 1658 3836 immobilis,

1092 3866 1208 3922 Plumbo
1218 3880 1313 3921 severe
1327 3863 1452 3929 caeditur,

1020 3957 1225 4014 Conlessionem
1241 3971 1292 4010 ner
1305 3954 1465 4025 relinquens
1474 3950 1608 4016 celicam,

1092 4052 1205 4107 Cervice
1220 4049 1305 4108 collos
1318 4049 1434 4107 obtinet.

1020 4143 1140 4198 Canibus
1151 4141 1268 4196 cadaver
1280 4139 1374 4209 judice
1389 4145 1479 4194 actum
1496 4136 1616 4209 pessimo

1092 4230 1189 4285 Custos
1200 4229 1267 4304 tegit
1279 4244 1333 4285 non
1349 4227 1501 4292 dormiens,

1022 4318 1099 4387 Quod
1115 4318 1262 4374 Christiani
1274 4323 1354 4373 nocte
1364 4314 1492 4371 milliario

1092 4411 1130 4466 ab
1143 4411 1210 4466 urbe
1226 4417 1333 4481 raptum
1350 4408 1495 4474 collocant,

907 4506 913 4521 ''
1021 4503 1130 4558 Pridem
1145 4501 1217 4557 beati
1230 4500 1358 4571 martyris
1373 4515 1429 4571 que
1444 4498 1561 4571 pignora

1093 4591 1212 4646 Collucta
1227 4594 1306 4644 erant
1325 4587 1477 4659 Epimacbi,

1020 4683 1139 4753 lliesque
1154 4679 1224 4734 sesto
1235 4679 1296 4735 laeta
1308 4683 1371 4733 voto
1382 4691 1528 4749 compares

1089 4771 1194 4829 attollit
1208 4787 1262 4826 uua
1282 4776 1423 4842 martyres.

859 4904 965 4962 CllPUT
990 4904 1063 4961 lllll.

785 5033 822 5092 lle
835 5033 1117 5110 seactoPipmeaio.
1196 5064 1205 5083 ι

118 5165 185 5220 llaec
198 5165 257 5222 scra
271 5164 395 5222 erudelis
409 5167 513 5224 rabiem
528 5183 641 5242 quoque
654 5171 791 5246 sangnine
807 5169 888 5247 tingit

117 5258 259 5327 lloctoris,
275 5259 399 5337 sublege
415 5263 461 5318 liei
478 5264 615 5336 qnolotns
628 5266 751 5333 alumno,

117 5344 270 5424 Pigmenii,
286 5350 379 5408 Reme
394 5352 465 5408 tituli
481 5353 528 5426 qui
545 5353 809 5427 Presbyteralmus;

120 5442 243 5499 Pastoris
257 5461 340 5518 quem
351 5454 435 5503 strata
447 5464 497 5504 sna
514 5449 559 5521 pia
573 5449 697 5505 membra
707 5450 799 5507 lurore

121 5532 250 5589 Condere
265 5536 449 5608 comperiens,
463 5539 593 5595 secedere
608 5541 719 5597 mandat
732 5541 767 5596 ab
782 5541 860 5605 urbe,

122 5621 242 5679 Praemia
258 5639 289 5682 sc
304 5625 452 5685 redhibere
462 5627 564 5701 lercns,
580 5629 647 5704 quin
657 5629 776 5688 mittitur
786 5630 879 5700 exsnl;

984 5172 1051 5228 Nam
1072 5171 1157 5244 pudet
1171 5171 1285 5228 altorem
1302 5171 1392 5244 primo
1406 5187 1469 5226 mox
1484 5177 1606 5225 sternere
1618 5166 1707 5236 jussu.

985 5262 1128 5318 Persarum
1146 5260 1215 5332 petit
1229 5260 1275 5317 ille
1285 5261 1386 5329 solum,
1402 5277 1458 5332 quo
1471 5261 1531 5315 lnce
1544 5264 1676 5321 moratus,

985 5356 1246 5429 Corporiserbatur,
1261 5355 1418 5412 mentlssed
1434 5354 1537 5410 lumine
1549 5351 1666 5423 pollens,

984 5448 1143 5520 Praecipitnr
1158 5449 1283 5517 llomam,
1292 5448 1447 5520 palmaeque
1462 5444 1605 5517 requirere
1616 5459 1738 5509 causam,

985 5537 1032 5592 Cui
1045 5538 1156 5594 tandem
1172 5552 1258 5609 puero
1274 5553 1384 5613 gressus
1399 5534 1560 5588 moderante
1573 5529 1686 5587 reducto

983 5630 1086 5688 Obvius
1101 5631 1231 5707 expulsor
1241 5629 1327 5686 rheda
1337 5625 1465 5715 sublimis
1478 5633 1507 5681 et
1521 5638 1588 5684 auro
