3840 6106
134 289 188 345 2¹9
684 283 868 341 utoootnor
906 283 1059 341 exueruut
1078 284 1253 343 ututusls
1744 291 1802 347 92⁰

135 422 210 478 solus
239 421 340 478 nostris
367 419 540 493 temporibus
567 421 713 477 thesauros
740 420 883 492 sapientie
915 425 979 494 οιΑ
1029 441 1041 467 α
1059 419 1105 475 Vir
1120 420 1236 477 diversis
1263 418 1414 497 flagellisa
1441 422 1556 479 diversis
1577 423 1687 479 attritus
1708 424 1799 480 dicit:

134 513 255 568 scientiae
276 518 426 583 penetrans
448 512 577 579 introisti,
603 512 648 567 bic
678 528 760 567 causa
784 511 942 584 compendii
992 512 1045 580 Qui
1063 529 1104 568 me
1117 513 1258 569 comeduut
1271 531 1326 569 reon
1340 502 1479 570 dermiu'nt
1497 516 1558 583 (Job
1571 519 1647 584 xxx),
1663 532 1695 571 ae
1709 515 1734 570 si
1753 516 1799 570 di·

134 604 355 674 praetermittens,
374 620 436 660 cum
452 605 519 659 milri
543 604 691 672 vacaverit,
704 604 848 661 ostendam
875 604 941 676 qnid
992 608 1076 668 reret,
1098 616 1153 657 non
1169 601 1325 673 quiescunt.
1339 603 1372 658 Et
1390 610 1430 670 tu,
1452 603 1544 669 irater,
1566 620 1610 660 me
1624 610 1678 659 tuae
1696 604 1802 680 linguae

133 699 288 774 regularum
298 700 481 774 grammaticae
496 701 562 755 artis
572 707 708 767 auctores,
720 699 786 772 quid
801 699 942 774 orthogra-
992 690 1107 767 flagellis
1135 700 1263 762 atterere,
1280 703 1307 750 cl
1334 696 1480 751 venenosis
1499 696 1608 768 scriptis
1628 696 1683 751 luis
1694 695 1731 750 ad
1747 696 1800 750 ira·

132 785 204 857 pbiae
226 784 364 853 doctores,
389 786 455 859 quid
483 793 584 842 sanctae
611 787 757 859 Scripturae
781 792 941 842 tractatores
991 782 1120 838 cundiam
1135 783 1310 855 provocando
1331 782 1444 840 inficere
1459 799 1513 839 non
1533 785 1663 857 quiescis.
1679 783 1736 839 Sed
1752 783 1799 857 qni

134 876 199 932 inde
215 877 336 932 sentiant
352 887 434 951 atque
448 880 551 936 dicant.
568 901 581 929 e
993 873 1069 929 illum
1091 891 1200 931 servum
1216 891 1296 931 suum
1323 875 1471 931 custodivit
1490 876 1798 934 amurmurationibns.

168 969 243 1024 ldem
264 977 327 1042 post
342 969 499 1025 nonnulla:
524 989 535 1019 ι
552 967 606 1024 Sed
626 975 653 1024 et
676 967 729 1023 alia
749 974 814 1023 sunt
828 967 894 1024 bine
909 983 942 1024 ex
992 980 1036 1020 me
1051 972 1234 1036 peccatorem,
1245 972 1272 1020 et
1287 963 1411 1041 fragilem
1426 964 1453 1019 in
1469 981 1499 1021 se
1509 965 1695 1022 confidentem
1710 971 1800 1036 potest

75 1130 78 1135 Δ
131 1062 217 1117 saeris
235 1060 392 1116 canonibus
410 1069 438 1116 ct
463 1060 710 1132 apostolicaesedis
734 1059 941 1131 decretisque
992 1058 1130 1114 custodire
1146 1073 1288 1114 araneore
1304 1065 1331 1114 et
1350 1059 1453 1115 malitia
1467 1066 1561 1115 contre
1580 1066 1641 1115 tuas
1654 1057 1739 1113 falsas
1749 1057 1801 1113 cri-

132 1152 199 1206 mibi
213 1152 258 1208 hic
268 1168 370 1223 ponere
386 1152 498 1224 longum
514 1152 575 1220 luit,
593 1153 621 1208 in
636 1153 770 1223 opusculo
785 1153 820 1207 55
835 1153 941 1224 capitu·
992 1147 1166 1202 minutiones.
1180 1146 1245 1202 Post
1260 1146 1313 1202 alia
1327 1146 1411 1202 multa
1422 1165 1507 1218 super
1516 1147 1638 1203 dolorem
1654 1146 1799 1202 vulnerum

132 1245 231 1312 lorum,
257 1243 331 1316 qnod
360 1245 394 1299 ad
423 1250 497 1300 tuam
524 1245 781 1313 commonitionem,
802 1253 830 1301 ot
847 1261 940 1302 corre·
991 1255 1114 1296 meorum
1126 1241 1232 1297 addens
1247 1241 1331 1313 (Psel.
1347 1243 1443 1310 nxvm),
1459 1240 1636 1297 dicis:Sicut
1651 1239 1801 1311 inscriptis

132 1333 251 1390 ctionem
268 1340 348 1405 atque
374 1334 584 1390 instructionem
608 1333 658 1387 tibi
673 1333 747 1401 dedi,
767 1342 846 1406 potes
869 1334 940 1390 rele·
992 1330 1044 1385 tuis
1058 1331 1195 1402 perversis
1214 1330 1336 1398 invenio,
1365 1331 1429 1401 quia
1449 1329 1700 1402 apostolicaesedis
1726 1336 1800 1399 pote

130 1442 208 1501 gere,
236 1435 336 1498 praerer
351 1427 481 1499 epistolas
510 1428 664 1499 praemtssas
693 1428 825 1500 (μεθείω
852 1428 939 1484 direxi
990 1419 1051 1474 stati
1066 1418 1180 1494 derogo.
1199 1418 1277 1474 Unde
1289 1435 1370 1474 nemo
1384 1434 1481 1474 sanum
1493 1417 1659 1490 sapienstibi
1676 1433 1797 1489 unquam

129 1515 164 1570 ad
180 1514 400 1591 redarguendam
427 1523 501 1571 tuam
524 1516 708 1572 temeritatem
737 1527 831 1573 eontra
856 1533 939 1573 evan·
989 1507 1118 1576 0t0didib
1132 1507 1175 1563 vel
1188 1507 1293 1575 “edelr
1309 1508 1440 1579 q¹¹⁰1¹5³¹¹¹
1453 1515 1480 1562 θῐ
1495 1507 1555 1579 ipsa
1569 1507 1673 1579 scripta
1688 1523 1749 1578 (luie
1763 1507 1796 1561 ld

129 1606 246 1680 gelieam
274 1609 428 1674 veritatem,
454 1611 481 1660 et
509 1606 688 1676 apostolicam
717 1615 799 1679 atque
824 1607 938 1662 canoni·
989 1594 1168 1670 apostoticam
1187 1600 1282 1655 sedem
1300 1599 1455 1670 saepissime
1471 1599 1543 1665 misi,
1564 1605 1591 1654 et
1605 1599 1650 1653 illa
1666 1614 1728 1670 quae
1746 1598 1796 1654 tibi

128 1711 187 1751 eam
225 1698 437 1762 auctoritatem,
472 1702 623 1768 contraque
663 1697 739 1752 sedis
781 1697 938 1768 apostolieae
990 1690 1133 1746 resultanti
1155 1707 1229 1762 saepe
1252 1691 1402 1759 transmisi,
1427 1698 1452 1746 te
1472 1690 1626 1757 revincent,
1648 1697 1677 1744 et
1697 1690 1724 1744 in
1746 1690 1796 1746 isto

129 1788 249 1854 decreta,
279 1788 307 1842 in
324 1796 396 1844 tuam
420 1797 447 1842 et
467 1787 616 1858 perniciem
633 1787 780 1843 multorum
807 1805 941 1860 praesum.
989 1778 1100 1842 saeeule,
1113 1786 1141 1834 et
1153 1779 1181 1833 in
1197 1778 1289 1835 futuro
1301 1779 1417 1849 judicio.
1434 1779 1493 1834 Non
1506 1779 1625 1834 enimde
1641 1793 1686 1833 me
1701 1795 1795 1834 verum

129 1884 214 1948 ptam,
231 1877 303 1932 sieut
324 1879 353 1933 in
368 1877 474 1949 synodo
490 1876 670 1948 plurimorum
685 1878 882 1949 episcoporum
897 1889 941 1936 est
989 1886 1050 1925 csse
1058 1870 1163 1925 valebis
1175 1886 1308 1942 unquam,
1319 1871 1362 1926 vel
1373 1887 1489 1942 usquam
1498 1870 1614 1941 probare
1624 1870 1702 1941 quod
1713 1870 1794 1927 dieis:

129 1969 349 2039 comprobatum.
371 1968 465 2024 Sedet
479 1976 579 2040 praeter
600 1968 668 2023 alias
683 1969 824 2040 epistolas,
839 1987 872 2026 ae
885 1971 939 2027 alia
989 1961 1029 2016 Ab
1044 1962 1099 2030 his,
1120 1962 1260 2034 inquiens·
1275 1980 1290 2018 ³
1303 1963 1404 2035 quibus
1419 1978 1468 2034 Ρῐθ
1479 1963 1635 2034 ³p0510¹icae
1649 1963 1726 2019 sedis
1742 1963 1796 2034 pri·

18 2082 28 2100 ·
127 2061 240 2132 scripta,
257 2078 318 2134 quae
331 2062 381 2117 tibi
401 2061 500 2128 direxi,
515 2061 559 2116 vel
572 2062 636 2118 dedi
652 2064 686 2118 ad
700 2062 936 2134 comprimendam
988 2054 1107 2130 vilegiis,
1123 2071 1184 2126 quae
1200 2054 1297 2109 Christi
1312 2063 1376 2111 sunt
1395 2071 1483 2127 usque
1503 2054 1537 2110 ad
1551 2062 1668 2111 mortem
1686 2054 1728 2110 las
1741 2064 1797 2110 erat

128 2159 202 2208 tuam
217 2152 441 2219 insolentiam,el
455 2154 686 2209 commonendam
700 2171 732 2209 ac
747 2154 936 2210 instruendam
988 2146 1134 2215 decertari,
1150 2147 1315 2219 praedicatur
1328 2154 1355 2202 et
1375 2145 1498 2215 docetur,
1519 2148 1547 2202 in
1562 2148 1606 2202 bis
1621 2164 1684 2219 quae
1698 2147 1794 2202 eadem

127 2251 201 2298 tuam
216 2243 404 2312 dilectionem,
422 2251 451 2299 ut
465 2259 563 2318 ageres
580 2246 658 2315 juxta
685 2246 794 2302 bomini
813 2245 936 2302 dietum:
987 2242 1069 2298 sedes
1081 2242 1187 2306 statuit,
1202 2241 1276 2296 velut
1287 2239 1473 2311 respuendum
1483 2239 1604 2310 probari.
1618 2239 1673 2293 Sed
1684 2246 1712 2293 tu
1730 2255 1794 2310 pro·

126 2334 195 2399 Quid
210 2335 308 2407 quaerit
320 2335 453 2390 Dominus
469 2336 540 2391 Deus
555 2345 619 2391 tuus
634 2352 649 2391 a
664 2345 702 2404 te,
727 2338 780 2392 nisi
796 2344 825 2392 ut
839 2338 937 2395 timeas
987 2335 1060 2390 baris
1075 2335 1135 2403 eius
1146 2333 1290 2406 privilegio
1306 2333 1449 2399 resultare,
1465 2333 1512 2405 qui
1531 2331 1684 2389 secundum
1701 2346 1794 2387 sacros

126 2423 272 2479 bominum
302 2425 387 2480 [teum
404 2432 491 2490 tuum,
519 2433 547 2481 et
562 2424 646 2483 iacias
672 2426 838 2482 voluntatem
865 2427 935 2497 ejus,
986 2435 1142 2484 sanctorum
1164 2426 1343 2483 conciliorum
1363 2441 1484 2482 canones
1512 2425 1733 2497 suprapositos,
1759 2423 1792 2479 ab

125 2512 295 2584 obediasque
311 2513 398 2583 ipsius
415 2513 530 2584 imperio
546 2515 632 2583 (bert.
647 2515 697 2582 xl?
712 2517 776 2580 Quae
790 2515 873 2571 irater
884 2516 935 2572 sol·
988 2516 1047 2587 ipsa
1064 2515 1153 2586 prima
1167 2514 1232 2570 sede
1252 2521 1334 2586 atque
1360 2515 1395 2570 ab
1410 2514 1486 2570 omni
1511 2512 1633 2569 Ecclesia
1659 2511 1794 2567 catholiea

125 2603 200 2659 licita
210 2605 301 2660 cordis
317 2605 471 2660 intentione
493 2606 614 2671 revolve,
629 2614 657 2661 et
674 2607 795 2680 recogita
818 2609 886 2680 quid
901 2609 936 2666 sit
986 2598 1188 2676 comprobatos,
1204 2610 1233 2658 ut
1248 2614 1341 2658 revera
1361 2603 1466 2675 Spiritu
1490 2602 1538 2658 bei
1553 2599 1693 2667 conditos,
1709 2609 1739 2655 et
1753 2608 1792 2656 to·

126 2692 200 2764 quod
215 2693 328 2748 dixisti:
346 2693 414 2757 Quia
429 2709 462 2749 ex
475 2703 540 2749 tunc
553 2694 664 2765 quando
676 2696 744 2750 milri
759 2697 862 2754 litteras
876 2699 935 2754 illas
986 2697 1039 2752 tius
1052 2696 1149 2752 muudi
1172 2695 1325 2752 reverentia
1340 2701 1524 2760 consecratos,
1543 2701 1571 2749 et
1580 2693 1658 2763 juxta
1682 2692 1792 2747 decreta

126 2778 233 2847 misisti,
250 2787 279 2835 ut
300 2781 510 2853 archiepiscopo
533 2783 716 2854 eoepiscopus
742 2785 935 2858 obtemperare
986 2790 1074 2863 ipsius
1082 2796 1183 2846 sanctae
1198 2789 1282 2854 sedis,
1298 2805 1329 2843 ex
1341 2789 1447 2844 eisdem
1461 2787 1547 2843 sacris
1558 2786 1717 2843 canonibus
1730 2801 1792 2858 pro-

125 2867 209 2923 debet
222 2869 366 2936 canonice,
381 2869 483 2934 scirem
499 2871 617 2943 obsequi
633 2872 701 2927 mihi
720 2880 746 2929 te
762 2891 817 2930 non
835 2892 934 2950 posse;
986 2881 1118 2957 mulgata,
1132 2881 1345 2953 metropolitano
1358 2879 1516 2954 privilegio,
1526 2877 1612 2932 semel
1627 2885 1654 2931 et
1668 2876 1791 2931 seeundo

124 2963 153 3010 et
178 2970 276 3012 revoca
295 2963 358 3011 ante
378 2957 474 3013 oculos
494 2964 565 3026 tuos,
584 2959 660 3031 quod
682 2976 772 3018 coram
794 2963 934 3038 episcopis
986 2986 1019 3026 ae
1033 2971 1113 3026 tertio
1127 2969 1322 3036 commonitus,
1341 2968 1457 3025 obedire
1473 2967 1643 3034 detrectasti,
1669 2974 1701 3020 ut
1716 2965 1791 3021 colli·

124 3045 220 3103 decem
236 3048 437 3118 provinciarum
462 3051 600 3122 protessus
615 3070 656 3122 es,
681 3065 709 3111 ct
724 3073 807 3113 manu
823 3061 934 3131 propria
948 3026 1108 3134 Cgationes
1123 3057 1272 3129 impietatis
1287 3060 1340 3126 (lso
1371 3057 1458 3128 tvm),
1479 3072 1547 3128 quas
1566 3061 1662 3111 eontra
1676 3069 1791 3128 evange

125 3133 330 3206 subscripsisti:
350 3137 456 3194 seilicet
479 3140 545 3212 quia
569 3142 714 3220 privilegio
729 3149 933 3220 metropolitani
984 3150 1065 3206 licam
1079 3150 1234 3216 veritatem,
1254 3156 1282 3204 et
1301 3148 1481 3220 apostolicam
1497 3154 1580 3219 atque
1600 3147 1790 3218 propheticam

125 3229 274 3300 provinciae
290 3229 437 3286 llemorum
454 3232 593 3302 Ecclesiae,
613 3238 766 3294 secundum
782 3255 875 3297 saeros
891 3258 934 3297 ea·
984 3242 1185 3306 auctoritatem,
1199 3249 1348 3313 contraque
1363 3247 1522 3296 sanctorum
1537 3253 1689 3303 canonum,
1704 3244 1732 3294 et
1746 3238 1792 3292 de·

125 3331 213 3372 nones
224 3328 252 3373 et
266 3317 378 3375 decreta
388 3320 463 3376 sedis
473 3325 631 3393 apostolicae
641 3343 675 3381 ex
687 3329 772 3384 sacris
780 3331 934 3389 canonibus
984 3340 1058 3389 creta
1074 3333 1162 3406 ipsius
1180 3333 1345 3389 venerandae
1362 3332 1437 3388 sedis
1456 3330 1646 3400 exitiabiliter,
1661 3331 1691 3385 in
1708 3339 1791 3396 tuum,

124 3408 295 3483 promulgata
311 3427 360 3482 pro
370 3413 441 3468 scire
455 3422 483 3469 et
497 3431 579 3485 posse
596 3424 623 3472 tc
637 3419 813 3476 obediturum
825 3423 935 3494 profite—
985 3431 1013 3478 et
1027 3422 1177 3478 multorum
1194 3421 1347 3494 periculum
1363 3421 1509 3494 colligasti,
1525 3420 1707 3475 dissolveres.
1718 3420 1792 3474 lesn-

124 3497 192 3552 reris
210 3505 237 3552 et
251 3499 449 3573 subscripsisti.
468 3503 525 3572 llic,
542 3504 635 3574 lrater,
649 3508 760 3579 quando
776 3520 804 3566 et
816 3512 875 3579 ubi,
890 3514 933 3570 vel
984 3527 1034 3585 per
1048 3519 1144 3569 eontra
1167 3528 1260 3568 sacras
1279 3512 1388 3586 regulas
1406 3511 1538 3567 adversus
1552 3511 1792 3582 metropolitanum

121 3585 150 3639 in
165 3585 267 3657 quibus
281 3604 297 3642 a
309 3598 337 3644 te
348 3589 478 3662 requisivi
493 3593 535 3647 vel
547 3601 713 3668 extorquere
724 3598 810 3667 volui,
826 3601 933 3659 utmibi
985 3601 1158 3674 privilegium
1176 3600 1271 3657 libello
1287 3601 1444 3673 perniciose
1459 3600 1662 3671 subscripsisti,
1684 3610 1712 3656 et
1724 3601 1791 3656 snb·

122 3679 291 3734 contratiae
308 3678 336 3733 in
353 3678 445 3752 aliquo
469 3681 623 3740 obedires?
649 3687 696 3759 qui
716 3704 857 3761 nunquam
876 3696 932 3759 tua,
983 3695 1068 3752 scribi
1078 3694 1176 3751 iecisti.
1188 3695 1266 3751 Unde
1280 3695 1308 3749 in
1319 3694 1425 3766 synodo
1436 3701 1588 3749 conventus
1601 3692 1636 3748 ab
1653 3692 1792 3766 episeopis

121 3766 171 3822 ⁸⁰d
181 3767 259 3838 1⁸¹Jlta
273 3771 444 3842 Ap0⁸l0¹t¹fflr
462 3778 488 3828 ῑθ
502 3775 615 3845 tluaesivi
632 3779 669 3847 (Η
686 3777 746 3834 θον·
763 3792 820 3851 ¹¹¹),
836 3789 865 3836 θῑ
885 3783 933 3855 (lui
983 3788 1079 3845 decem
1093 3789 1299 3862 provinciarum
1310 3789 1380 3858 (syn.
1393 3787 1578 3857 floriacensis)
1592 3786 1719 3842 libellum
1730 3801 1791 3857 pro-

121 3859 330 3930 measisst'uffls,
344 3865 449 3922 scilicet
466 3884 535 3924 ¹110ae
549 3885 685 3940 personui,
699 3872 790 3940 facile,
802 3872 856 3929 Deo
870 3890 933 3946 gru·
983 3878 1112 3936 fessionis
1124 3879 1160 3935 de
1171 3878 1261 3934 lutura
1272 3886 1317 3934 tua
1331 3877 1493 3934 obedientia
1504 3876 1693 3948 subscriptum
1709 3892 1788 3931 mann

125 3951 309 4022 tias,possum
328 3955 476 4024 dimittere,
494 3961 565 4016 sicut
584 3972 611 4017 et
623 3965 747 4034 quotidie
762 3983 812 4037 pro
826 3974 852 4023 tc
872 3983 932 4024 om·
983 3971 1104 4043 propria,
1119 3985 1202 4042 quern
1222 3968 1323 4035 habeo,
1344 3965 1500 4038 porrexisti.
1516 3965 1615 4021 Contra
1635 3981 1720 4038 quem
1735 3964 1786 4019 ite-

122 4043 304 4114 nipotentiam
320 4047 428 4103 Domini
448 4050 548 4107 devote
565 4068 682 4110 exorans
701 4056 794 4123 saeio;
817 4060 932 4129 injurias
982 4078 1042 4116 rum
1067 4059 1297 4132 resubscripsisti.
1317 4058 1383 4112 Nam
1406 4073 1457 4132 ego
1480 4056 1633 4113 decretales
1658 4055 1787 4127 epistolas

121 4134 305 4191 ordinationis
320 4137 430 4206 divinae,
447 4157 537 4212 quaea
557 4150 603 4198 tua
623 4145 771 4203 insolentia
785 4151 932 4222 exquirun·
982 4149 1058 4205 sedis
1069 4149 1227 4220 apostolieae
1238 4148 1356 4205 diveru's
1365 4145 1548 4218 temporibus,
1560 4144 1787 4217 prediversorum

121 4231 175 4293 tur,
192 4230 443 4298 utmetropolitano
458 4232 604 4308 privilegio
618 4237 750 4294 canonice
761 4241 930 4298 nonsubda·
982 4241 1092 4297 Petrum
1115 4241 1317 4305 consolatione,
1332 4238 1375 4294 vel
1390 4237 1592 4294 consultatione
1612 4236 1647 4291 ab
1664 4235 1786 4306 eiusdem

123 4318 170 4381 ris,
193 4319 221 4373 in
236 4335 299 4375 eum
324 4322 521 4391 redundantes,
542 4327 589 4398 qui
604 4328 707 4400 Spiritu
727 4339 824 4389 sancto
838 4350 900 4401 suo,
915 4353 931 4393 a
982 4329 1057 4385 sedis
1072 4327 1250 4402 pontificibus
1263 4329 1351 4394 datas,
1367 4336 1395 4385 et
1406 4327 1601 4385 venerabiliter
1614 4327 1749 4398 suscipio,
1762 4336 1788 4381 et

121 4422 177 4479 quo
189 4409 353 4485 promulgati
365 4411 493 4486 leguntur
502 4423 530 4471 et
545 4417 835 4486 credunturcanones,
848 4402 968 4481 insti-D
981 4422 1178 4478 venerabiliter
1191 4422 1383 4495 suscipiendas
1405 4421 1467 4476 dico
1490 4430 1518 4476 et
1533 4418 1635 4478 scribo.
1657 4427 1685 4475 et
1698 4435 1804 4475 saeros

122 4499 185 4567 tuit,
206 4501 343 4572 patienter
357 4503 429 4560 serre
446 4521 501 4562 non
523 4524 647 4581 possum,
676 4528 727 4569 nec
745 4514 847 4583 debeo,
864 4518 930 4590 quin
981 4525 1137 4573 sanctorum
1166 4515 1347 4572 conciliorum
1363 4530 1484 4571 canones
1499 4529 1560 4569 cum
1575 4512 1697 4568 decretis
1723 4527 1808 4584 apo-

122 4596 226 4647 tantum
241 4593 305 4649 indo
321 4611 376 4651 non
391 4605 514 4672 satagam
529 4609 662 4673 quantum
684 4612 791 4676 potero.
808 4609 872 4665 liam
887 4611 928 4666 si·
980 4607 1084 4663 stolicae
1107 4606 1194 4674 sedis,
1210 4621 1243 4661 ex
1261 4604 1365 4661 eisdem
1385 4604 1471 4659 saeris
1488 4601 1644 4658 canonibus
1665 4600 1813 4672 promul-

120 4693 167 4739 cut
178 4684 335 4742 sollicitudo
352 4696 379 4742 et
395 4689 528 4760 primatus
548 4693 631 4750 totius
646 4694 773 4755 Ecclesiae
785 4703 928 4761 catholicae
979 4699 1057 4772 gatis,
1075 4707 1102 4753 et
1118 4697 1302 4770 recipiendos,
1319 4706 1345 4752 et
1358 4694 1567 4759 custodiendos,
1588 4692 1810 4758 enervandas,

119 4782 221 4831 sanctae
232 4775 306 4832 sedis
319 4777 448 4836 llomanae
465 4783 588 4853 pontifici
606 4785 740 4845 divinitus
758 4801 800 4847 est
818 4794 928 4863 conata,
979 4787 1052 4844 sient
1065 4803 1149 4859 supra
1163 4786 1283 4856 ostendi,
1301 4785 1441 4857 profiteor.
1459 4784 1491 4839 Et
1505 4783 1580 4855 quod
1594 4781 1678 4848 dicia,
1693 4791 1721 4838 te
1735 4799 1807 4837 an-

121 4861 159 4916 ita
173 4868 200 4918 et
214 4863 365 4936 unicuique
378 4870 593 4941 metropolitano
613 4889 646 4930 ac
653 4875 763 4947 primati
779 4882 929 4950 provineiae
979 4879 1039 4934 dire
1053 4878 1167 4950 obloqui
1183 4878 1217 4933 de
1229 4877 1335 4947 judicio
1359 4876 1456 4934 domni
1475 4891 1553 4948 papae
1576 4872 1693 4941 Nicolai,
1717 4875 1741 4929 si
1753 4873 1803 4928 de

121 4953 279 5012 sollicitudo
291 4956 345 5012 sibi
360 4958 493 5035 delegatae
505 4965 665 5038 provincie,
680 4984 832 5039 persacros
844 4988 928 5031 cano-
978 4969 1119 5037 medicis,
1144 4969 1320 5025 mendacium
1340 4969 1420 5043 dicis.
1436 4968 1503 5023 Nam
1528 4966 1602 5039 quod
1618 4965 1665 5022 ille
1688 4967 1725 5022 de
1739 4967 1798 5021 llo

122 5063 173 5103 nes
185 5048 287 5120 Spiritu
312 5051 360 5107 bei
374 5054 501 5112 conditos
515 5067 543 5114 et
563 5061 647 5117 totius
662 5063 758 5119 mundi
774 5068 929 5123 reverentia
979 5061 1062 5117 tbado
1072 5062 1130 5117 sive
1145 5062 1181 5118 de
1200 5062 1316 5118 Vullado
1327 5060 1471 5131 judicavit,
1486 5074 1541 5114 non
1557 5059 1725 5127 contradixi,
1739 5053 1790 5114 sed

122 5149 298 5198 consecratos
312 5146 438 5204 noscitur
463 5165 524 5207 esse
543 5153 699 5223 commissa,
730 5177 743 5211 »
771 5164 799 5213 et
817 5165 926 5215 catera,
978 5153 1123 5225 sicutipse
1140 5155 1271 5226 praecepit
1286 5152 1400 5210 obedire
1411 5151 1514 5208 enmvi.
1530 5151 1568 5207 lle
1582 5166 1616 5207 eo
1627 5152 1703 5223 quod
1717 5149 1783 5206 dicis

120 5227 280 5328 Sequuntur
299 5234 421 5307 donique
437 5238 515 5309 plura
529 5241 563 5297 de
583 5241 802 5313 professionibus
817 5252 845 5302 et
864 5248 928 5303 sub
979 5245 1013 5302 de
1029 5247 1165 5315 llotbado,
1179 5247 1244 5319 quia
1258 5248 1285 5302 in
1306 5247 1366 5314 ejus
1379 5244 1582 5318 depositionem
1599 5260 1655 5301 rron
1669 5260 1776 5302 eonsen-

120 5318 318 5393 scriptionibus
333 5323 457 5392 ejusdem
486 5329 637 5399 Hincmari,
657 5338 684 5387 ot
708 5335 929 5407 correptionibus
979 5335 1050 5401 sisti,
1061 5336 1281 5408 subscriptiones
1292 5343 1345 5391 tuae
1355 5351 1453 5390 manus
1464 5333 1773 5406 propriaetereviucuut

121 5409 183 5480 eJ'us
202 5416 337 5484 usquead
355 5415 439 5475 linem
464 5422 567 5494 operis.
585 5424 651 5480 item
675 5426 751 5483 alind
765 5443 836 5500 epus
860 5429 929 5487 inci·
979 5425 1052 5482 Nihil
1067 5425 1141 5481 enirn
1159 5426 1224 5481 inde
1239 5425 1295 5502 egi,
1311 5424 1385 5498 quod
1399 5440 1506 5480 mecum
1520 5438 1576 5479 uon
1592 5424 1703 5499 egeris;
1718 5419 1771 5479 nibil

122 5501 203 5573 Piens
213 5503 251 5560 5¹⁸
267 5523 274 5560 ἕ
976 5519 1444 5592 indicavi.quodnonjudicaveris3
1460 5517 1529 5574 nihil
1539 5513 1769 5591 subscripsi,quod

159 5618 171 5642 ·
195 5595 354 5656 llrucvxaus
365 5602 813 5682 Remorumepiscopusllrucuxno
822 5613 931 5673 baudu·
980 5626 1035 5667 non
1050 5611 1256 5683 subscripseris.
1270 5612 1364 5668 llabeo
1376 5611 1450 5668 enirn
1464 5609 1525 5665 illas
1540 5608 1616 5681 ipsas
1630 5616 1768 5666 mannua

123 5686 355 5762 ὓθῡῦῑθβῑθθθβθ·
979 5704 1209 5776 subscriptiones.
1231 5725 1244 5757 n
