3840 6106
121 253 173 311 ost
504 243 691 304 stabulant
711 243 862 302 elnonlcl
883 242 1046 301 REMENSlS
1066 241 1235 301 opuscula
1253 240 1407 299 herulus.
1736 241 1780 297 688

122 387 220 444 durant
234 381 381 456 exsequiis,
396 379 529 447 Quiriacae
542 385 569 436 et
583 378 713 435 conditur
727 393 802 450 agro.
940 384 965 451 Α
979 375 1033 431 Sed
1045 392 1096 432 nec
1109 374 1343 431 Mediolanensem
1357 372 1448 428 minor
1467 370 1567 427 extulit
1585 369 1685 426 urbem

120 479 247 555 iungitur
259 492 291 532 ac
304 473 407 530 sanctis
421 471 578 529 crescentia
592 471 668 528 caede
683 470 839 542 triumphis.
979 467 1079 523 beriae
1093 466 1197 542 egregii
1211 466 1307 531 virtus,
1322 464 1371 519 ubi
1386 463 1481 519 nobile
1491 460 1627 531 templum

119 569 275 626 Traduntur
284 564 357 639 passi
370 572 438 621 tuno
450 562 579 620 Claudius
592 568 676 634 atquc
690 561 825 628 Severus;
980 560 1096 615 Nomine
1108 558 1206 614 sacrati
1220 565 1349 629 superato
1364 555 1491 626 martyris
1503 555 1571 629 igne

120 659 256 716 Virtutum
274 655 366 712 eximii
380 654 526 710 decoratur
539 653 645 708 honore
664 652 822 723 sepulcrum
981 649 1097 706 cristalli
1113 651 1225 706 calicem
1238 650 1364 721 specioso
1384 652 1527 703 stemmate
1538 660 1673 711 seruans,

120 751 230 817 Leritae,
244 750 453 820 innumeraeque
467 745 560 802 nitens
572 744 721 818 splendore
733 744 848 800 medelae
979 740 1118 816 Sanguine
1133 739 1227 796 divino
1242 740 1316 796 claro
1331 738 1367 794 de
1379 753 1443 794 rase
1457 736 1577 793 clientes

119 842 242 902 llirilrcis
260 842 350 898 radiat
365 838 547 897 reverendum
562 836 688 893 crebrius
700 837 779 904 actis,
979 830 1094 887 Potabat
1107 831 1169 888 coeli
1184 831 1278 902 specie
1292 827 1571 901 coelestiapraebens;

121 937 152 995 Et
162 950 381 1009 quaquaversum
397 931 492 988 decori
512 932 572 986 loca
585 929 712 1001 martyris
722 928 786 984 almi
979 921 1057 986 Quod
1071 920 1200 976 manibus
1214 921 1321 991 lapsum
1335 934 1439 974 sacram
1455 915 1580 973 tollentis
1595 914 1721 970 adaram

122 1029 256 1096 Eduntur,
272 1024 431 1083 ueneranda
445 1022 549 1078 micant
563 1021 732 1077 monimenta
746 1019 853 1076 salutis.
952 1067 955 1073 .
979 1016 1124 1072 Frustatim
1139 1015 1225 1071 nimio
1236 1015 1392 1085 dispersum
1404 1013 1540 1089 fragmine
1556 1012 1654 1068 cessit.

120 1122 165 1178 Sic
178 1120 239 1190 ejus
252 1118 349 1190 templi
365 1116 431 1172 dum
444 1114 549 1171 fabrica
565 1114 642 1185 lapsa
657 1112 765 1168 Brionis
902 1147 905 1151 -
979 1107 1109 1176 Pallidus,
1124 1106 1268 1173 exanimis,
1282 1122 1368 1178 paror
1377 1104 1462 1161 inlicit
1476 1120 1524 1161 ora
1539 1104 1675 1169 ministri,

121 1214 276 1273 liestruitur
294 1227 428 1284 caesaeque
447 1211 539 1266 trabes
550 1216 578 1266 et
591 1209 669 1285 tigna
681 1215 822 1279 parantur,
980 1202 1030 1267 Qui
1045 1212 1104 1258 sata
1119 1202 1206 1259 frusta
1220 1202 1316 1276 legens
1329 1201 1408 1257 altari
1423 1200 1551 1272 martyris
1565 1198 1669 1265 inlert;

121 1309 205 1365 lrabs
222 1307 334 1363 inrecta
346 1303 438 1360 breuis
451 1303 557 1359 meritis
572 1301 734 1375 producitur
748 1300 840 1369 hujus,
980 1292 1012 1347 Et
1024 1291 1114 1348 fidens
1127 1293 1226 1348 virtute
1240 1292 1288 1347 Ilei
1304 1290 1369 1346 lidei
1380 1307 1456 1346 arma
1471 1289 1613 1362 capessit:

120 1399 208 1470 Atque
222 1396 295 1453 lauet
308 1394 379 1450 votis
390 1392 449 1448 visa
465 1399 506 1447 est
521 1407 582 1463 quae
595 1389 682 1446 futilis
695 1390 791 1454 arbos;
980 1386 1108 1443 Excubiis
1121 1387 1248 1459 precibus
1263 1387 1391 1459 lacrymis
1405 1387 1474 1442 daus
1488 1393 1617 1458 tempora
1633 1384 1722 1440 noctis

120 1490 228 1548 Robore
243 1496 322 1546 tonsa
336 1502 421 1560 opere
432 1487 570 1558 rariaeque
581 1501 699 1556 repensa
709 1484 824 1540 medelae
979 1480 1059 1534 Aram
1074 1496 1155 1536 mane
1171 1480 1250 1552 petit,
1260 1497 1308 1537 vas
1322 1479 1415 1536 damni
1428 1480 1554 1535 immune
1569 1477 1705 1543 resumit;

120 1577 231 1637 Proficit
245 1579 320 1635 haec:
335 1575 446 1633 labricae
461 1572 526 1630 lidei
539 1589 651 1647 quoquc
666 1572 775 1646 prolicit
790 1577 894 1638 auctae;
980 1570 1066 1643 ldque
1081 1569 1397 1644 lide1solidasolidatum
1412 1578 1527 1642 pectore
1546 1569 1639 1638 fulcit,

120 1671 231 1729 Proliclt
246 1667 370 1746 indiguis
385 1667 510 1723 tribuens
529 1665 575 1737 pia
587 1666 660 1722 dona
674 1664 786 1740 rigoris.
982 1662 1013 1719 Et
1026 1664 1137 1720 cumulo
1152 1662 1218 1719 fidei
1232 1663 1353 1720 cumulat
1366 1664 1503 1721 solemnia
1515 1663 1586 1721 rati.

878 1806 982 1864 CAPUT
1005 1807 1036 1862 V.

777 1938 941 2000 Paracata
962 1936 1131 2018 Hippolyta.

121 2070 250 2145 Martyris
269 2069 376 2129 exuviis
385 2070 490 2128 celebri
506 2069 683 2127 decoramine
695 2069 807 2138 iuuetis,
942 2074 970 2143 Β
982 2070 1091 2128 lactura
1105 2072 1222 2130 cervicis
1235 2073 1295 2129 hori
1306 2089 1389 2144 super
1403 2073 1505 2130 aethera
1517 2073 1602 2147 bigas

122 2165 284 2238 Hippolytus
296 2165 401 2238 rapitur
414 2165 478 2221 tosti
494 2165 568 2237 quod
584 2164 706 2219 membra
718 2163 842 2240 magistri
985 2165 1157 2236 Praecedunt,
1171 2168 1299 2224 metaturi
1314 2168 1431 2224 Domino
1445 2167 1533 2224 ardua
1548 2167 1642 2243 regni.

122 2258 239 2334 legerit,
255 2257 393 2327 arguitur3
415 2257 513 2314 Christi
526 2273 591 2313 mox
605 2273 689 2313 verna
704 2263 841 2328 repertus.
984 2261 1033 2318 llle
1045 2262 1142 2319 decem
1157 2269 1241 2335 atqua
1256 2279 1353 2320 uorem
1374 2262 1483 2318 famulis
1497 2263 1531 2318 ad
1545 2264 1642 2319 sidera
1653 2261 1744 2318 missis

123 2346 291 2403 Verberibus
304 2347 441 2420 quatitur;
453 2345 524 2403 lidus
539 2346 672 2419 sortisque
686 2345 819 2418 probatus
985 2349 1177 2423 Subsequitur,
1188 2352 1365 2425 completque
1376 2352 1418 2407 sui
1435 2351 1598 2426 integritate
1613 2349 1757 2409 secundam

123 2439 233 2512 Antiqui
246 2439 385 2512 llippolyti
397 2440 526 2495 mulctam
538 2437 660 2511 perferre
667 2438 789 2511 jubetur.
984 2442 1126 2500 Perfectus
1138 2445 1249 2514 seriem,
1260 2447 1346 2502 caelos
1356 2460 1532 2517 perscrupea
1545 2451 1656 2501 rectus.

125 2529 317 2604 christiloquae
332 2530 426 2587 lamuli
442 2538 525 2586 sectae
540 2546 651 2587 mmoro
664 2529 750 2586 notati
984 2537 1070 2603 Quem
1081 2538 1146 2594 saevi
1162 2540 1272 2612 rapiunt
1283 2542 1372 2614 passis
1386 2542 1422 2597 ad
1436 2538 1533 2597 coelica
1547 2538 1656 2610 plantis

123 2624 276 2695 lincuntur,
291 2625 408 2682 Domino
428 2625 464 2681 ad
473 2632 590 2681 mortem
600 2623 705 2680 servire
717 2623 819 2697 parati;
984 2625 1164 2702 Comipedes,
1178 2639 1388 2705 monstrantque
1402 2632 1496 2704 polum
1511 2630 1614 2686 callem
1632 2629 1675 2685 iro
1689 2643 1735 2699 per
1746 2641 1783 2682 ar·

122 2719 295 2778 confessoris
307 2736 356 2778 eos
371 2721 442 2777 inter
455 2720 603 2778 concordia
617 2719 719 2786 nutrix,
1677 2719 1753 2792 [cum.

121 2809 277 2882 Promptior
288 2816 317 2866 ut
331 2808 447 2882 reliquis
462 2809 527 2864 srdei
543 2809 649 2865 fervore
660 2807 779 2876 videtur,
985 2811 1016 2869 Et
1035 2811 1143 2869 tribulis
1152 2812 1248 2869 tritum
1260 2813 1375 2869 mittunt
1384 2812 1583 2885 superaethera
1592 2819 1722 2868 mactum.

122 2897 248 2953 culmina
257 2898 347 2971 prima
361 2898 437 2954 subit
451 2897 600 2969 plumbatis
614 2898 698 2953 incita
710 2897 791 2962 coeli3
983 2900 1109 2957 lustinus
1124 2901 1231 2958 laceros
1243 2902 1326 2957 variis
1340 2901 1503 2973 appulsibus
1517 2906 1598 2957 artus

122 2987 226 3046 Caetera
239 3005 303 3048 mor
318 2989 395 3049 fortis
409 2989 574 3047 famulorum
588 2990 701 3047 iuventa
715 2995 844 3056 catema;
985 2985 1103 3062 Colligit,
1118 2990 1289 3063 emeritoque
1301 2990 1378 3063 pium
1392 2990 1528 3062 dependit
1542 2991 1689 3048 honorem.

856 3134 962 3191 CAPUT
987 3135 1030 3192 Vl.

681 3270 721 3330 Pe
733 3270 848 3331 sanctis
863 3268 1014 3330 Herennio
1029 3276 1056 3329 et
1069 3267 1219 3331 Abuodio.

120 3387 251 3463 Tuncque
265 3385 412 3462 intercepti
426 3386 547 3445 subeunt
561 3386 717 3443 Herennius
732 3394 816 3458 atque
944 3391 1038 3461 CNoe
1049 3394 1161 3470 longum
1177 3393 1311 3467 sepelitur
1330 3393 1364 3447 ab
1380 3393 1433 3450 hoc
1445 3390 1610 3467 Tryphonia
1624 3392 1745 3468 quondm

122 3480 210 3540 orleii
226 3496 340 3540 consors
354 3479 444 3537 felicis
457 3478 602 3536 Abundius
616 3480 740 3536 aethram.
981 3489 1095 3544 funesti
1109 3489 1209 3559 conjnx
1224 3487 1309 3556 Decii,
1326 3502 1399 3559 qnae,
1414 3486 1491 3543 fonte
1505 3487 1581 3560 piata

122 3578 241 3636 Euectos
251 3578 382 3650 idemque
397 3592 486 3646 sacer,
506 3576 635 3634 sordente
650 3576 744 3633 cloaca
981 3581 1132 3648 Piraeum
1148 3579 1242 3656 genita
1260 3580 1369 3652 superis
1380 3579 1520 3635 terrestria
1535 3580 1633 3656 regnis

121 3668 260 3744 llippolyti
276 3668 341 3743 quia
360 3667 478 3726 nutricis
492 3668 559 3725 hino
577 3669 702 3725 membra
720 3667 851 3733 levarant,
982 3672 1037 3729 Nec
1050 3689 1128 3729 mora
1143 3679 1292 3747 permutat,
1311 3688 1434 3745 ueroque
1447 3673 1563 3731 nitescit
1578 3675 1693 3741 bonore,

121 3764 253 3839 Proripit,
267 3765 431 3839 illustreque
443 3767 529 3824 sacris
543 3764 747 3842 sacrainguora
762 3766 859 3823 thecis.
983 3766 1057 3825 luter
1071 3775 1134 3825 rota
1147 3784 1260 3841 precum
1273 3767 1357 3825 celeri
1372 3773 1451 3838 capta
1465 3766 1579 3843 agmine
1595 3767 1699 3824 coelun.

869 3901 974 3959 CAPUT
996 3902 1052 3960 vll.

548 4039 719 4101 detritione
733 4042 768 4102 ic
787 4040 983 4102 Valerianum
1000 4048 1027 4101 et
1041 4057 1133 4119 raquo
1148 4040 1362 4102 Romanorum.

122 4175 206 4234 llulta
218 4191 269 4251 per
282 4175 434 4233 AEneadum
449 4180 609 4232 sauctorum
621 4175 710 4231 millia
720 4193 835 4249 regnum
983 4178 1032 4245 Ac,
1046 4177 1132 4236 uoluti
1147 4177 1288 4250 quondam
1303 4176 1410 4233 Pelusia
1423 4193 1487 4233 rura
1500 4175 1627 4246 locustae,

123 4269 186 4326 llaec
200 4275 347 4340 postquam
362 4279 496 4321 succensa
509 4263 560 4320 leri
575 4263 684 4321 fervore
697 4264 826 4322 draconis
985 4268 1137 4328 Barbaricas
1149 4271 1272 4327 Romana
1282 4276 1380 4345 tegunt
1393 4269 1430 4326 ita
1443 4269 1567 4326 culmina
1579 4277 1683 4343 gentes.

122 4357 274 4432 Suppliciis
284 4355 319 4410 ad
329 4368 414 4427 regna
426 4352 486 4408 lues
498 4352 623 4410 ecclesiia
635 4353 720 4421 missih
983 4361 1111 4417 Germani
1127 4360 1232 4417 ltaliam
1251 4366 1314 4432 post
1332 4359 1445 4416 llbctica
1461 4376 1526 4416 rura
1540 4359 1688 4433 pererrant,

122 4453 250 4509 Lethoac
261 4447 406 4521 suppliciis
424 4447 535 4523 gravius
548 4447 601 4505 lert
619 4450 742 4507 dedecus
754 4459 860 4520 auctor,
940 4480 969 4550 D
984 4452 1101 4525 llaecqua
1117 4451 1331 4508 Alamannorum
1348 4451 1486 4507 terebrata
1500 4459 1530 4507 et
1544 4451 1633 4508 Gallia
1646 4450 1701 4506 tnta

123 4545 155 4602 Et
167 4544 214 4617 qui
228 4542 322 4600 servili
336 4540 437 4599 multos
449 4541 500 4598 sub
511 4541 572 4617 leqe
582 4549 684 4600 rotarat
982 4541 1159 4610 Turbinibus,
1177 4541 1292 4610 Pontus,
1312 4540 1472 4596 llaaedonia
1485 4556 1584 4611 pressa
1598 4540 1713 4596 Getarum

122 4635 242 4692 Vertitur
254 4632 348 4692 allicio
358 4632 452 4690 seruili
466 4648 498 4689 ac
512 4638 592 4705 turpe
607 4633 728 4707 capessit
981 4634 1133 4704 Fluctibus,
1149 4635 1234 4706 inque
1245 4633 1336 4689 Asiam
1351 4632 1403 4690 hac
1418 4633 1569 4704 populatur
1578 4633 1678 4690 Gracia
1690 4628 1786 4702 plara

123 4725 281 4792 Servilium,
295 4730 393 4796 captus
403 4722 572 4795 Babylonica
582 4739 668 4800 regno
681 4731 824 4799 regentem
981 4727 1077 4782 Ablata
1084 4725 1195 4799 penitus
1209 4727 1292 4783 llacia
1305 4732 1438 4798 quantum
1452 4725 1565 4782 abserat
1579 4727 1650 4782 lster

124 4816 299 4875 Romulidum
312 4815 442 4890 princeps
449 4813 552 4887 plantis
562 4822 592 4871 ut
602 4816 683 4872 dorsa
697 4823 825 4891 gravmus
981 4816 1102 4873 Sarmata
1114 4815 1285 4872 Pannoniam
1300 4815 1412 4872 incursu
1427 4813 1558 4891 profligat
1575 4815 1687 4882 eodem;

121 4909 254 4965 lncurvus
271 4905 396 4962 sustollat
408 4918 480 4976 equo
500 4905 662 4975 pensamine
673 4905 769 4979 digno.
980 4912 1129 4984 Euphratis
1139 4912 1256 4968 ldediam
1271 4911 1416 4969 lluriorum
1432 4927 1465 4968 aa
1477 4912 1569 4988 Tigris
1584 4913 1711 4969 alumnam

121 4996 283 5054 huminibus
292 4993 378 5050 miser
387 4991 494 5050 effossis
507 5010 562 5068 quo
575 4994 736 5051 Valerianus
981 5003 1119 5074 Diripiunt
1134 5003 1224 5059 Parthi
1234 5003 1395 5076 Syriamque
1410 5003 1544 5060 abradere
1557 5003 1649 5072 missi;

121 5091 270 5150 consenuit
284 5089 381 5162 plexus
394 5087 471 5161 prius
485 5095 515 5144 ut
530 5086 623 5145 fixisse
638 5089 767 5159 probaret
981 5095 1180 5168 Gennanisque
1190 5095 1346 5171 peregrinis
1362 5096 1492 5167 hispania
1504 5095 1593 5166 cedit,

121 5185 157 5241 Se
169 5199 272 5241 caecum
287 5184 417 5240 tenebras
431 5191 459 5240 et
477 5181 554 5239 surra
568 5183 672 5256 pericla
686 5188 821 5241 secutum.
982 5187 1013 5243 Et
1026 5204 1061 5243 ne
1076 5194 1135 5244 tuta
1153 5188 1232 5259 quies
1246 5187 1320 5243 inlus
1336 5204 1385 5259 per
1399 5187 1507 5245 viscera
1521 5189 1603 5266 regni

119 5279 155 5332 At
167 5290 223 5333 uon
236 5273 380 5332 sufficiens
394 5281 435 5332 tot
448 5273 545 5331 funere
560 5274 682 5330 millibus
696 5274 773 5339 actis,
868 5335 870 5339 ,
980 5275 1098 5333 Securos
1112 5278 1177 5338 alat.
1191 5277 1387 5349 immunesque
1402 5276 1497 5334 lovere
1511 5285 1629 5351 putetur

120 5367 281 5423 Sanctorum
296 5363 407 5437 probris
425 5379 511 5420 uuum
525 5367 607 5434 caput
622 5362 696 5418 hisce
712 5362 868 5431 subactum,
980 5365 1046 5421 Fors
1060 5366 1179 5439 aliquos,
1194 5366 1269 5422 bella
1283 5367 1401 5423 interius
1415 5365 1510 5423 civilia
1523 5368 1592 5425 totis

120 5457 189 5515 Dum
202 5458 286 5514 variis
296 5472 379 5515 cruor
392 5454 498 5513 effusus
511 5454 673 5526 regionibus
687 5455 774 5524 orbis,
980 5460 1270 5518 Ferrescuutlatebris
1283 5461 1446 5537 largumque
1462 5461 1572 5521 effusus
1583 5463 1682 5537 ubique

119 5547 178 5603 Non
188 5546 297 5603 modico
311 5546 337 5602 in
348 5561 436 5604 saeros
449 5544 544 5601 ulcisci
562 5543 698 5618 sanguiue
706 5545 806 5618 poscit.
980 5551 1118 5609 Plurimus
1130 5552 1285 5611 AEneadum
1298 5569 1390 5623 cruor,
1404 5553 1605 5614 insistentibus
1619 5555 1681 5630 ipsis

119 5640 247 5715 Undique
258 5640 333 5699 euim
348 5642 543 5718 laxisaurquut
555 5654 627 5700 nora
640 5640 736 5713 praelia
748 5639 848 5698 irenis:
979 5643 1173 5720 barbarieque,
1190 5645 1219 5703 in
1233 5661 1265 5704 aa
1278 5647 1393 5724 sanquis
1407 5661 1479 5720 quos
1497 5655 1638 5722 sparserat
1648 5646 1725 5705 unna
