3840 6106
514 261 697 317 vtonoanot
720 260 871 316 tituourur
893 244 1058 318 asnensis
1078 262 1246 319 orvtscmn
1266 262 1418 322 narnien.

885 414 990 471 CAPUT
1012 415 1056 470 lv.

602 519 640 578 De
654 526 755 579 sancto
771 519 893 579 Aniceto
905 535 985 597 papo
1000 527 1026 577 et
1044 518 1187 596 Egesippo
1201 517 1328 578 doctore.

132 663 279 722 Pontifices
287 668 350 734 post
365 659 524 732 praemissus
538 657 566 712 in
581 656 704 712 culmina
713 656 788 712 sedis

131 759 229 813 Lectus
243 754 374 810 Anicetus
388 753 529 818 Romame,
543 765 621 805 sacra
634 754 762 803 venustat

129 853 204 914 iura,
215 866 294 906 corna
309 847 413 903 elerum
424 844 576 918 prohibens
588 844 640 898 suh
656 843 785 917 dogmate
802 842 878 897 Pauli
893 860 901 907 ;

130 939 312 1012 ltlnrtyrioqae
327 942 479 992 coronatus
492 933 566 988 subit
581 938 653 987 astra
671 931 778 994 beatus,

131 1028 212 1097 Cujus
227 1024 400 1096 temporibus
413 1023 526 1077 Romam
544 1020 697 1094 Egesippus
711 1019 821 1089 opimus

130 1118 286 1193 Ingreditur
300 1116 406 1181 doctor,
424 1112 508 1182 jussis
520 1111 661 1184 sectisque
677 1110 798 1166 Platonis

129 1211 179 1277 Qui
195 1209 271 1281 prius
286 1207 418 1273 imbutus,
433 1204 562 1276 saeclique
569 1202 739 1275 sophismata
753 1201 867 1265 callens,

950 656 1056 727 Altum
1072 665 1201 725 praestare
1214 654 1289 711 videt
1305 654 1403 711 Christi
1417 671 1503 728 super
1517 658 1616 714 omnia
1634 659 1743 717 cultum

989 743 1131 799 Sectarum
1144 758 1244 800 censor
1257 744 1358 800 melius
1372 744 1439 818 legit
1453 747 1688 820 assequiturque,

989 834 1172 906 ltoetrinaque
1187 834 1257 890 nitet
1272 835 1342 900 veri,
1358 836 1501 911 gestisque
1513 835 1612 895 fidelis

990 927 1129 997 Excipitur
1143 927 1231 995 testis,
1248 929 1294 1000 qui
1312 934 1436 1001 tempora
1447 931 1559 1002 puriter
1576 934 1633 989 orti

990 1014 1157 1085 Explanans,
1175 1016 1315 1091 Evangelii
1326 1018 1386 1073 sine
1406 1018 1504 1076 fraude
1520 1029 1633 1093 patrata

991 1109 1178 1181 Prosequitur,
1192 1112 1388 1186 Christumque
1404 1113 1483 1171 libris
1496 1123 1524 1171 et
1538 1117 1676 1189 praedicat
1688 1121 1753 1176 aclis

887 1333 992 1392 CAPUT
1011 1336 1042 1393 ll.

790 1442 830 1502 De
849 1451 952 1503 sancto
974 1441 1153 1523 Polycarpc.

18 1582 22 1589 ’
128 1596 203 1650 Tunc
216 1592 393 1664 Polycarpus,
409 1589 560 1662 apostolico
576 1587 696 1645 radiatus
711 1588 745 1644 ab
759 1605 808 1645 ore

130 1688 273 1755 bucolici,
289 1685 397 1742 auditor
411 1689 642 1756 consectatorque
657 1682 782 1752 ioannis,

130 1778 244 1833 Lumine
257 1775 403 1831 Romuleas
417 1772 510 1829 divino
523 1772 660 1828 illuminat
674 1788 760 1840 arces,

990 1590 1126 1665 Legitimo
1142 1588 1207 1645 fidei
1226 1606 1359 1647 revocans
1374 1592 1530 1650 certamine
1546 1592 1657 1667 plnres,

990 1682 1177 1755 lusoremque
1193 1689 1273 1738 tuens
1287 1684 1388 1740 Satana
1400 1690 1479 1756 patre
1491 1684 1736 1744 denotathostem.

882 1871 988 1928 CAPUT
1005 1871 1048 1926 Vl.

572 1983 613 2044 De
625 1997 728 2044 sancto
741 1983 851 2058 Sotere,
868 1983 1040 2044 Eleutherio
1054 1990 1143 2060 etqrre
1161 1982 1274 2043 Victore
1288 1980 1350 2044 PP.

130 2127 209 2181 Soter
223 2122 367 2177 Anicetum
383 2118 519 2191 sequitur,
533 2117 580 2190 qui
596 2118 718 2174 dimovet
731 2118 786 2174 aris

129 2212 288 2267 Femineum
303 2208 429 2281 quamvis
443 2207 594 2279 pollentem
605 2207 705 2263 robore
726 2224 833 2263 sexum.

131 2302 188 2366 Quo
205 2297 331 2370 patribus
347 2297 454 2368 juncto,
475 2296 598 2351 succedit
612 2296 789 2352 Eleutheros.
806 2296 892 2366 Huius

129 2391 228 2448 laucius
242 2388 372 2445 indiculis
387 2387 488 2463 rogitat
503 2404 550 2443 rex
562 2388 639 2457 jussa
654 2389 815 2457 Britannus,

127 2483 212 2540 Ponte
227 2483 272 2554 pio
288 2488 318 2536 ut
331 2480 428 2535 Christi
444 2478 504 2536 heri
520 2488 659 2536 mereatur
672 2482 812 2536 alumnus.

129 2574 177 2627 llic
192 2578 297 2635 censet,
308 2569 523 2626 neChristicolis
537 2584 680 2641 quaeqnam
702 2585 767 2624 esca
781 2574 890 2640 putetur

951 2124 975 2191 Β
991 2119 1094 2174 Pascha
1108 2119 1154 2173 die
1170 2117 1241 2186 heri,
1261 2135 1366 2175 sacram
1382 2120 1527 2178 Surrectio
1541 2121 1646 2179 Christi

990 2211 1074 2275 Quam
1090 2208 1164 2275 lacit,
1179 2217 1260 2281 atque
1272 2210 1364 2279 jubet,
1378 2210 1463 2267 luerit
1478 2212 1503 2267 si
1521 2212 1595 2270 forte
1608 2230 1729 2285 necesse

990 2299 1127 2358 Gentilem
1144 2301 1241 2357 Christi
1258 2300 1323 2359 hdei
1340 2304 1472 2374 mysteria
1488 2303 1599 2361 lassum

989 2394 1095 2449 Sacrari
1109 2394 1355 2468 quocunqueloeo‚
1368 2395 1769 2472 fluctuvesolove[mc.2,salore

991 2482 1069 2536 Edita
1079 2482 1249 2538 membranis
1269 2482 1334 2539 hinc
1354 2483 1454 2557 linquit
1474 2486 1617 2557 opuscula
1631 2496 1710 2557 casta,

992 2571 1128 2642 hlartyret
1142 2572 1283 2642 egreditur
1301 2571 1438 2628 Christum
1455 2573 1731 2646 insectanteSevero,

129 2665 187 2719 Non
199 2664 257 2720 lore
277 2661 391 2727 munda,
407 2660 550 2716 hominum
575 2663 707 2715 mundam
731 2676 813 2733 quam
835 2660 942 2730 judicat
993 2660 1042 2724 Qui
1058 2661 1112 2717 late
1125 2660 1238 2732 quintus
1253 2671 1316 2732 post
1329 2662 1420 2717 dirum
1432 2663 1516 2733 jussa
1526 2665 1668 2724 Neronem

816 2752 903 2825 [usus.
941 2803 944 2808 .

129 2847 257 2902 Ecclesiae
274 2853 334 2917 post
346 2845 420 2901 hunc
432 2844 555 2916 disponit
570 2844 694 2920 regmina
711 2843 815 2913 Victor,

130 2936 235 2991 Etcum
251 2933 416 3007 presulibus
432 2939 557 2989 sanctum
575 2932 721 2989 confirmat
736 2934 800 2989 Cois

992 2749 1125 2820 Dispersit
1139 2756 1250 2805 sanctos
1265 2751 1420 2807 truculenta
1436 2753 1515 2808 caede
1531 2756 1640 2823 necari,

993 2838 1049 2904 Qua
1065 2839 1146 2895 variis
1161 2838 1239 2895 multi
1253 2839 1415 2912 regionibus
1425 2848 1500 2898 astra
1514 2853 1660 2916 pararunt,

873 3035 978 3092 CAPUT
999 3037 1056 3092 llll.

685 3144 724 3204 De
738 3144 876 3206 uindicta
890 3148 1003 3224 qttinta
1014 3148 1241 3224 persecutionis.

128 3290 183 3345 Nec
197 3287 270 3344 sedit
283 3285 404 3342 vindicta
419 3285 477 3353 diu,
492 3281 585 3341 civilia
601 3300 663 3341 narn
678 3300 743 3342 mox

130 3381 202 3438 Bella
221 3385 345 3450 crepant,
361 3393 424 3449 quae
438 3385 517 3432 terna
532 3385 617 3433 ruunt
631 3378 761 3450 trinoque
777 3377 885 3452 fragore

127 3473 242 3529 Romani
257 3471 384 3544 quatiunt
395 3471 468 3526 vires
483 3470 645 3526 muniminis
660 3471 766 3543 amplas

127 3563 292 3631 Adjumenta
307 3559 346 3615 rei
361 3557 524 3626 sternentia,
541 3573 598 3616 uon
617 3558 784 3614 minusolim

127 3657 164 3709 Ac
175 3651 273 3709 sternit
284 3651 410 3721 jumenta
424 3650 484 3707 lues
498 3665 560 3724 quae
574 3650 672 3723 quinta
690 3650 796 3723 Syenes

952 3293 976 3360 (ζ
993 3287 1086 3360 Regna
1099 3287 1163 3344 terit
1177 3287 1286 3344 Christo
1305 3304 1411 3345 sacram
1424 3289 1570 3347 turbantia
1585 3290 1700 3365 plebem.

992 3376 1038 3431 llis
1050 3375 1115 3431 ticet
1125 3375 1255 3430 intercisa
1267 3375 1347 3431 malis
1362 3376 1435 3432 haud
1450 3392 1551 3450 pressa
1565 3378 1684 3452 procella

989 3470 1126 3537 Turbinis,
1142 3473 1201 3528 haec
1220 3472 1330 3544 penitus
1338 3473 1405 3545 quin
1420 3480 1502 3531 tensa
1517 3484 1548 3531 et
1563 3476 1646 3533 incita
1657 3476 1714 3533 dun
1729 3472 1770 3532 αἱ

990 3566 1097 3640 Regnat
1110 3566 1264 3623 Alexander
1277 3568 1433 3642 multosque
1453 3570 1520 3642 polo
1536 3570 1620 3648 erigit
1633 3588 1704 3629 ense.

862 3751 968 3809 CAPUT
992 3755 1061 3811 Vlll.

648 3855 689 3914 De
702 3855 874 3933 Zephyrino
885 3873 965 3934 pope
979 3865 1006 3917 et
1018 3866 1121 3919 sarecto
1139 3858 1268 3920 Caticto.

123 3997 240 4054 Victoris
251 3997 344 4053 llomnt
358 3995 529 4066 Zephyrinus
541 3994 604 4066 jura
618 3995 749 4066 capessit,

122 4087 194 4143 Ordo
209 4086 383 4141 sacerdotum
400 4089 427 4138 ct
445 4098 531 4137 sacrae
544 4083 674 4154 mysteria
689 4098 793 4138 mensae

988 3998 1150 4070 llartyrihus
1165 3999 1252 4054 sacris
1267 3999 1314 4054 dat
1329 3998 1554 4074 praesulibusque
1568 4003 1704 4076 quietem:

987 4085 1126 4141 laudibus
1142 4087 1225 4158 inque
1241 4085 1417 4143 [leiaddebat
1426 4096 1583 4163 noctesque
1599 4092 1714 4163 diesque

122 4177 180 4240 Quo
189 4175 338 4229 decorante
354 4172 454 4234 nitent,
475 4169 644 4242 proprioque
671 4171 832 4225 reconditus
856 4176 934 4227 antro
986 4179 1106 4236 instante
1118 4181 1170 4237 hoc
1183 4181 1311 4252 precibus
1325 4180 1435 4238 Domini
1451 4199 1503 4254 pro
1519 4185 1604 4257 plebe
1619 4182 1724 4247 lernam,

121 4270 246 4325 Traditur
261 4269 315 4322 hoc
333 4281 426 4323 coram
443 4264 575 4320 Proculus
590 4265 760 4338 Cataphryga
775 4265 864 4321 victus

124 4356 221 4412 Christi
231 4355 305 4426 lege,
316 4352 449 4409 viroGaio
465 4359 597 4408 tractante
611 4352 724 4408 diserto.

123 4447 241 4521 Erigitur
256 4443 328 4499 Petri
342 4443 491 4515 posthunc
505 4442 533 4497 in
546 4443 613 4498 sede
625 4441 754 4509 Calixtus,

122 4538 263 4613 Sanguine
278 4537 427 4603 Romanus,
440 4536 529 4608 patria
546 4536 661 4613 regione
677 4536 822 4592 Ravennae

121 4632 253 4692 Quinttuor
267 4627 312 4682 hic
326 4626 419 4682 statuit
431 4626 540 4695 jejunia
552 4642 631 4682 sacra
641 4625 790 4699 quotannis

120 4721 300 4792 Temporibus
321 4721 415 4789 recoli,
435 4721 513 4776 vitari
531 4737 671 4776 murmura
687 4721 777 4792 plebis

121 4814 264 4869 hectorem
281 4819 385 4876 contra,
400 4811 566 4883 probrisque
584 4827 682 4866 cavere
694 4812 814 4868 minores

122 4906 263 4975 liciorum,
280 4920 370 4976 neque
386 4904 526 4960 damnatis
545 4902 684 4960 consortia
696 4903 787 4978 jungi,

120 4997 207 5067 Atque
221 4999 321 5048 statuta
337 4994 444 5047 Patrum
462 5008 516 5048 non
530 4994 714 5063 permutanda
731 4994 851 5063 piorum,

120 5084 340 5153 Contentumque
356 5081 414 5135 suis
430 5087 542 5135 externa
557 5080 696 5136 incessere
713 5079 816 5134 nullum

120 5178 231 5234 liunia:
252 5174 353 5231 mutari
369 5176 449 5230 sedes
463 5175 589 5247 quojure
604 5175 754 5239 sinuntur;

119 5270 183 5333 Quae
196 5282 281 5337 super
293 5265 406 5320 incestis
421 5264 570 5336 reliquisve
580 5264 723 5336 sequenda
733 5258 872 5334 probrosis
886 5279 893 5320 ε

119 5361 169 5425 Qui
189 5360 240 5414 rite
254 5372 384 5414 accusare
402 5364 506 5429 queant
518 5364 645 5428 testeque
659 5355 830 5427 probentur;

120 5455 208 5525 litque
223 5453 382 5507 sacerdotes
396 5450 465 5523 lapsi
475 5450 509 5507 de
518 5450 636 5506 crimine
649 5458 774 5522 surgant.

122 5549 262 5603 Basilicam
280 5547 384 5618 populo
399 5545 507 5601 Tiberis
521 5552 597 5601 trans
608 5544 695 5600 edidit
709 5560 830 5613 amnem,

118 5643 206 5713 Atque
221 5642 389 5712 sepulturam
405 5655 460 5714 qua
471 5640 566 5695 multis
580 5639 668 5711 Appia
687 5639 780 5694 carnis

985 4268 1077 4340 linque
1088 4269 1147 4323 lacu
1164 4268 1260 4324 mortis
1275 4269 1379 4340 populo
1394 4271 1534 4344 tetrisque
1548 4274 1670 4330 tenebris

983 4358 1127 4426 Vellendo,
1142 4360 1242 4433 retegit
1257 4360 1349 4416 devoti
1357 4361 1470 4418 audisse
1490 4363 1662 4439 Redemptor

983 4452 1059 4508 Servi
1074 4461 1137 4509 vota
1152 4453 1247 4521 iteum,
1262 4456 1388 4526 pandens
1403 4459 1542 4515 vertenda
1561 4461 1671 4525 sacella,

984 4547 1193 4619 humanumque
1208 4563 1297 4622 genus
1312 4549 1379 4604 laeva
1392 4551 1468 4623 quod
1486 4551 1552 4628 lege
1566 4554 1714 4626 premebant

984 4636 1069 4691 Suavis
1084 4636 1247 4708 raptandum
1262 4638 1392 4695 manibus
1403 4639 1521 4697 ditionis
1535 4642 1649 4717 iniqua,

986 4728 1098 4783 Pertulit
1112 4744 1179 4801 ergo
1194 4729 1268 4785 iovis
1283 4746 1421 4786 summurn
1439 4732 1626 4792 intercaetera
1637 4735 1714 4792 lanum

985 4819 1067 4889 Cujus
1081 4837 1182 4895 magna
1193 4837 1277 4875 ruens
1291 4837 1386 4877 verum
1400 4823 1564 4882 manifestat
1585 4827 1624 4883 ab
1637 4838 1715 4885 auaro

982 4911 1093 4968 Admitti
1114 4913 1201 4969 solem
1218 4913 1343 4969 tenebris
1358 4930 1421 4985 pars
1437 4914 1500 4972 luce
1518 4926 1653 4992 recepta3

986 5000 1120 5074 Pigmenti
1136 5000 1283 5073 liquefacta
1300 5019 1397 5057 manus
1410 5019 1564 5062 vanescere
1583 5009 1658 5079 pravi

984 5094 1121 5148 [temonis
1135 5092 1283 5165 imperium
1295 5095 1407 5166 promit,
1420 5095 1509 5153 liuere
1521 5113 1607 5156 omne
1616 5098 1735 5173 prolatus

984 5184 1001 5235 A
1015 5182 1083 5237 iacie
1098 5181 1207 5237 ltommi
1219 5181 1357 5237 contraria
1371 5198 1457 5255 regna
1472 5183 1605 5243 terentis.

984 5271 1074 5328 ltiales
1088 5272 1143 5328 uris
1159 5271 1278 5345 rogitant
1293 5270 1426 5327 libamina
1440 5269 1523 5342 ferri,

985 5364 1143 5436 Placnrique
1160 5364 1228 5418 deos
1244 5361 1274 5418 ht
1287 5363 1377 5433 jussio
1391 5379 1465 5420 crece
1476 5363 1632 5435 furentum,

983 5453 1135 5508 Mactantur
1146 5451 1399 5522 pecudesmuleere
1408 5468 1491 5510 sacro
1499 5456 1672 5527 spurcamine
1678 5444 1755 5505 ecrit*

983 5550 1109 5620 itumque
1125 5547 1237 5603 umbras
1250 5548 1372 5604 mulcere
1391 5563 1472 5605 sacro
1488 5566 1663 5625 spurcamme
1675 5548 1752 5601 redut

984 5636 1108 5692 Fulmina
1124 5636 1171 5691 dat
1184 5635 1284 5691 coelum
1300 5636 1362 5693 siue
1375 5650 1454 5694 more
1466 5638 1574 5713 allapsa
1588 5648 1709 5696 serenum
