3840 6106
122 323 177 380 22?
448 321 612 379 lllSTORlAE
631 320 797 377 ECCLESIAE
816 322 981 380 RRMRNSlS
1001 326 1089 383 cluat
1109 325 1276 392 nullutn.
1289 357 1324 369 -
1343 329 1405 385 LlB.
1427 330 1473 388 ΙΙΙ.

163 449 197 505 lit
205 447 278 505 circa
286 448 369 519 huius
378 447 472 519 operis
482 445 582 503 linem:
598 470 611 496 ι
628 446 666 502 lte
676 446 738 503 aliis
750 463 825 515 vero,
834 453 894 520 quae
909 450 936 506 in
952 453 1060 526 Aquod
1080 454 1115 508 de
1136 468 1187 509 suo
1206 453 1317 519 dicebat
1343 455 1460 512 Paulus:
1486 456 1646 513 amanter
1666 460 1800 540 arcariosg

123 542 230 614 scripto
259 540 332 612 apud
351 540 514 597 attiniacum
541 540 605 596 dato
623 539 692 595 milri
722 540 936 612 improperando
985 543 1073 597 multo
1099 543 1174 598 molo
1191 532 1519 611 maritumamque
1544 547 1588 600 itti
1607 549 1736 603 Dominus
1759 549 1794 613 tll

126 632 301 689 mendaciter
310 631 391 699 dicis,
401 631 451 686 tibi
462 630 632 703 respondere
645 645 701 686 non
711 646 787 686 curo.
801 631 855 686 Sed
866 633 937 689 scias
988 635 1056 689 lim.
1074 637 1121 703 tv).
1145 657 1158 682 ι

126 724 193 794 quia
209 738 264 779 non
280 740 341 778 sum
363 722 467 778 oblitus
492 720 567 793 quod
597 720 729 792 scriptum
751 721 836 777 estin
866 721 936 777 lsaia
1283 704 1388 761 CAPUT
1403 706 1496 762 ΧΧῙΗ·

125 815 264 888 propheta
274 816 339 886 (leo.
356 814 470 884 xrrvu),
486 813 619 885 quoniam
634 812 661 866 S.
675 811 805 867 Ezechias
819 820 937 869 arctatus
987 795 1052 863 (Μ’
1062 796 1188 865 Animi)
1204 798 1422 853 Trssmrkfflmt
1434 801 1565 869 91)ΒοοΡοι
1580 805 1714 857 mitrii
1727 803 1793 873 qut-

121 905 591 984 angustia,blaspbemascpistolas
602 904 821 960 sibidirectasin
834 905 937 977 templo
1164 887 1278 955 blssd‘lm
1303 890 1434 959 ιῬῑθΰθιή8
1466 891 1616 960 SWPSW·

120 1010 215 1051 coram
230 993 347 1050 Domino
362 993 505 1064 expandit,
521 992 596 1047 etad
613 1007 677 1046 eum
689 991 829 1059 clamavit,
847 999 874 1047 et
887 1007 938 1046 ex·
1022 998 1139 1055 Altlrido
1152 1000 1370 1058 Transrhenensi
1394 1004 1527 1075 episcopo
1546 1005 1656 1076 scripsit
1668 1005 1793 1076 quaedam

121 1086 236 1142 nuditus
251 1094 302 1141 est·
314 1084 473 1155 Expandtm
486 1089 578 1139 aulem
593 1097 692 1148 manus
707 1099 783 1138 meas
797 1083 831 1138 ad
844 1082 934 1138 Domi·
988 1103 1038 1160 pro
1051 1090 1136 1145 rebus
1150 1090 1177 1145 S.
1197 1090 1314 1166 Remigii
1328 1092 1390 1148 sitis
1405 1093 1433 1148 in
1448 1094 1604 1170 Thuringia,
1621 1110 1690 1166 quas
1703 1095 1793 1150 eidem

122 1193 190 1231 num
214 1192 276 1232 cum
294 1175 474 1246 blasphemiis
495 1183 522 1230 et
537 1174 744 1246 superbissimis
758 1174 868 1246 scriptis
883 1172 938 1229 tuis
987 1181 1175 1249 commiserat,
1193 1192 1221 1237 ιιι
1246 1183 1371 1239 redditus
1389 1184 1511 1256 ipsarum
1534 1186 1585 1258 ipsi
1607 1194 1730 1257 tempore
1744 1201 1796 1258 op-

124 1268 195 1322 mibi
210 1283 226 1321 a
241 1276 269 1322 te
284 1266 406 1329 directis,
423 1281 506 1322 orans
520 1274 560 1333 ut,
581 1265 692 1338 quando
706 1266 767 1331 scit,
784 1274 812 1321 et
826 1266 937 1338 quando
988 1275 1107 1339 portuno
1122 1269 1266 1344 dirigeret,
1293 1271 1472 1340 interdicens,
1494 1275 1572 1343 iuxta
1591 1273 1795 1345 depositionem

120 1358 192 1424 vult,
207 1365 236 1414 ct
249 1359 319 1413 sicut
332 1358 384 1413 scit
403 1358 515 1414 etaient
529 1358 598 1424 vult,
621 1365 648 1413 te
662 1365 804 1414 convertat
818 1358 851 1412 ad
867 1372 937 1414 verae
989 1357 1018 1410 B.
1036 1358 1163 1433 Remigii,
1177 1366 1206 1414 ut
1222 1375 1303 1416 nemo
1318 1361 1432 1417 colonos
1447 1362 1571 1433 ipsarum
1583 1363 1610 1417 in
1626 1378 1677 1419 suo
1691 1378 1794 1434 praesn·

121 1449 201 1521 pacis
212 1457 241 1506 et
252 1448 410 1506 dilectionis
424 1458 506 1521 atque
520 1449 619 1505 debitae
632 1448 799 1505 obedientie
813 1449 938 1505 dilectio·
989 1457 1076 1505 meret
1095 1450 1253 1521 opprimere
1278 1453 1412 1519 servitio;
1429 1454 1505 1521 item,
1533 1454 1606 1526 quod
1622 1455 1733 1510 easdem
1752 1470 1797 1511 res

121 1558 187 1598 nem
200 1542 278 1614 lton,
287 1541 527 1612 directionem],et
542 1557 587 1597 mc
598 1541 696 1596 liberet
707 1557 721 1595 a
734 1540 814 1596 labiis
825 1541 937 1613 iniquis,
989 1541 1098 1596 cuidam
1114 1557 1164 1597 suo
1178 1543 1205 1596 in
1214 1543 1381 1601 beneficium
1398 1547 1507 1602 dederit
1521 1547 1637 1613 horiani,
1652 1562 1753 1620 rogans
1767 1554 1797 1603 ut

121 1643 149 1689 et
177 1633 305 1709 elingua
325 1632 420 1690 dolosa
443 1633 524 1702 (Psoi.
552 1633 635 1702 cxlx).
662 1632 694 1686 ut
723 1630 842 1687 dominae
869 1647 938 1686 meae
989 1629 1080 1684 eidem
1097 1631 1202 1687 homini
1218 1633 1346 1689 solatium
1370 1636 1398 1690 in
1413 1635 1625 1708 quibuscunque
1646 1637 1820 1712 indiguerit=

122 1721 211 1776 beata
241 1728 269 1776 et
285 1719 412 1795 gloriosae
426 1720 473 1776 liei
492 1719 635 1794 genitricis
653 1719 744 1775 llariae
767 1720 884 1783 meritis,
907 1733 961 1774 ac·
990 1716 1061 1772 lerre
1079 1719 1204 1787 studeat;
1225 1722 1560 1791 Adventi0,llettensium
1576 1724 1796 1796 praesuli‚super

121 1808 256 1879 precibus
274 1808 361 1863 sancti
392 1806 520 1882 Remigii,
538 1806 617 1874 cujus
639 1806 782 1881 privilegio
809 1806 936 1879 derogas,
950 1771 1106 1880 Bquadam
1122 1809 1188 1867 fidei
1203 1814 1366 1884 quaestione,
1383 1814 1418 1870 dc
1437 1831 1492 1886 qua
1506 1814 1594 1870 iuerat
1611 1816 1795 1890 interrogatus

121 1896 255 1952 exaudiet
269 1912 312 1952 me
336 1896 446 1965 adjutor
462 1895 489 1950 in
505 1895 758 1966 opportunitatibus
778 1894 807 1949 in
823 1892 936 1949 tribula·

122 1987 199 2041 tione
215 1986 292 2055 (Psoi
323 1985 371 2056 tx).
388 1984 420 2041 Et
435 1985 500 2057 quia
516 1985 614 2040 beatus
628 1984 810 2055 Hieronymus
836 1984 869 2038 de
880 1982 934 2047 bis,

120 2095 242 2152 quorum
256 2079 400 2134 adversum
422 2094 465 2134 me
484 2077 569 2152 gratis
582 2077 728 2148 suscepisti
743 2074 876 2142 cilicium,
892 2076 934 2130 di·

119 2168 177 2224 cit:
198 2167 318 2223 studiant
332 2181 416 2222 canes
429 2166 485 2221 mei
500 2167 627 2236 (lirnaon.
644 2167 754 2236 praefat.
774 2168 803 2220 in
817 2167 886 2234 lob),
906 2174 934 2220 tu

120 2260 167 2332 qui
184 2257 221 2315 de
231 2258 289 2314 lilio
304 2259 331 2313 iu
348 2258 471 2325 tratrem,
488 2258 610 2329 indeque
625 2257 736 2312 crevisti
751 2257 779 2311 in
794 2257 934 2328 coepisco-

121 2363 200 2418 pum,
217 2353 318 2417 etpost
332 2345 401 2401 adeo
417 2345 569 2416 prolecisti,
588 2345 660 2400 utin
676 2360 772 2400 canem
785 2361 878 2400 meum
889 2360 936 2399 ex·

121 2435 256 2502 creveris,
272 2435 367 2505 accipe
380 2435 451 2489 hanc
467 2433 589 2506 perversi
605 2435 785 2489 contumaciae
797 2442 850 2490 tuae
864 2432 935 2504 pita·

119 2527 184 2582 cioli
201 2527 331 2602 exigente
361 2542 454 2593 causa,
475 2526 609 2598 prolixam
631 2525 850 2596 responsionem.
868 2524 933 2579 Cum

121 2623 215 2670 antem
233 2614 302 2669 mibi
316 2614 465 2680 vacaverit,
480 2613 647 2669 succinctius
659 2612 694 2667 de
709 2612 771 2666 aliis
786 2612 933 2683 perversis,

119 2714 147 2761 et
162 2704 356 2777 incompositis
365 2705 475 2776 scriptis
488 2704 552 2770 tuis,
563 2704 591 2758 in
605 2703 705 2776 quibus
716 2702 840 2776 quaedam
853 2718 935 2756 men-

118 2796 364 2869 daciter‚quaedam
373 2795 683 2867 reprehensibiliterme
692 2794 933 2865 reprehendendo.

119 2889 248 2960 quaedam
264 2886 328 2943 lictc
349 2888 499 2954 humiliter,
516 2893 543 2943 et
569 2902 633 2942 vere
648 2886 768 2958 superbe
790 2885 935 2955 scripsisti,

987 1900 1022 1954 ab
1036 1901 1115 1972 ipso;
1133 1903 1209 1971 item,
1225 1904 1259 1959 dc
1275 1905 1374 1961 itinere
1389 1907 1464 1978 quod
1484 1908 1556 1963 idern
1578 1908 1727 1963 adventius
1740 1908 1795 1963 Ro·

987 2008 1059 2047 mam
1076 1995 1212 2063 petiturus
1229 1996 1350 2053 debebat
1363 1998 1486 2070 incipere
1503 2017 1510 2064 ;
1531 1999 1607 2066 item,
1628 2000 1662 2054 de
1676 1999 1795 2055 adventu

986 2099 1037 2138 suo
1050 2084 1288 2142 ad'denuntiatam
1304 2105 1394 2161 arege
1410 2091 1558 2161 synodum,
1579 2107 1629 2162 pro
1645 2099 1796 2147 memorata

986 2176 1141 2246 quastione
1170 2180 1335 2244 tractanda;
1368 2181 1444 2250 item,
1480 2199 1529 2254 pro
1549 2184 1616 2239 liiiio
1636 2184 1727 2254 neptis
1740 2198 1797 2239 sua

987 2283 1068 2338 quem
1081 2268 1171 2324 eidem
1188 2271 1398 2338 committebat;
1414 2274 1492 2341 item,
1511 2291 1560 2345 pro
1584 2275 1704 2347 hisquae
1724 2274 1796 2330 idem
1835 2317 1844 2335 .

986 2358 1137 2414 adventius
1151 2360 1177 2414 ei
1193 2361 1371 2419 mandaverat
1397 2364 1433 2419 de
1449 2364 1594 2420 llincmaro
1622 2365 1796 2421 laudunensi

986 2445 1128 2517 episeopo,
1155 2447 1279 2505 breviter
1296 2449 1428 2506 intimans
1447 2468 1508 2524 quae
1523 2453 1597 2509 bona
1617 2469 1683 2529 erga
1706 2453 1794 2524 ipsum

984 2538 1112 2612 gesserit,
1126 2546 1153 2594 et
1169 2555 1230 2610 quae
1247 2557 1329 2611 prava
1344 2542 1392 2598 ille
1405 2551 1500 2599 contra
1512 2544 1646 2617 gerebat3
1662 2546 1796 2615 item,pe-

986 2626 1055 2681 tenti
1077 2627 1223 2682 consilium
1246 2629 1312 2700 quid
1337 2646 1418 2703 agere
1436 2632 1562 2700 deberet,
1588 2633 1685 2690 llarolo
1701 2633 1729 2688 in
1751 2648 1794 2687 re·

985 2733 1070 2792 gnum
1088 2718 1221 2775 Ludovici
1236 2719 1328 2776 iratris
1352 2722 1394 2777 sui
1414 2724 1532 2779 senioris
1546 2725 1633 2795 ipsius
1655 2724 1796 2789 veniente,

986 2808 1147 2885 significans
1169 2811 1237 2882 quid
1250 2813 1338 2886 egerit
1359 2814 1430 2885 ipse,
1454 2816 1566 2887 quando
1582 2815 1735 2872 Ludovicus
1752 2829 1797 2869 re·

986 2917 1071 2975 gnum
1093 2902 1183 2959 llaroli
1199 2914 1367 2975 pervaserat,
1390 2914 1417 2961 et
1432 2907 1498 2978 quid
1513 2908 1603 2963 eidem
1620 2916 1686 2965 tunc
1711 2923 1796 2983 agen

120 2981 284 3047 rescribam,
298 2991 326 3037 et
339 2981 366 3036 iu
383 2981 429 3036 illo
445 2980 559 3051 scripto,
576 2979 642 3052 quia
655 2979 716 3053 lego
732 2978 835 3033 dixisse
850 2976 938 3032 ltomi·
988 2989 1053 3044 dum
1091 2989 1185 3058 toret,
1213 2992 1289 3058 pem,
1323 3008 1374 3064 pm
1407 2996 1587 3051 acceleranda
1622 2996 1797 3053 ordinatione

120 3094 212 3132 num:
240 3076 300 3131 lam
326 3091 381 3132 non
397 3075 500 3131 irascar
523 3075 571 3130 tibi
591 3074 711 3146 amplius
740 3074 836 3144 (lineola
868 3072 934 3142 xvv),
951 3079 1100 3188 Cberardi
1126 3079 1255 3136 Ecclesiae
1270 3081 1450 3138 virdunensis
1476 3084 1568 3150 electi,
1584 3092 1611 3141 et
1630 3085 1718 3141 vocati
1740 3086 1797 3157 epi-

122 3179 258 3244 quantum
274 3170 341 3226 milri
356 3170 447 3226 adhuc
461 3179 541 3243 paret
558 3171 593 3226 dc
608 3169 765 3239 hujusmodi
781 3167 936 3224 altercatio
986 3169 1084 3241 scopi;
1109 3169 1185 3233 item,
1219 3185 1268 3241 pro
1296 3173 1582 3229 excommunicatione
1609 3173 1795 3239 llarlomanni,

122 3262 205 3317 nibus
229 3261 281 3317 tibi
296 3261 437 3318 scribendi
451 3260 535 3317 finem
562 3261 713 3332 imponam.
737 3261 773 3315 lie
790 3260 843 3315 hoc
860 3257 934 3331 quod
984 3281 1066 3336 quarn
1089 3263 1214 3319 mittebat
1229 3264 1265 3327 ei,
1281 3263 1442 3340 significans
1464 3266 1584 3337 qualiter
1603 3265 1729 3322 camdem
1745 3275 1798 3321 tra·

123 3353 204 3420 dicis,
233 3353 299 3425 quia
323 3353 466 3408 dicuntde
490 3369 534 3407 me
548 3351 697 3416 homines:
717 3350 810 3416 Qualis
822 3358 864 3405 est
888 3349 934 3404 illo
984 3361 1058 3409 ctare
1085 3350 1220 3418 deberet3
1249 3353 1326 3418 item,
1354 3369 1404 3424 pro
1432 3354 1524 3409 missis
1553 3355 1638 3425 ipsius
1660 3354 1796 3420 adventii,

122 3443 290 3514 avunculus,
305 3444 351 3515 qui
363 3443 427 3499 talia
441 3458 492 3499 suo
505 3441 599 3515 nepoti
612 3440 734 3498 scribit?
748 3440 842 3496 dicant
857 3448 885 3494 ct
899 3439 935 3494 de
985 3456 1056 3515 quos
1076 3441 1189 3496 Romam
1210 3441 1348 3498 direxerat
1364 3459 1416 3514 pro
1445 3459 1528 3499 causa
1545 3444 1687 3516 Bertulphi
1709 3443 1799 3499 Trevi-

125 3540 150 3588 Ιθ
165 3533 219 3603 ipsi
230 3532 358 3588 homines
375 3549 382 3585 1
404 3530 496 3596 Qualis
521 3539 563 3586 est
577 3528 623 3585 ille
646 3545 733 3601 nepos
747 3528 782 3584 ab
798 3526 934 3584 avunculo
985 3532 1075 3588 rensis
1091 3533 1304 3606 archiepiscopi,
1320 3535 1424 3590 mirans
1437 3551 1486 3591 cur
1500 3535 1554 3591 sibi
1574 3551 1630 3591 non
1648 3534 1799 3611 significas

122 3643 172 3684 sno
186 3627 251 3682 talis
266 3634 296 3681 nt
309 3635 374 3682 tunc
388 3635 448 3682 erat
470 3636 637 3697 assumptus,
657 3634 686 3681 et
699 3625 761 3681 talis
773 3625 845 3681 sicut
859 3639 933 3679 nunc
983 3632 1036 3692 set,
1054 3626 1101 3697 qui
1117 3625 1142 3680 ei
1158 3626 1392 3682 renuntiavissent
1406 3644 1413 3693 ;
1437 3627 1514 3692 item,
1531 3644 1581 3698 pro
1596 3627 1696 3682 litteris
1712 3626 1799 3682 Ludo

122 3723 163 3772 est
176 3715 205 3769 in
219 3713 339 3786 spiritali
355 3730 386 3769 ac
396 3714 539 3786 temporali
551 3714 656 3770 honore
671 3711 796 3783 effectus,
808 3713 855 3785 qui
868 3711 932 3767 talia
981 3718 1034 3773 vici
1058 3718 1143 3790 regis,
1168 3734 1236 3789 quas
1251 3718 1324 3773 idem
1341 3719 1490 3775 Adi-entius
1503 3720 1528 3774 ai
1544 3719 1693 3785 direxerat,
1715 3725 1743 3773 et
1769 3726 1799 3773 ut

123 3811 175 3866 sibi
192 3809 280 3885 exigit
292 3809 326 3864 ab
339 3809 425 3864 invito
441 3810 586 3877 avunculo,
602 3826 637 3865 ne
653 3809 715 3864 talis
729 3807 764 3864 ab
777 3809 848 3875 aliis,
861 3808 933 3863 sicut
981 3808 1096 3877 litteras,
1126 3825 1194 3880 quas
1228 3809 1286 3879 ipse
1315 3809 1434 3864 domnus
1464 3809 1624 3865 Hincmarus
1658 3809 1798 3865 ludovico

125 3910 259 3973 anepote
274 3916 324 3956 suo
337 3901 507 3976 depingitur,
529 3901 690 3964 aestimatus,
717 3915 766 3972 per
779 3916 842 3954 eum
869 3898 931 3953 bla-
988 3894 1124 3963 mittebat,
1141 3896 1200 3967 ipse
1216 3896 1346 3967 praelatus
1362 3898 1461 3967 praesul
1487 3897 1512 3951 ei
1538 3903 1583 3952 aut
1606 3896 1737 3958 mitteret,
1753 3902 1800 3951 ant

127 3995 291 4066 sphemetur
306 4008 407 4048 nomen
427 3992 536 4049 Domini
561 3993 646 4063 (Rom.
669 3994 697 4064 rr)
714 4000 741 4047 et
767 3991 939 4061 vituperetur
989 3986 1126 4052 donaret;
1153 3985 1228 4052 item,
1245 4001 1294 4056 pro
1319 3986 1416 4041 litteris
1433 3985 1520 4056 ipsius
1536 3984 1672 4051 adventii,
1688 3999 1757 4056 quas
1773 3983 1798 4038 ei

128 4084 313 4141 ministerium
338 4084 398 4152 ejus
420 4086 456 4154 (ll
480 4085 540 4140 Cor.
566 4084 622 4153 vr),
641 4092 753 4138 secutus
778 4080 937 4151 Apostolum
989 4075 1112 4142 miserat,
1140 4075 1269 4130 intimans
1298 4076 1334 4129 de
1360 4075 1479 4130 adventu
1505 4075 1655 4148 legatorum
1685 4087 1798 4128 snorum

127 4178 298 4233 scribentem
309 4177 344 4232 ad
361 4176 531 4242 Corinthios,
547 4184 644 4232 contra
658 4192 688 4231 se
701 4174 937 4247 blasphemantes,
990 4163 1104 4236 pallium
1120 4181 1136 4219 a
1150 4164 1217 4219 sede
1241 4163 1392 4235 apostolica
1417 4163 1565 4235 Bertulpho
1586 4161 1797 4233 archiepiscopo

127 4278 152 4324 et
164 4267 304 4340 vilipendi
316 4266 351 4323 ab
365 4266 427 4321 aliis
440 4266 623 4322 laborantes?
648 4264 710 4340 ligit
724 4263 828 4337 quippe
843 4264 940 4320 doctor
990 4253 1186 4320 deserentium,
1199 4253 1346 4308 elimitans
1355 4252 1449 4320 eiiam,
1460 4261 1490 4307 ¹¹²
1499 4252 1533 4306 de
1546 4267 1640 4326 regum
1651 4248 1800 4306 00¹¹0⁰fdi⁰

126 4355 258 4430 egregins
273 4361 312 4418 ut,
327 4353 392 4408 dum
406 4353 466 4425 ipse
476 4353 565 4425 qualis
576 4360 650 4409 esset
665 4352 834 4427 agnoscitur,
846 4360 873 4407 et
883 4351 938 4406 vita
988 4344 1142 4407 laboraret:
1158 4344 1243 4409 unde,
1259 4343 1443 4415 quiasemper
1455 4343 1621 4399 laboraverit
1635 4348 1662 4398 et
1676 4342 1800 4397 laborare

125 4445 260 4517 etlingua
275 4443 345 4497 malc
359 4441 567 4512 predicantium
581 4439 850 4512 ejuspraedicatione
869 4437 937 4493 vile·
989 4436 1121 4499 decertet,
1147 4432 1306 4499 innotescit,
1329 4439 1356 4487 ct
1382 4432 1417 4486 de
1442 4431 1528 4498 mulo,
1549 4447 1632 4503 quem
1654 4428 1708 4484 sibi
1729 4429 1799 4484 mitti

126 4533 303 4600 serotinos
318 4531 678 4597 videlicetcommendaret,
697 4530 721 4584 si
735 4545 765 4584 se
780 4528 936 4583 absconde·
989 4523 1116 4595 petierat,
1144 4521 1275 4593 quiahoc
1295 4521 1397 4576 animal
1423 4520 1482 4592 ipse
1501 4521 1619 4575 domnus
1639 4518 1801 4573 Hincmarus

126 4635 173 4694 ret,
190 4641 314 4697 eumque
333 4640 432 4681 senon
448 4624 618 4689 ostenderet,
635 4621 721 4678 errori
737 4621 828 4677 locum
844 4620 936 4676 dedis·
988 4628 1043 4668 non
1067 4611 1193 4678 haberet,
1210 4626 1261 4666 nec
1288 4611 1386 4666 sedere
1405 4611 1516 4676 soleret,
1537 4616 1564 4663 et
1580 4607 1633 4662 alia
1647 4606 1798 4678 quadam3

126 4725 173 4772 set.
190 4715 293 4770 Dicunt
307 4713 390 4768 ctiam
406 4720 434 4767 ct
448 4713 501 4784 ipsi
518 4711 644 4768 homines
657 4711 691 4765 de
707 4717 756 4765 te:
782 4709 874 4775 Qualis
894 4716 936 4764 est
988 4703 1065 4771 item,
1103 4719 1154 4774 pro
1190 4700 1487 4758 excommunicationis
1529 4697 1707 4764 discretione,
1735 4696 1800 4770 quia

126 4803 168 4859 ille
184 4818 288 4874 nepos,
309 4800 355 4874 qui
367 4801 431 4857 talia
445 4809 541 4857 contra
555 4817 634 4866 suum
649 4799 827 4862 avunculum,
842 4805 870 4854 et
885 4815 936 4852 nn·
988 4794 1242 4852 excommunicatos
1266 4791 1470 4865 significaverat
1484 4807 1500 4846 a
1521 4805 1551 4845 se
1566 4790 1699 4862 quosdam
1714 4789 1801 4844 male·

126 4894 251 4948 tritorem
263 4897 346 4964 atque
357 4889 546 4947 ordinatorem
562 4889 745 4957 machinatur,
761 4895 788 4943 et
802 4895 935 4960 quantum
987 4887 1105 4944 lactares
1132 4887 1276 4942 llettensis
1300 4884 1439 4948 Ecclesiae,
1463 4883 1591 4939 homines
1609 4882 1716 4938 scilicet
1730 4879 1801 4936 Wal-

125 4993 214 5056 potest
227 4983 296 5038 mali
309 4983 378 5058 agit,
395 4989 422 5038 et
436 4982 582 5054 plusquam
597 4987 689 5052 potest
699 4996 782 5056 agere
798 4979 935 5050 cupit,si-
987 4980 1050 5035 terii
1066 4979 1186 5046 comitis,
1199 4986 1226 5034 ct
1237 4977 1398 5044 lambertii,
1414 4978 1568 5049 deposcens
1582 4982 1612 5031 ut
1621 4974 1799 5047 apostolicam

125 5087 166 5134 cat
184 5088 213 5133 tu
242 5077 272 5131 in
289 5075 336 5130 die
350 5075 442 5150 magni
456 5074 554 5143 iudicii
575 5073 722 5130 manifeste
735 5072 854 5138 videbis,
870 5072 893 5127 si
909 5079 936 5128 te
987 5067 1111 5140 regulam
1127 5075 1153 5122 et
1166 5067 1354 5139 episcopalem
1366 5071 1456 5121 servet
1471 5065 1499 5120 in
1514 5062 1672 5133 hujusmodi
1688 5062 1801 5137 negotio

123 5177 202 5223 antea
218 5165 287 5221 indo
304 5180 359 5220 non
380 5165 586 5238 recognoveris,
602 5171 630 5219 et
652 5162 745 5236 dignis
762 5163 933 5234 poenitentia
985 5156 1167 5228 patientiam
1196 5157 1272 5222 item,
1300 5170 1355 5227 quo
1381 5154 1502 5210 debeant
1522 5153 1621 5209 ordine
1644 5151 1799 5208 consecrari

122 5253 257 5312 lructibus
273 5269 329 5310 non
344 5252 564 5309 emendaveris?
586 5252 699 5308 llultum
720 5269 764 5308 me
782 5251 892 5325 fatigas,
909 5260 936 5308 et
988 5248 1220 5320 metropolitanus
1230 5256 1312 5319 atque
1323 5247 1498 5304 dioecesanus
1508 5244 1642 5317 episcopi.
1655 5244 1800 5299 liccamrao

122 5346 231 5410 merito,
247 5360 304 5401 non
319 5344 370 5400 tibi
387 5345 549 5416 imputetur,
575 5344 625 5399 secl
641 5343 830 5416 fatigationem
845 5358 934 5398 meam
985 5335 1799 5411 Catbalaunensiepiscopo,dequibusdamreprebendens
1858 5373 1862 5377 .

121 5435 292 5504 consolatur,
308 5435 383 5507 quod
399 5433 536 5490 sicuttibi
553 5433 662 5506 scripsi,
678 5431 933 5488 beatusdicitGre-
985 5451 1047 5507 quae
1075 5449 1131 5490 nou
1150 5432 1271 5488 libenter
1297 5431 1427 5487 audiebat
1450 5431 1486 5487 dc
1510 5430 1568 5496 illo,
1590 5430 1744 5484 admonens
1770 5432 1798 5478 et

120 5526 239 5601 gorius:
265 5523 323 5579 Etsi
345 5523 471 5596 AEthiops
495 5524 574 5598 niger
590 5524 617 5578 in
643 5523 774 5577 balneum
790 5522 883 5588 intrat,
907 5527 935 5575 et
985 5523 1127 5579 instruens
1155 5521 1276 5595 qualiter
1301 5537 1332 5577 se
1347 5537 1429 5595 agere
1459 5520 1569 5586 debeat,
1585 5526 1613 5574 et
1627 5524 1657 5573 ut
1684 5511 1796 5569 monitis

120 5619 199 5696 niger
227 5619 264 5674 de
279 5618 382 5675 balneo
412 5618 486 5685 exit;
508 5626 600 5672 tamen
625 5615 771 5672 balneator
789 5614 932 5670 denarium
984 5612 1145 5684 apostolicis
1160 5611 1308 5687 diligenter
1325 5610 1469 5676 attendam
1490 5610 1567 5670 item,
1581 5620 1632 5678 pro
1651 5599 1794 5671 cujusdam

120 5707 213 5765 banci
226 5707 271 5764 sui
300 5722 355 5765 uun
370 5708 473 5781 perdit.
488 5707 582 5764 Timeo
601 5708 636 5763 de
651 5713 754 5763 temen
779 5706 933 5763 Alexandro
983 5705 1056 5764 villu
1071 5704 1180 5773 incolis,
1200 5719 1271 5775 quos
1285 5700 1512 5760 irrationabiliter
1527 5697 1563 5756 ab
1579 5694 1654 5754 omni
1668 5691 1793 5752 conmu-
