3840 6106
133 250 187 377 ξω
494 206 499 213 ’
694 243 877 300 mononem
897 242 1050 299 canonici
1075 245 1242 301 arnensis
1747 253 1804 310 nan

99 406 102 411 ’
141 403 236 451 antem
252 391 390 464 praescire,
408 389 559 445 bonavero
572 395 600 442 et
616 386 743 459 praescire
763 386 942 457 etpraedesti-
956 390 1043 459 Anes
1054 388 1088 442 ab
1117 390 1192 444 onmi
1218 391 1407 461 perversitatis
1430 390 1527 447 fraude
1542 393 1652 465 seipsos
1676 396 1705 450 iu
1721 411 1803 452 exse·

133 502 209 544 nare.
229 484 304 540 Unde
317 481 489 554 praescientia
502 495 562 535 esse
576 480 737 551 potestsine
756 479 938 550 praedestina·
993 481 1106 550 quendo
1122 482 1304 550 custodirent,
1326 485 1389 539 data
1405 484 1492 540 forma
1507 484 1653 540 electionis
1668 486 1802 543 edorcere

133 574 240 629 tione:
267 569 472 641 praedestinatio
494 576 585 624 autem
612 583 669 623 non
690 574 852 639 potestesse
878 567 939 622 sine
989 571 1111 633 curabat,
1142 572 1176 626 ad
1202 571 1304 626 nullam
1331 572 1491 644 specialiter
1514 573 1673 642 intendens,
1702 591 1801 646 perso-

132 662 314 735 praescientia,
329 661 433 732 etquis
457 659 548 716 bonos
567 658 706 730 praescivit
719 666 746 713 et
757 658 939 729 praedestina·
989 679 1071 728 nam;
1087 663 1136 718 sed
1147 678 1208 735 quae
1223 664 1401 720 concorditer
1414 664 1449 719 ab
1465 665 1605 731 omnibus,
1620 665 1663 720 vel
1694 665 1799 720 utiliter

132 756 171 811 vit
183 754 217 809 ad
230 770 345 828 regnum
359 771 366 819 ;
382 754 468 808 malos
483 759 575 807 autem
591 751 729 823 praescivit
751 758 867 815 tanturn,
882 764 939 806 non
989 771 1004 809 a
1019 755 1188 827 pluribusne
1202 756 1366 811 melioribus
1381 757 1540 832 eligeretur,
1557 757 1718 815 attendens.

131 843 348 917 predestinavit,
367 858 417 896 nee
431 849 461 896 ut
472 840 597 912 perirent
611 856 662 895 sua
674 839 847 910 praescientia
863 852 940 893 com·
1284 862 1389 918 CAPUT
1408 862 1497 917 XXIX·

131 932 210 1004 pulit.
228 932 278 988 Ubi
292 930 452 986 diffinitioni
468 929 644 985 subscribere
660 928 734 983 idern
745 927 940 983 Gothescalcus
989 951 1026 1004 De
1037 949 1107 1006 pigro
1119 952 1189 1007 ,dm
1204 969 1221 1006 a
1235 968 1262 1007 3,
1271 953 1390 1022 quante„
1399 953 1508 1006 „omim-
1518 951 1560 1006 „ep
1574 956 1731 1007 mmmm
1743 953 1799 1007 sim

131 1024 352 1096 pertinacissime
367 1021 514 1078 recusavit,
528 1020 644 1092 Scripsit
655 1035 765 1092 quoque
778 1019 852 1074 idem
863 1019 940 1074 dom·
1196 1025 1330 1091 innatans
1344 1023 1513 1086 emerendae,
1527 1030 1580 1078 etc.

131 1133 183 1172 nus
197 1117 360 1171 llincmarus
378 1115 412 1169 ad
435 1114 585 1170 monachos
599 1111 796 1169 altvillarensis
806 1108 938 1173 caenobii,
1025 1108 1140 1181 Scripsit
1162 1111 1244 1165 etiam
1268 1110 1369 1166 librum
1407 1109 1597 1184 flagitantibus
1621 1110 1797 1182 coepiscopis

132 1223 181 1278 pro
197 1207 296 1263 eodem
312 1204 502 1271 Gotbescalco,
526 1212 556 1259 ut
569 1204 591 1259 si
606 1220 636 1258 se
651 1208 873 1278 recognosceret,
888 1214 939 1255 au·
990 1200 1122 1256 iratribus
1136 1201 1203 1268 suis,
1223 1202 1342 1274 qualiter
1364 1201 1500 1274 imagines
1527 1201 1679 1257 Salvatoris
1702 1202 1796 1269 nostri,

132 1301 242 1366 tequam
254 1295 347 1349 anima
363 1293 438 1348 illius
456 1292 635 1365 egrederetur
657 1291 692 1347 de
707 1305 832 1362 corpore,
844 1297 872 1345 et
882 1287 939 1359 spi·
989 1292 1032 1348 vel
1046 1300 1204 1349 sanctorum
1231 1295 1320 1366 ipsius
1345 1292 1509 1351 venerande
1529 1294 1596 1360 sint,
1611 1310 1675 1348 cum
1687 1293 1797 1367 epilogo

132 1385 239 1441 ritalem
253 1394 280 1441 cl
291 1385 462 1457 corporalem
492 1384 690 1441 humanitatem
718 1381 884 1437 exhiberent
898 1378 938 1433 illi
989 1384 1108 1456 quodam
1124 1387 1238 1443 metrice
1249 1387 1366 1461 digesto,
1377 1386 1660 1458 Respondetquoque
1671 1385 1797 1441 adinter-

132 1480 282 1536 ostendens
310 1478 500 1534 auctoritatem
540 1476 753 1534 ecclesiasticam
783 1492 815 1530 ex
846 1472 940 1529 verbis
991 1472 1796 1546 rogationesqu'usdam:cnrapostatabaptizati,etim·

131 1571 346 1627 orthodoxorum
376 1586 461 1641 super
488 1569 646 1639 hujusmodi
680 1564 938 1624 excommunicatis.
990 1565 1129 1637 positione
1143 1582 1240 1622 manus
1259 1566 1425 1639 episcopalis
1450 1565 1614 1639 consignati,
1631 1563 1796 1620 extraordi-

131 1658 268 1731 dmalgiso
283 1667 311 1713 et
325 1658 462 1730 liugberto
472 1655 601 1713 fidelibus
614 1656 683 1724 suis,
696 1671 746 1727 pro
755 1652 839 1709 rebus
849 1652 940 1708 Eccle-
991 1672 1053 1711 nent
1069 1657 1199 1724 diaconii,
1216 1658 1259 1714 vel
1273 1657 1438 1730 presbyterii
1452 1656 1488 1712 ad·
1500 1656 1635 1731 agendam
1652 1656 1795 1727 paeniten-

131 1746 179 1802 siae
194 1762 252 1801 suae
266 1746 294 1800 in
310 1746 455 1818 Aquitania
479 1745 550 1812 sitis,
575 1760 625 1816 pro
652 1744 754 1816 quibus
768 1740 939 1816 Regimundo
991 1744 1056 1800 tiam
1066 1762 1164 1803 manus
1190 1747 1395 1819 impositionem
1416 1746 1565 1818 accipiunt.
1581 1744 1684 1800 Scribit
1702 1745 1797 1800 etcui-

132 1835 237 1890 litteras
260 1835 373 1890 miserat
402 1835 557 1905 deprecans
584 1841 614 1888 ut
639 1832 743 1888 eisdem
770 1830 860 1885 missis
882 1828 940 1883 suis
989 1835 1796 1911 damarchiepiscopodepraecipuistractanssacramentis

134 1927 300 1999 adjutorium
312 1943 361 1997 pro
375 1926 460 1981 rebus
468 1925 537 1996 ipsis
551 1924 743 1981 evindicandis
754 1921 938 1993 impenderet,
989 1931 1116 1988 bumanae
1127 1933 1232 1988 salutis.
1243 1931 1574 2003 ltemcuidamepiscopo,
1586 1930 1796 2004 adinterrogata

133 2019 313 2090 praecipitque
329 2017 398 2085 istis,
411 2023 442 2072 ut
455 2016 564 2072 eusdem
577 2033 623 2072 rex
636 2032 668 2072 ex
677 2011 937 2091 integrorecipiant,
989 2020 1075 2092 ipsius
1094 2022 1266 2094 nnspnndnns
1294 2022 1328 2076 nn
1354 2019 1577 2077 ordinationibus
1588 2020 1794 2092 episcopan-nin,

133 2118 161 2165 et
172 2109 294 2165 babeant
304 2111 331 2164 in
347 2125 397 2164 sua
423 2108 606 2180 providentia.
630 2108 709 2163 Petro
725 2105 799 2161 lideli
813 2119 874 2172 suo,
888 2117 938 2174 pro
988 2113 1031 2167 vel
1047 2114 1274 2170 translationibus
1302 2114 1336 2169 dc
1363 2113 1473 2169 civitate
1493 2112 1526 2167 ad
1542 2112 1681 2168 civitatem
1700 2130 1707 2166 ι
1725 2111 1794 2167 etde

132 2198 215 2253 rebus
238 2199 265 2254 in
294 2198 436 2270 provincia
461 2197 688 2264 consistentibus,
705 2196 816 2250 mittens
828 2193 937 2248 adeum
987 2205 1103 2262 Annnnnn
1129 2205 1306 2262 namnetensi
1331 2204 1472 2277 episcopo,
1488 2205 1534 2276 qui
1549 2203 1681 2276 expulsus
1697 2220 1714 2258 a
1728 2219 1794 2275 quo·

131 2294 264 2366 (lumini
286 2293 394 2361 smiles,
420 2294 467 2366 qul
492 2310 554 2349 ⁰¹1¹ss
584 2293 672 2363 il⁵l¹¹³
687 2291 803 2348 ⁰0¹¹⁵iii⁰
816 2289 851 2344 (Ῑθ
868 2285 939 2342 fide*
988 2299 1049 2353 dam
1065 2298 1207 2354 Britonum
1221 2298 1301 2364 duce,
1329 2297 1357 2351 in
1381 2307 1495 2352 vacante
1508 2295 1657 2352 lllorinensi
1675 2294 1794 2351 Ecclesia

124 2381 207 2437 litate
219 2398 268 2438 sua
280 2383 435 2438 etutilitate
448 2397 540 2437 rerum
551 2388 711 2447 tractarent,
722 2389 749 2434 et
764 2395 808 2434 res
823 2379 937 2449 ipsusne
987 2388 1148 2461 aliquandiu
1163 2388 1452 2458 demnintus‚petente
1465 2387 1576 2442 clerone
1592 2385 1795 2456 plebeproviu-

131 2473 264 2543 redditae,
276 2483 359 2545 atque
375 2473 518 2530 facultates
540 2473 663 2543 ipsarum
687 2471 877 2542 disponerent·
905 2467 937 2522 El
986 2477 1035 2533 ciac
1044 2477 1223 2543 Turonensis,
1232 2473 1795 2545 ctconveaientibuscpiseopis,ineadem

128 2565 193 2636 quia
206 2565 418 2636 audieratquod
430 2562 750 2636 quaedamsineconsilio
762 2561 851 2633 ipsius
863 2559 936 2615 Petri
986 2567 1133 2638 metropoli
1149 2565 1200 2621 tuit
1215 2565 1413 2621 incardinatus
1432 2566 1498 2619 ltem
1519 2562 1628 2619 cuidam
1657 2563 1746 2629 tratri,
1760 2562 1794 2618 do

131 2653 230 2709 exinde
246 2652 452 2720 iactaluissent,
466 2653 545 2724 quasi
557 2654 661 2722 exejus
675 2650 937 2714 auctoritateexcu-
987 2656 1111 2722 homine,
1128 2655 1175 2727 qui
1195 2670 1257 2710 cum
1272 2654 1390 2726 quadam
1408 2652 1509 2708 femina
1527 2651 1690 2713 concubuit,
1706 2662 1735 2707 et
1748 2666 1796 2722 po-

129 2754 172 2802 sat
190 2762 220 2802 se
235 2762 291 2802 non
299 2746 327 2800 id
337 2746 462 2818 iussisse,
477 2762 530 2802 nec
546 2747 668 2802 voluisse
681 2765 689 2801 ε
702 2745 837 2800 mandans
847 2743 873 2799 ei
887 2758 936 2814 per
986 2755 1046 2803 stca
1059 2761 1181 2802 sororem
1191 2746 1312 2817 ipsiusin
1325 2742 1580 2818 conjugiumduxit.
1597 2742 1699 2797 Scribit
1712 2740 1795 2797 etiam

129 2834 259 2906 capitula,
268 2834 387 2905 qualiter
402 2831 682 2905 easdemreadisponi
692 2832 831 2898 volebant,
841 2841 935 2903 atquae
986 2843 1088 2906 taenea,
1102 2850 1165 2905 cap.
1175 2835 1219 2903 at)
1234 2833 1495 2908 apologiamprose,
1507 2831 1619 2886 cunctis
1629 2847 1691 2887 eam
1703 2831 1796 2904 legere

129 2942 255 2999 personae
268 2927 302 2982 ab
319 2927 386 2998 ipsis
418 2926 511 2995 rebus,
534 2935 561 2983 et
580 2927 614 2982 de
648 2925 885 2999 quibusvillisad
905 2939 934 2979 se
985 2926 1145 2983 volentibus
1160 2923 1542 2996 contraeosquicalumniati
1556 2922 1708 2978 suntillum
1724 2922 1796 2994 apud

128 3016 222 3071 venire
236 3015 379 3071 deberent.
411 3014 531 3071 Evrardo
553 3016 657 3071 sororis
686 3013 934 3090 suaellildegandis
985 3020 1119 3074 loannem
1135 3033 1246 3089 papam,
1260 3016 1307 3089 qui
1332 3016 1468 3087 synodum
1484 3014 1581 3069 babuit
1609 3014 1752 3085 Treoastt,
1771 3015 1796 3068 l.

129 3108 186 3165 lilio
201 3110 245 3165 vel
259 3125 373 3184 genero,
389 3109 501 3165 instruit
514 3109 617 3181 scripto
630 3108 748 3181 qualiter
762 3125 827 3182 erga
841 3108 935 3164 Ludo-
985 3111 1096 3180 trecis),
1113 3124 1192 3181 aquo
1201 3116 1228 3164 et
1242 3106 1443 3182 benigneidem
1468 3107 1567 3179 praesul
1579 3106 1796 3178 suscipiebatur,

129 3202 220 3257 vicum
247 3217 340 3274 regern
363 3200 617 3257 Transrhenenscm
647 3217 678 3256 se
692 3216 790 3275 gerere
810 3199 934 3267 deberet,
987 3202 1089 3276 quibus
1101 3209 1129 3257 et
1148 3201 1176 3255 in
1192 3200 1298 3272 synodo
1327 3206 1392 3255 tunc
1410 3197 1553 3270 respondit
1582 3215 1633 3270 pro
1657 3206 1796 3271 tempore,

130 3311 166 3349 ne
180 3309 261 3348 suurn
280 3293 400 3362 alodem,
418 3311 500 3366 quem
522 3295 548 3348 in
565 3294 737 3350 dllemannia
755 3293 886 3361 babebat,
901 3293 935 3348 ab
987 3292 1163 3364 postmodum
1179 3307 1243 3347 vero
1272 3306 1403 3345 excusare
1419 3306 1449 3345 se
1465 3289 1564 3344 litteris
1588 3304 1643 3344 non
1664 3288 1795 3364 neglexit.

131 3383 310 3449 eoaulerret‚
332 3400 382 3456 pro
415 3400 449 3440 co
470 3385 544 3456 quod
573 3385 660 3456 ipsius
692 3386 844 3442 dominium
860 3385 934 3440 idem
986 3379 1643 3452 asserenssedecrctalesepistolaspontificum
1659 3381 1797 3437 llomauo·

131 3476 267 3533 Evrardus
281 3476 431 3534 dimiserat.
458 3478 510 3534 Pro
532 3493 586 3550 quo
614 3479 696 3535 etiam
712 3478 832 3550 praelate
847 3477 935 3533 sorori
986 3496 1046 3534 rum
1061 3477 1259 3534 venerabiliter
1283 3475 1425 3546 suscipere
1441 3480 1522 3546 atque
1545 3482 1652 3542 tencre,
1669 3489 1733 3530 cum
1750 3491 1796 3530 ca-

129 3585 186 3624 suae
199 3571 306 3641 scribit,
322 3577 421 3643 petens
431 3577 461 3627 ut
476 3571 549 3626 illius
563 3571 696 3627 domnum
723 3572 875 3643 prudentor
888 3587 934 3627 or·
985 3568 1187 3624 lumniarcntur
1202 3567 1317 3632 inimici,
1333 3566 1383 3620 bas
1398 3582 1461 3620 eum
1473 3565 1547 3620 nolle
1558 3565 1793 3622 adauctoritatcm

129 3663 300 3736 dinetatque
322 3665 462 3737 disponat.
492 3665 612 3722 Plebeiis
641 3665 933 3739 quoquequibusdam
985 3659 1120 3729 recipere·
1138 3657 1247 3713 ltemde
1272 3653 1512 3726 Nicaessflsyssffllb
1529 3654 1794 3724 tldssabt'ssciiOsse,

127 3752 264 3825 personis,
277 3753 401 3809 villarum
430 3754 537 3811 scilicet
559 3754 796 3821 ministerialibus,
825 3769 935 3826 prore·
984 3753 1026 3807 vel
1042 3750 1216 3807 restitutione
1246 3749 1383 3805 llincmari
1399 3748 1591 3803 Laudunensis
1606 3748 1743 3820 episcopi.
1759 3749 1794 3804 lle

127 3839 179 3896 bus
193 3840 410 3899 ministeriorum
433 3859 547 3899 suorum
576 3859 775 3916 nonnunquam
795 3843 932 3913 scribens,
985 3845 1161 3918 hocquoque
1185 3842 1259 3915 quod
1292 3841 1530 3898 calumniabantur
1544 3857 1608 3897 eum
1628 3841 1724 3898 dicere
1739 3857 1792 3898 non

126 3934 278 4006 prudenter
301 3943 384 4009 atque
406 3937 606 3995 rationabiliter
623 3939 800 4012 disponebat,
815 3938 934 4011 qualiter
983 3937 1097 4008 majoris
1107 3936 1251 4011 dignitatis
1266 3950 1327 3991 esse
1343 3950 1440 4006 papam
1457 3934 1716 4006 Romanum,quam
1733 3936 1791 3990 exi·

126 4040 170 4080 rea
183 4025 238 4080 sibi
266 4026 427 4082 commissas
450 4034 567 4084 tractare
592 4029 738 4084 deberent.
763 4028 934 4084 Generaliter
984 4033 1070 4082 steret
1084 4027 1153 4099 ipse.
1166 4023 1220 4080 Sed
1235 4022 1312 4079 etde
1327 4022 1521 4089 llurlomanno,
1536 4032 1564 4078 et
1578 4022 1642 4076 aliis
1657 4022 1792 4080 conviciis

124 4115 208 4172 etiam
223 4131 320 4171 omnes
339 4116 392 4171 sibl
408 4119 570 4174 commissos
597 4125 652 4173 tam
668 4119 773 4186 verbis,
788 4135 869 4190 quam
884 4118 932 4174 lit·
983 4119 1037 4175 sibi
1054 4137 1104 4191 per
1118 4117 1285 4176 calumniam
1300 4117 1393 4182 illatis,
1408 4116 1442 4172 de
1453 4116 1624 4189 quibuscum
1632 4117 1737 4173 veritas
1746 4133 1791 4172 ea-

126 4208 192 4263 teris
202 4209 352 4275 instruens,
365 4207 500 4266 edocebat
513 4210 633 4283 qualiter
656 4211 740 4279 iuste,
755 4211 799 4280 pic
814 4218 842 4267 et
856 4217 931 4267 caste
983 4205 1132 4261 eusabilem
1149 4205 1279 4262 reddidit.
1290 4205 1405 4277 Scripsit
1418 4211 1552 4276 praeterea
1567 4205 1658 4276 plura,
1684 4205 1791 4279 adquae

125 4299 259 4367 viverent,
290 4316 371 4371 quam
403 4308 562 4356 reverenter
588 4308 671 4373 atque
699 4301 798 4356 devote
824 4301 931 4371 ieiunia
984 4312 1035 4353 nos
1048 4298 1236 4353 enumeranda
1248 4296 1437 4354 sufficereuon
1455 4303 1594 4368 putamus.

125 4388 276 4444 constituta
286 4396 458 4445 tractarent:
486 4390 595 4463 probis
622 4389 670 4462 qui
694 4388 840 4460 obiissent,
873 4398 929 4447 tam
941 4441 972 4511 D
1284 4423 1389 4481 CAPUT
1407 4424 1473 4480 xxx

124 4479 371 4583 episcopisquam
387 4479 447 4537 aliis
460 4480 674 4554 quibuscunque
688 4482 826 4553 personis,
842 4483 931 4555 quali·
982 4519 1020 4571 D,
1032 4515 1209 4571 mmmm
1225 4516 1345 4583 mom
1366 4517 1454 4569 sanct,-
1465 4515 1610 4582 Remigii,
1626 4517 1790 4572 mmm,

125 4577 166 4626 ter
180 4571 287 4628 llomrnr
323 4572 496 4629 clementiam
519 4581 673 4641 exorarent,
705 4581 732 4630 et
750 4581 780 4630 ut
808 4591 932 4648 personae
1124 4587 1222 4656 ipsine,
1236 4589 1261 4640 et
1275 4586 1350 4639 obitu
1368 4587 1511 4640 Hincmara'
1520 4588 1647 4657 qntscopi.

125 4658 180 4716 ⁰⁰⁰
195 4658 304 4732 ΡῙῑῑῦῑῑω
332 4661 360 4715 ῑΠ
387 4661 550 4718 immitibus
576 4661 745 4735 eilbertum?
770 4663 931 4737 θΡῙῦθθΡῑῑθ,
1018 4676 1367 4733 Excrcscentibustandem
1389 4675 1510 4748 flagitiis,
1526 4675 1788 4749 contraquaevcluti

123 4753 176 4803 ¹³¹¹]
202 4749 316 4819 ieiuniis
330 4764 411 4822 quam
442 4749 614 4806 orationibus
637 4752 783 4808 ”Ominum
807 4755 932 4825 postula·
981 4781 1075 4820 murus
1096 4764 1320 4840 inexpugnabilis
1329 4780 1440 4836 semper
1454 4765 1610 4832 obstiterat,
1625 4781 1696 4838 gens
1712 4766 1788 4824 Nort-

123 4846 194 4895 rent.
217 4839 245 4894 ln
258 4840 374 4895 diversis
389 4854 500 4913 quoque
525 4841 638 4914 synodis
650 4843 771 4914 capitula
786 4845 929 4910 nonnulla,
980 4869 1143 4909 mannorum
1160 4869 1305 4924 peremne
1322 4852 1661 4910 Francorumdillunditur
1672 4869 1787 4931 regnum

122 4938 150 4984 el
168 4929 249 4986 valde
269 4930 349 4986 utilia
369 4932 466 5000 edidit,
495 4933 609 5006 suisque
632 4935 867 4992 selvabdfldedll.
884 4937 930 4991 Di·
980 4947 1132 5018 (Amnius,
1148 4947 1196 5003 lib,
1213 4962 1272 5014 W·
1283 4945 1338 5018 kl),
1356 4947 1386 5002 Et
1400 4948 1531 5019 quoniam
1544 4947 1714 5004 eiviiashaec
1725 4954 1788 5003 tnnc

122 5017 212 5118 versis
232 5033 355 5075 necnon
372 5019 502 5075 Ecclesiis
523 5035 579 5077 suae
594 5021 759 5091 diaeceseos,
776 5024 895 5080 maxime
905 5025 928 5080 si
979 5038 1085 5110 nnnqnn
1104 5054 1183 5095 muro
1216 5038 1403 5105 inninnnnnnn
1419 5042 1560 5112 nnnininns
1576 5041 1624 5097 jqn
1640 5043 1717 5115 qnod
1737 5039 1787 5098 nini

122 5108 284 5183 ⁰⁰¹¹l¹ssi⁵⁸0²
298 5108 456 5180 P³S¹⁰fib¹¹⁵
467 5107 584 5177 Viduari,
607 5111 791 5168 001¹⁵0¹al⁰fi³
806 5113 930 5186 diffitens
978 5128 1127 5184 chariusin
1142 5128 1279 5185 thesauris
1298 5129 1430 5197 babebat,
1446 5147 1548 5202 corpus
1563 5131 1694 5187 videlicet
1717 5129 1785 5187 beuti

121 5199 233 5271 scliiii&
255 5200 375 5271 qualiter
389 5218 404 5256 ³
421 5201 477 5257 ⁰⁰⁰
496 5199 787 5273 Plifflllffii1l¹j¹¹⁸m⁰di
804 5209 928 5265 solamen
980 5218 1108 5291 Remigii,
1123 5218 1258 5273 silvestria
1273 5219 1333 5275 loca
1349 5226 1425 5274 trans
1445 5219 1558 5275 lluvium
1568 5219 1723 5276 Meteonem
1739 5236 1786 5276 ex·

122 5292 305 5363 requirerent,
332 5292 510 5349 instruebat:
539 5294 657 5366 qualiter
686 5297 929 5358 etiamaterrcnis
978 5306 1067 5378 petiit,
1084 5315 1110 5363 et
1125 5307 1198 5378 apud
1224 5308 1316 5362 villam
1332 5308 1500 5379 Sparnacum
1515 5308 1588 5364 idem
1604 5325 1715 5365 sacrum
1731 5324 1787 5365 cor·

122 5379 294 5452 principibus
308 5381 421 5437 liberam
443 5382 497 5438 sibi
519 5383 634 5440 concedi
644 5396 799 5455 quaererent
814 5391 929 5450 electio·
979 5396 1201 5468 pusaliquandiu
1216 5396 1372 5453 custodivit.
1392 5397 1516 5468 benique
1531 5396 1595 5454 dnm
1611 5396 1717 5453 ibidem
1728 5412 1786 5453 mo·

121 5483 196 5568 nem,
212 5476 239 5524 et
250 5476 279 5524 ut
292 5469 472 5541 impetrarent
491 5479 545 5528 tarn
563 5474 761 5548 perseipsum,
777 5496 859 5552 quam
876 5498 927 5553 per
979 5494 1095 5553 raretur,
1107 5487 1179 5557 apud
1195 5487 1321 5542 eamdem
1338 5487 1431 5544 villam
1448 5487 1522 5543 diem
1538 5487 1637 5543 elausit
1649 5486 1785 5550 ultimum,

119 5557 227 5615 litteras
240 5566 266 5615 et
288 5558 393 5637 legatos
416 5579 481 5620 suos
504 5565 647 5621 elaborare
671 5568 810 5627 studebat.
831 5574 924 5646 tmpe-
975 5576 1202 5647 cujuscorpusad
1219 5579 1418 5635 monasterium
1433 5578 1520 5635 sancti
1529 5578 1647 5652 Remigii
1662 5579 1788 5643 relatum,

118 5654 188 5704 trata
199 5665 266 5705 aero
289 5652 408 5722 qualiter
432 5660 602 5720 exercerent,
627 5661 654 5710 et
668 5659 808 5728 quomodo
820 5663 924 5721 immu-
977 5667 1174 5740 etpostipsius
1186 5670 1275 5726 sancti
1290 5671 1426 5727 tumulum
1440 5671 1468 5726 in
1484 5671 1625 5743 sepulcro,
1639 5671 1716 5744 quod
1731 5669 1787 5743 ipse
