3840 6106
127 152 248 236 ω’

127 303 257 362 iordanis
270 313 399 379 repetens
408 323 535 367 eremum
550 328 585 369 ne
595 319 715 371 transeat
724 332 839 386 annum,

130 397 285 453 l‘raedioens
299 399 373 470 quod
384 416 436 456 nec
449 417 587 475 quoquam
598 405 623 460 si
638 412 724 462 tentet
742 407 830 477 abire,

128 492 168 545 Sit
180 493 262 564 potis,
271 502 298 549 at
308 501 418 551 maneat
431 513 539 554 ooenam
553 499 713 557 benedictio
728 500 828 558 Christi

128 586 212 649 (trram
239 586 303 644 lacit
322 596 486 661 exspectans
510 597 706 665 venerandam,
733 614 851 670 vespere
872 614 935 656 sur-

848 693 904 765 teat

128 769 256 842 Corporis
270 780 352 846 atque
365 775 418 831 sihi
427 777 534 834 Domini
550 781 681 851 mysteria
692 789 799 854 portetr

128 863 166 917 lrl
178 864 264 936 ripam
283 867 411 925 iordanis
425 886 485 925 earn
500 886 562 927 curn
578 888 694 930 munere
710 875 811 931 Christi

127 954 276 1026 Sustineat,
288 974 344 1031 quo
358 975 421 1016 mox
435 963 744 1022 venienseommunicet
758 967 849 1022 almis.

129 1049 195 1104 lnde
209 1054 369 1109 monasterii
380 1054 487 1112 Patrem
501 1057 553 1113 suh
564 1059 676 1115 nomine
692 1060 806 1135 signans

128 1138 254 1210 l‘necipit
269 1142 382 1211 hortari,
398 1145 503 1219 vigilet,
519 1147 572 1203 sibi
592 1148 698 1205 creditu
712 1156 812 1217 servet,

127 1232 311 1306 Attendatque
325 1238 414 1312 gregi,
431 1245 536 1296 resecet
550 1257 611 1314 quae
627 1256 710 1313 prava
719 1240 834 1308 videbit,

128 1322 175 1378 llle
190 1327 386 1382 monasterium
403 1336 464 1399 post
478 1330 537 1387 baec
551 1333 629 1402 petit,
646 1332 692 1387 illa
708 1347 845 1388 recessus,

161 1413 239 1470 Abba
252 1415 335 1491 igitur
346 1424 403 1475 toto
412 1421 497 1477 tacuit
508 1439 569 1494 quae
582 1423 690 1479 viderat
705 1438 795 1490 anno;

126 1504 158 1560 lt
170 1507 292 1577 cumjam
308 1520 458 1583 properant
465 1513 571 1583 jejunia
582 1531 659 1570 saera
671 1514 778 1582 residit,

124 1591 258 1650 Febribus
272 1596 393 1668 invasus,
410 1601 525 1674 reliquis
535 1602 704 1659 abeuntibus
719 1610 805 1670 cntra,

124 1682 269 1743 llixeratut
283 1687 337 1743 sibi
349 1691 504 1748 vaticinans
519 1709 589 1750 anus
601 1709 651 1749 ore
662 1693 757 1749 beato.

124 1774 280 1835 rltredeunt
293 1790 394 1838 sanctae
408 1782 506 1840 iratres
520 1785 569 1842 ubi
582 1801 698 1857 vespere
711 1800 807 1848 coenae,

128 1870 258 1926 ltulcihus
272 1871 319 1928 ille
329 1890 430 1945 parans
442 1876 555 1932 monitis
565 1876 727 1948 impendere
739 1891 845 1942 euram,

125 1966 302 2025 Sacramenta
314 1971 391 2026 vehit
404 1971 623 2044 divinicorports
638 1979 722 2045 atque

124 2059 273 2136 Sanguinis
287 2062 316 2118 in
324 2062 439 2120 calicem
453 2080 548 2121 seeum
563 2063 691 2121 iordanis
705 2064 835 2120 adoram.

124 2149 277 2206 Adventum
291 2159 393 2208 sanciae
407 2153 557 2225 opperiens
569 2152 596 2207 in
610 2152 735 2227 margine
752 2152 820 2224 ripae
835 2168 842 2206 :

125 2238 284 2311 Exspectata
297 2239 356 2308 diu,
366 2241 493 2313 quaejam
506 2242 559 2297 sub
574 2249 698 2314 ternpore
713 2240 802 2299 noctis

124 2331 280 2388 Adveniens
293 2349 374 2390 cruce
387 2335 587 2410 transgreditur
599 2334 652 2390 sihi
666 2340 750 2406 ponte
764 2337 861 2405 parato

127 2420 157 2475 Et
169 2421 289 2477 solidum
305 2423 424 2495 liquidas
433 2439 535 2496 eorpus
544 2423 753 2497 superambulat
767 2423 867 2479 undas.

125 2512 267 2584 ispiciens
286 2520 378 2586 stupet
391 2515 443 2570 ista
454 2530 549 2579 senex,
566 2516 618 2571 sub
633 2515 737 2570 lumine
753 2514 838 2582 lunae,

125 2605 297 2680 perfectique
310 2607 386 2663 videt
399 2624 481 2679 quam
496 2608 532 2663 sit
546 2607 706 2663 certaminis
724 2608 824 2679 impar,

127 2696 194 2751 lnde
209 2696 279 2768 petit
292 2703 380 2752 mater
395 2696 460 2752 iidei
475 2697 583 2753 dicatur
594 2705 623 2754 ut
637 2698 717 2765 ordo,

124 2788 314 2861 iungaturque
331 2789 397 2845 dein
413 2789 539 2861 locuples
549 2791 637 2846 oratio
652 2787 764 2846 Christi.

126 2880 272 2952 Postquam
288 2883 552 2955 perpetuaesumpsit
561 2882 692 2955 mysteria
704 2881 778 2939 vitre.

126 2966 185 3024 llox
202 2969 229 3024 in
243 2985 311 3041 pace
325 2971 374 3026 Dei
393 2986 456 3027 sese
468 2971 601 3028 dimittier
615 2979 685 3028 orat.

126 3058 172 3112 list
182 3058 325 3131 compulsa
339 3060 391 3116 viri
403 3061 546 3132 precihus,
562 3061 616 3117 tria
634 3061 751 3118 contulit
760 3060 803 3118 ori

126 3155 144 3203 Λ
160 3165 228 3206 seno
237 3151 374 3208 lenticula
388 3151 486 3209 delatae
498 3168 584 3230 grana
596 3154 729 3211 canistro.

127 3242 196 3297 llino
210 3243 280 3315 petit
293 3252 323 3300 ut
337 3244 555 3302 seniorventuro
567 3262 663 3302 rursus
674 3246 702 3301 iu
717 3261 791 3303 anno

124 3337 282 3395 Torrentem
295 3346 403 3412 repetat
417 3356 472 3413 quo
492 3347 557 3398 sunt
571 3341 654 3398 simul
669 3348 733 3398 ante
749 3341 843 3398 locuti.

126 3428 161 3482 Se
175 3427 247 3483 neus
260 3436 290 3484 ut
302 3428 399 3498 jubeat
412 3445 569 3488 memorans
582 3431 629 3486 hie
643 3447 703 3488 esse
718 3431 877 3488 videndam.

125 3519 171 3575 Sic
181 3519 234 3576 sibi
248 3529 395 3592 poscentes
409 3523 513 3580 abeunt
528 3523 664 3581 solamina
677 3523 744 3580 ferri

124 3611 227 3681 Mutua,
243 3614 411 3688 devotasque
422 3631 519 3688 preces
533 3617 662 3690 utrinque
674 3616 815 3689 prolundi.

124 3702 190 3758 Tum
204 3718 289 3776 super
298 3705 387 3761 amnis
396 3722 451 3762 anu
467 3705 566 3763 lluetus
576 3707 728 3780 repedante
738 3707 829 3778 beata,

485 185 671 244 rtouotttut
691 187 842 247 cauoutct
863 192 1030 251 REMENSIS
1051 197 1220 257 opuscola
1240 198 1403 260 Teretes:
1447 174 1450 179 ¹

948 335 976 404 Α
988 326 1071 400 Septa
1086 330 1246 387 monasterii
1257 332 1359 403 repetit
1371 331 1620 390 letissimasabba.

988 418 1087 476 Exacto
1104 420 1215 476 rediens
1229 437 1302 478 anuo
1314 421 1373 478 loca
1385 423 1462 492 iussa
1477 425 1583 491 revisit,

986 509 1201 582 adveniensque
1214 511 1289 568 videt
1299 511 1356 581 jam
1364 514 1487 568 membra
1502 513 1595 569 relicta
1612 513 1718 582 calore,

988 596 1151 667 Compositis
1161 599 1301 667 menibus,
1317 617 1482 673 versumque
1495 601 1589 671 jacere
1610 602 1730 657 cadauer

989 685 1060 740 Solis
1076 687 1109 742 nd
1122 703 1264 762 egressum
1281 707 1288 757 ;
1305 691 1433 763 lacrymis
1453 691 1632 764 perfunditur
1652 694 1744 760 heros,

990 777 1113 850 Dumque
1129 796 1226 851 preces
1241 781 1337 838 dicens
1351 790 1380 839 et
1393 784 1621 855 psalmosusihus
1636 792 1718 856 aptos

991 868 1139 940 Exsequias
1150 869 1274 928 celebrat
1287 890 1295 939 ;
1311 874 1362 928 sed
1376 873 1499 929 nominis
1514 873 1622 930 inscius
1634 875 1721 931 haeret
1736 893 1743 940 ;

989 962 1100 1017 'Terram
1115 963 1283 1036 despiciens,
1300 967 1393 1039 apices
1405 968 1433 1023 in
1447 967 1560 1040 pulvere
1575 968 1675 1026 ductos

990 1056 1089 1118 Cernit.
1108 1058 1295 1132 decessusque
1308 1060 1383 1116 diem
1396 1076 1556 1133 nomenque
1569 1061 1714 1118 ferentem.

989 1143 1180 1219 Conjieitergo
1195 1147 1283 1218 ipsam
1298 1149 1432 1222 migrasse
1446 1149 1474 1204 in
1495 1156 1577 1205 noete
1590 1150 1713 1218 Mariam,

991 1234 1131 1292 Praeterito
1147 1237 1250 1293 sanctis
1265 1254 1320 1310 qua
1334 1237 1545 1311 participaverat
1559 1255 1645 1308 anno,

989 1323 1084 1395 nuque
1101 1325 1191 1380 locum
1206 1326 1285 1382 trina:
1304 1327 1393 1398 spatio
1410 1327 1526 1384 rediisse
1541 1328 1593 1384 suh
1609 1329 1695 1398 horae,

988 1412 1028 1466 rld
1038 1428 1121 1484 quem
1136 1413 1272 1470 bisdenis
1291 1415 1335 1472 vix
1345 1423 1459 1472 venerat
1474 1417 1522 1472 ille
1537 1417 1652 1473 diebus.

987 1500 1101 1575 lingitur
1119 1517 1185 1577 ergo
1200 1519 1287 1559 senex
1301 1504 1403 1559 desunt
1417 1504 1483 1577 quia
1499 1514 1586 1561 rastra
1605 1506 1694 1562 labori

985 1589 1072 1660 Atque
1087 1591 1235 1660 sepulturae
1249 1608 1299 1663 per
1313 1609 1375 1664 quae
1392 1594 1531 1649 deserviat
1551 1610 1628 1651 arma
1644 1611 1652 1661 ;

951 1669 976 1736 B
988 1681 1179 1757 Exiguumque
1192 1682 1291 1737 videns
1305 1682 1412 1758 liguum
1426 1684 1480 1739 sibi
1500 1684 1570 1741 loric
1582 1685 1678 1754 jacere

987 1771 1293 1846 torriptejeniiensque
1308 1774 1378 1830 l'odit
1395 1774 1544 1832 durissime
1565 1786 1657 1845 terrae,

984 1866 1071 1940 Terga
1085 1876 1189 1935 terens,
1206 1884 1257 1923 nec
1273 1867 1433 1940 proficiens,
1449 1871 1595 1943 imparque
1610 1870 1723 1926 laboris.

984 1959 1016 2013 tr
1031 1959 1131 2016 sudore
1145 1960 1239 2032 operis
1253 1959 1433 2026 madefactus,
1452 1962 1550 2030 lassus,
1566 1963 1684 2019 anhelus

986 2050 1146 2122 Respiciens
1165 2052 1240 2109 videt
1255 2053 1395 2129 ingentem
1416 2070 1503 2127 prope
1518 2062 1591 2111 stare
1607 2055 1717 2112 leonem

984 2142 1108 2217 Pigneris
1122 2152 1205 2216 atquc
1221 2144 1307 2216 pedes
1327 2145 1386 2200 miti
1401 2146 1690 2219 prolamberelingua.

982 2237 1104 2293 Territus
1118 2239 1164 2294 ille
1180 2255 1292 2310 pavore,
1308 2240 1398 2296 erneis
1411 2256 1442 2296 se
1454 2241 1556 2298 muniit
1570 2242 1666 2310 armis,

983 2328 1103 2384 hlotibus
1118 2336 1145 2384 et
1161 2329 1294 2386 blandum
1310 2347 1428 2387 cernens
1442 2332 1566 2402 tandem,
1583 2333 1638 2389 ista
1657 2333 1755 2390 volutat

984 2419 1062 2475 Forte
1077 2419 1131 2475 sibi
1147 2421 1255 2477 socium
1270 2423 1405 2493 patranda
1416 2422 1450 2478 ad
1460 2424 1555 2479 munia
1570 2422 1696 2490 missum,

985 2511 1104 2583 lmperat
1120 2512 1165 2568 hic
1178 2511 1269 2568 lidena
1280 2521 1368 2570 vertat
1387 2530 1443 2586 quo
1463 2515 1556 2571 bellua
1572 2516 1670 2589 glebas

985 2605 1172 2678 Cepodiatque
1188 2607 1242 2678 piis
1258 2608 1391 2664 membris
1406 2608 1507 2665 lestina
1521 2610 1694 2682 sepulcrum.

985 2694 1063 2749 Paret
1077 2700 1105 2749 at
1119 2695 1180 2765 ipsa
1194 2696 1281 2764 senis,
1296 2703 1407 2769 sumpto
1422 2697 1569 2766 lenimine,
1581 2698 1669 2770 jussis
1683 2713 1691 2766 ;

984 2786 1016 2840 lli
1029 2785 1126 2843 didicit
1141 2788 1251 2843 tandem
1269 2787 1363 2845 feritas
1381 2789 1470 2845 oblita
1490 2789 1604 2858 suroris,

985 2877 1084 2934 Nescia
1098 2879 1216 2948 servitii,
1232 2882 1439 2937 sanotoservire
1454 2880 1544 2937 labori
1562 2899 1569 2935 :

986 2967 1083 3024 libera
1099 2969 1184 3025 corda
1197 2986 1308 3045 gerens,
1326 2971 1442 3028 serviles
1455 2971 1576 3044 explieat
1591 2979 1668 3029 actus

946 3045 971 3116 C
986 3060 1103 3116 Funeris
1117 3059 1209 3119 olticio
1224 3062 1336 3119 diverso
1352 3079 1429 3121 more
1443 3073 1567 3136 peracto,

986 3152 1089 3208 Diversi
1109 3161 1235 3210 remeant
1250 3155 1376 3224 comites,
1391 3156 1500 3213 diversa
1514 3162 1651 3229 petentes.

988 3245 1035 3302 llic
1050 3245 1161 3303 deserta
1175 3262 1297 3319 sequeus
1316 3249 1384 3321 petit
1398 3249 1492 3305 abdite
1506 3249 1593 3306 lustra
1609 3249 1735 3309 ierarnmt

983 3341 1036 3395 lste
1046 3340 1246 3398 monasterium
1263 3341 1376 3398 rediens
1391 3342 1448 3398 adit
1462 3342 1576 3419 agmina
1592 3342 1711 3408 iratrum,

984 3434 1100 3493 Cernere
1120 3454 1182 3511 quae
1201 3438 1402 3495 meruitnarrat
1415 3439 1553 3513 magnalia
1566 3439 1677 3496 Christi.

985 3525 1134 3581 instituunt
1150 3525 1247 3582 iratres
1261 3526 1361 3583 iesum
1376 3526 1519 3583 celebrare
1533 3528 1635 3597 beata,

987 3614 1209 3688 Grandaevosque
1218 3631 1303 3672 senex
1317 3616 1440 3673 zozimas
1454 3616 1483 3671 in
1494 3633 1562 3690 paee
1573 3617 1696 3690 quiescit.

881 3807 988 3865 otrus
1007 3808 1037 3864 l'.

734 3912 774 3973 De
793 3920 897 3975 sancto
919 3912 1013 3974 Fabio
1033 3920 1179 3989 martyre.

122 4002 206 4077 llulta
224 4017 397 4076 Palaestinam
413 4027 520 4079 constat
530 4021 678 4079 decorasse
692 4028 807 4094 tropea,

124 4113 160 4169 llx
173 4130 228 4187 quo
244 4114 382 4190 progressi
396 4113 531 4170 mundum
539 4128 673 4171 ornavere
689 4114 836 4187 triumphis

123 4205 253 4282 Signiieri
264 4206 391 4281 insignes
405 4204 514 4272 Christi,
530 4206 634 4277 pietate
645 4204 738 4263 viriles
752 4226 760 4274 3

124 4297 319 4365 Qnimundum
329 4305 358 4354 et
370 4296 466 4353 mundi
482 4312 611 4370 proceres
621 4298 791 4372 snbsceptra
806 4314 933 4371 premen-

836 4392 896 4465 ltus,

124 4484 198 4541 llaec
212 4482 312 4556 palmis
325 4498 439 4540 vacuam
458 4497 515 4538 non
526 4481 653 4554 abiecere
666 4481 784 4557 negatis.

124 4574 153 4628 ln
168 4589 223 4645 qua
234 4571 354 4629 victores
367 4569 512 4644 veterique
527 4586 654 4645 novaque
667 4577 815 4628 coruscant

123 4664 195 4741 Lege
209 4663 313 4726 Patres,
329 4677 446 4734 quorum
458 4676 562 4734 paucos
575 4659 694 4717 coluisse
709 4660 796 4716 relatu

121 4753 163 4808 lle
178 4752 267 4809 satcor
278 4751 383 4819 stricto,
400 4750 493 4822 lepida
507 4765 561 4806 nee
574 4749 636 4807 luce
646 4748 744 4822 polito,

122 4841 188 4898 Nam
202 4841 266 4897 licet
280 4838 563 4912 antiquispictoribus
574 4845 656 4910 atque
666 4837 755 4910 poetis

121 4935 254 5002 Quaelibet
268 4933 389 4990 audendi
405 4932 494 4990 lucrat
508 4933 648 5007 quondam
657 4948 736 5006 aequa
745 4937 877 5004 potestas,

121 5032 210 5088 Pauca
220 5029 309 5105 magis
322 5028 431 5100 cupiam
451 5028 579 5097 strictim,
590 5028 640 5084 sed
652 5044 717 5083 vera
732 5027 866 5100 prolatus,

120 5122 237 5176 sirmate
250 5116 427 5192 quamlongo
442 5117 559 5190 reperiri
574 5116 642 5173 falsa
658 5124 779 5174 secutus.

120 5208 198 5265 Unde
213 5225 265 5265 nee
278 5207 375 5264 admisi
391 5215 421 5264 ut
433 5222 561 5267 canerem
578 5206 733 5262 certamina
747 5221 864 5279 quorum

119 5303 178 5358 lion
194 5300 289 5358 titulos
299 5300 356 5357 ulla
375 5299 469 5358 inveni
486 5300 513 5355 in
530 5299 645 5376 regione
659 5305 767 5356 notatos

121 5395 227 5451 lneerta
240 5408 393 5466 quorumve
407 5392 541 5466 leguntur
553 5391 588 5446 ab
604 5391 671 5448 urbe
685 5391 826 5464 triumphi.

118 5486 269 5559 Propterea
283 5484 398 5542 labium
414 5483 529 5541 rutilant
548 5483 695 5553 solemnia,
711 5485 790 5555 cujus

122 5578 249 5633 Extrema
263 5590 325 5631 cum
339 5573 407 5630 solis
422 5573 536 5629 humum
550 5571 609 5630 iace
620 5572 709 5630 tutius
719 5574 773 5629 urit

125 5664 255 5724 Caesarea
266 5664 397 5738 expositae
409 5678 464 5720 non
479 5661 681 5737 assignavimus
690 5663 762 5733 urbi,

983 4019 1114 4076 Caesareae
1128 4017 1260 4091 quoniam
1276 4018 1370 4091 plures
1384 4036 1400 4075 a
1413 4020 1519 4077 Caesare
1533 4020 1626 4089 dicta,

984 4111 1015 4165 Et
1027 4125 1109 4182 quam
1124 4107 1238 4164 sacrarit
1249 4108 1347 4181 jugulo
1362 4124 1417 4164 non
1434 4109 1553 4187 legimus
1568 4112 1673 4166 harum.

982 4204 1111 4260 Traditur
1125 4209 1154 4260 ut
1165 4203 1263 4259 Christi
1272 4204 1422 4260 certamino
1432 4203 1539 4261 lortiter
1558 4222 1636 4262 usus.

984 4296 1109 4352 Praesirlis
1122 4296 1183 4369 ipse
1197 4295 1310 4369 quidem
1326 4297 1391 4369 quia
1406 4313 1515 4353 sumere
1528 4298 1608 4374 signa
1623 4302 1724 4355 rccuset

982 4387 1111 4442 Traditur
1125 4386 1153 4440 in
1168 4390 1239 4441 tetro
1254 4384 1392 4442 fortissed
1406 4402 1517 4442 carcere
1529 4387 1611 4443 miles
1627 4404 1635 4454 ς

984 4480 1047 4535 Post
1059 4478 1221 4551 aliquotque
1234 4477 1295 4533 dies
1305 4478 1371 4534 hinc
1382 4478 1489 4535 sistitur
1504 4487 1568 4536 ante
1582 4477 1702 4543 tribunal,

984 4567 1102 4623 Scitatur
1115 4565 1202 4621 semel
1213 4573 1296 4638 atque
1315 4566 1425 4632 iterum,
1441 4566 1580 4640 duratque
1592 4565 1686 4623 fidelis.

983 4657 1043 4714 tlon
1052 4655 1150 4732 iugulo
1166 4656 1249 4728 plecti
1264 4655 1414 4714 furibundo
1430 4658 1554 4728 aiudice
1566 4659 1660 4729 jussus

984 4748 1139 4805 Percutitur
1152 4747 1257 4824 gladio,
1272 4748 1382 4820 capitali
1399 4749 1461 4825 lege
1476 4750 1621 4807 subactus.

983 4841 1050 4896 Tum
1065 4855 1100 4895 ne
1116 4839 1284 4896 deturhumo
1295 4848 1405 4897 servant
1415 4842 1530 4898 custode
1540 4843 1665 4910 cadaver,

982 4936 1162 5008 Reticuloque
1176 4936 1257 4992 situm
1271 4938 1351 4993 salsis
1365 4939 1448 4994 maris
1463 4939 1571 4996 inditur
1580 4939 1669 4995 undis.

982 5029 1044 5086 Post
1060 5030 1181 5085 triduum
1197 5046 1317 5086 mersum
1334 5048 1491 5106 corpusque
1511 5041 1649 5107 caputque
1662 5032 1754 5087 deorstll

983 5122 1120 5190 Reticulo,
1139 5122 1189 5201 sed
1205 5123 1257 5179 sub
1273 5124 1380 5179 Domini
1401 5125 1502 5182 virtute
1517 5127 1628 5184 revulso

982 5210 1093 5268 Sacrate
1110 5212 1192 5283 capiti
1207 5212 1391 5268 redhibentur
1405 5214 1528 5271 membra
1543 5214 1616 5272 beati

940 5273 969 5342 D
982 5302 1013 5357 Et
1025 5302 1245 5373 scapuliscervix
1259 5304 1375 5360 servatis
1385 5304 1512 5380 jungitur
1526 5306 1598 5362 ictus

981 5395 1105 5464 lndiciis,
1121 5403 1264 5470 totumque
1278 5398 1361 5454 simul
1371 5408 1517 5456 revocatur
1532 5415 1623 5457 arene

981 5487 1118 5557 littoreae,
1138 5488 1250 5545 blandis
1266 5490 1344 5546 oneri
1352 5489 1550 5548 famulantibus
1561 5492 1653 5558 undis,

989 5577 1153 5652 integroque
1170 5578 1208 5649 pii
1223 5578 1313 5635 cultus
1326 5579 1460 5650 sepelitur
1473 5581 1590 5639 honore.
