3840 6106
218 295 272 352 tea

742 314 745 319 ⁴
779 292 962 351 rtooolttor
983 290 1137 349 canonici
1157 294 1322 352 RRllRNSlS

1831 305 1883 362 lali

215 424 543 491 minime,sicutrectum
568 429 622 492 est,
650 423 855 496 persolvantur.
872 424 950 480 Unde
966 440 1022 479 ma·
1034 426 1147 496 Aomni
1170 429 1322 492 exactione,
1350 446 1411 502 quae
1451 439 1575 505 teprpore
1603 434 1646 489 ari
1674 416 1758 490 n'ostri
1789 437 1884 493 domni

214 515 381 591 gniRcentiae
396 524 497 574 nostre
521 517 601 589 petiit
617 517 789 593 dignitatem,
814 526 846 573 ut
857 524 959 573 nostran
976 534 1023 572 au-

214 609 348 666 ctoritatis
360 616 529 681 praeceptum
551 609 587 664 ob
599 610 647 665 Rei
662 617 689 665 et
712 618 813 666 sanctae
838 608 926 681 ipsius
941 608 1020 664 Geni·

213 700 298 769 tricis,
315 701 373 757 sivo
387 701 502 773 pretiosi
525 702 633 772 patroni
651 703 737 758 nostri
764 704 882 780 Remigii
898 722 1019 762 amorem

214 788 240 843 ei
254 787 314 845 lteri
322 790 495 860 iuberemus.
504 790 586 859 Cujus
596 791 676 847 nobis
684 793 848 849 amabilibus
861 802 889 850 et
898 811 1021 851 necessa·

214 877 264 932 riis
278 878 460 948 petitionibus
473 878 692 950 acquiescentes,
712 886 740 935 et
754 879 841 936 libere
857 882 1020 955 placideque

214 965 410 1038 obsequentes,
426 968 480 1023 hoc
504 975 605 1023 nostrae
633 983 741 1042 magnae
765 970 935 1026 auctoritatis
951 987 1021 1041 prae-

214 1062 324 1125 ceptum
346 1055 372 1110 ei
399 1054 460 1111 ficri
480 1056 622 1125 iussimus.
650 1056 703 1111 Per
730 1057 805 1128 quod
830 1058 1022 1128 precipientes

214 1156 344 1215 expresse
360 1143 501 1212 jubemus,
528 1154 558 1200 ut
573 1144 698 1217 quisquis
724 1144 847 1200 bdelium
864 1145 911 1201 lloi
931 1146 1020 1202 omni·

215 1231 347 1300 potentis,
359 1239 583 1304 nostrommque,
597 1249 631 1288 ex
650 1232 755 1287 eisdem
769 1233 926 1289 sanctaellei
941 1235 1020 1308 geni·

214 1321 289 1377 tricis
304 1322 403 1390 llariae,
420 1323 464 1378 vel
483 1325 571 1380 sancti
598 1322 764 1380 confessoris
779 1322 877 1380 Christi
893 1325 1019 1400 Remigii,

215 1408 362 1464 Remorum
378 1410 502 1465 ecclcsiae
527 1411 621 1478 rebus,
635 1412 695 1466 sire
719 1412 895 1485 episcopatus
910 1414 1020 1488 religio-

213 1500 315 1556 sissimi
334 1508 362 1556 ct
387 1501 558 1558 dilectissimi
585 1503 666 1558 nobis
688 1501 825 1558 Rincmari
853 1485 1021 1560 uenerabilis

212 1594 425 1665 archiepiscopi,
447 1595 552 1667 aliquid
580 1596 683 1651 habere
697 1596 879 1672 dignoscitur,
901 1597 959 1652 site
972 1613 1022 1668 per

214 1680 368 1755 largitionis
382 1689 483 1737 nostrae
506 1681 727 1750 concessionem,
748 1683 806 1738 sive
821 1698 871 1754 per
890 1697 1021 1754 quorum-

1073 513 1163 570 liaroli
1189 516 1362 587 imperatoris
1376 535 1410 574 ex
1427 521 1524 576 eadem
1553 524 1682 578 casalini
1703 525 1886 600 exigebantur

1073 603 1107 658 ad
1119 605 1260 675 palatium,
1276 609 1349 679 quod
1376 618 1488 665 rocatur
1509 612 1683 685 Aquisgrani,
1698 621 1729 668 ut
1744 614 1772 668 in
1798 614 1885 669 aedifi-

1072 695 1180 750 catione
1208 702 1235 751 et
1254 699 1454 754 restauratione
1483 699 1569 770 ipsius
1595 701 1719 757 ccclesiae
1744 702 1805 768 Rei,
1835 719 1884 774 per

1073 785 1164 841 lutura
1180 794 1303 859 tempora
1316 806 1403 863 usquo
1425 792 1459 846 ad
1474 790 1558 847 finem
1570 792 1674 861 saeculi,
1686 795 1720 848 ad
1736 794 1882 850 utilitatem

1072 892 1146 948 sape
1157 879 1236 935 dictae
1249 891 1350 936 sanctae
1364 882 1489 938 ecclesiae
1503 883 1531 938 in
1548 885 1726 956 eleemosyna
1742 885 1884 957 illinspro

1072 965 1197 1035 licerent,
1220 976 1248 1025 et
1273 986 1325 1026 nec
1346 972 1380 1025 ad
1395 972 1524 1028 eumdem
1548 975 1649 1040 locum,
1670 976 1712 1029 vel
1738 975 1775 1029 ad
1799 975 1881 1030 alium

1073 1060 1224 1131 quemlibet
1245 1062 1311 1132 ipsae
1342 1063 1553 1131 redhibitiones,
1580 1066 1624 1121 rel
1663 1066 1799 1138 impensae
1829 1067 1882 1122 ullo

1073 1169 1194 1225 unquam
1211 1159 1334 1225 tempore
1350 1156 1535 1230 exigerentur,
1544 1157 1592 1212 sed
1605 1158 1719 1213 remissa
1734 1159 1883 1234 indulgen·

1073 1245 1109 1300 tia
1129 1245 1202 1300 illius
1217 1245 1245 1299 in
1257 1246 1355 1301 eodem
1376 1247 1437 1303 loco
1450 1247 1625 1318 proficerent.
1637 1248 1799 1318 Cuiusbene
1809 1258 1883 1325 gesta

1073 1345 1131 1392 rata
1144 1337 1312 1405 judicantes,
1338 1355 1388 1410 por
1417 1341 1469 1396 boc
1499 1351 1599 1396 nostrae
1627 1341 1804 1396 auctoritatis
1819 1358 1884 1413 pra·

1072 1432 1181 1496 ceptum
1196 1425 1381 1493 decernimus,
1407 1434 1437 1482 ut
1462 1429 1597 1501 quidquid
1612 1429 1647 1483 dc
1668 1430 1826 1497 exactione,
1843 1431 1881 1486 rel

1072 1515 1206 1585 operariis
1239 1516 1376 1586 praedictae
1408 1518 1613 1573 constitutionis
1651 1534 1736 1590 supra
1763 1519 1881 1591 scriptus

1073 1606 1191 1662 domnus
1204 1617 1232 1662 ct
1258 1607 1369 1682 genitor
1388 1616 1492 1675 noster,
1521 1625 1570 1665 seu
1587 1616 1613 1665 et
1629 1610 1663 1665 de
1676 1610 1880 1666 murocivitatis

1072 1697 1168 1769 ipsius,
1190 1698 1300 1755 velulis
1323 1701 1358 1755 ad
1384 1702 1515 1757 utilitates
1542 1701 1654 1757 claustri
1680 1703 1877 1758 canonicorum

213 1790 323 1846 cunque
346 1785 644 1846 supl³m0m⁰l³¹⁰f¹¹m
664 1774 879 1842 affessffilifflefflt
909 1775 951 1830 Vel
968 1792 1023 1830 1¹¹³·
1034 1801 1059 1869 B
1072 1789 1279 1860 proficientibus
1293 1792 1321 1846 in
1334 1807 1385 1848 suo
1400 1802 1539 1864 precepto
1550 1795 1689 1850 concessit
1704 1816 1711 1858 ;
1731 1795 1785 1850 boc
1798 1802 1878 1850 toturn

213 1863 412 1931 ὓῐῑῑῦἃῑίθῦθῐη,
436 1865 582 1920 senellam
607 1872 635 1920 01
658 1865 894 1936 dehlefflliffllem,
919 1864 1022 1936 aliquid
1074 1886 1207 1949 perpetua
1229 1888 1322 1935 nostra
1348 1881 1521 1957 indulgentia
1545 1882 1588 1938 vol
1615 1882 1812 1950 concessione,
1837 1898 1880 1937 seu

214 1960 312 2008 ²0⁰⁰f⁰
323 1953 415 2025 ali‘1¹¹⁰
432 1969 464 2009 ⁰¹¹
493 1953 631 2024 Pfaediffls
656 1954 737 2009 rebus
763 1951 1023 2024 ¹0fl0l⁰Ve¹R⁰⁵⁵i·
1073 1973 1421 2038 auctoritatoconcessum,
1450 1976 1493 2029 vel
1513 1973 1703 2031 confirmatum
1732 1976 1881 2030 maneatin

213 2041 279 2096 dere
292 2041 424 2109 cernitur,
439 2056 541 2097 nonam
556 2049 585 2096 et
603 2041 739 2096 decimam
755 2040 783 2094 in
809 2039 955 2094 missorum
973 2052 1023 2094 no·
1074 2075 1248 2137 perpetuum·
1276 2067 1306 2122 Et
1333 2073 1364 2121 u,
1401 2068 1459 2123 ΜΟ
1484 2074 1584 2123 nostrae
1600 2066 1822 2123 confirmationis
1841 2066 1882 2121 vel

212 2137 330 2186 ”mmm
351 2130 511 2228 Praeaef¹¹‚i,³’
541 2129 626 2186 mi⁵⁵⁰
650 2129 774 2228 ⁰⁰⁰lf⁵¹ae
796 2127 1026 2228 ,sanctaems'aefl
1073 2159 1264 2215 concessionis
1284 2159 1433 2215 auctoritas
1466 2175 1515 2230 per
1530 2159 1620 2215 lutura
1644 2165 1773 2231 tempora
1784 2159 1882 2216 certior

212 2217 255 2273 vel
270 2218 489 2292 ”⁰⁰¹¹Reffigu
514 2218 674 2286 Rfflfflffl’
691 2233 749 2273 ΒΜ
772 2217 910 2289 Hmimas'
937 2231 1022 2270 vene*
1072 2256 1263 2323 cognoscatur,
1285 2256 1313 2304 ct
1340 2257 1501 2319 permaneat
1529 2247 1704 2312 inconvulsa,
1720 2263 1783 2303 carn
1801 2265 1879 2303 manu

212 2304 518 2378 rabilisarchiepiscopi
547 2306 681 2373 revadiet,
709 2312 737 2361 ct
761 2304 843 2359 annis
857 2302 974 2379 singulis
987 2302 1021 2358 ad
1071 2334 1454 2402 „osgasubterfismavimug
1470 2344 1498 2391 et
1523 2337 1558 2391 de
1580 2337 1683 2392 annulo
1709 2344 1806 2392 nostro
1821 2352 1878 2391 eam

211 2396 339 2454 eamdem
354 2397 494 2469 Pfaesafflm
507 2406 534 2453 ⁸²
558 2403 740 2454 memfflaiam
753 2395 900 2451 ⁶⁰⁰¹⁸⁸i³¹¹¹
915 2395 1021 2466 Ρθηοι·
1071 2423 1185 2496 sigillari
1200 2424 1393 2497 praecepimus.
1411 2426 1477 2480 Rata
1491 2441 1518 2479 rr
1536 2424 1794 2492 llalendaslnnias,
1809 2441 1878 2480 anuo

211 2486 403 2558 ‘'³¹¹³'qu
432 2485 515 2541 umus
540 2485 695 2542 ⁰⁰⁰a⁵i⁰¹¹i⁸
724 2484 943 2539 oentsadwiwne
959 2499 1020 2537 cum
1072 2514 1106 2570 to
1122 2527 1256 2590 regnante
1289 2514 1387 2573 Karolo
1415 2517 1536 2591 glorioso
1561 2532 1639 2590 rege,
1660 2516 1818 2575 indictione
1839 2518 1877 2573 13.

210 2573 1022 2651 omuirigilantiastudeat.Quicunqucrerooontrahanc
1072 2607 1166 2660 Actum
1183 2607 1370 2664 pemeriaein
1400 2607 1502 2679 palatio
1529 2611 1617 2686 regio,
1650 2610 1678 2665 jn
1704 2608 1879 2665 peinomine

210 2675 311 2724 nostrae
330 2667 500 2724 auctoritatis
518 2666 733 2739 praeceptionem
746 2664 781 2720 de
800 2665 854 2722 hoc
881 2663 940 2719 fieri
951 2679 1021 2735 prae·
1071 2692 1197 2751 senones·
1213 2698 1308 2752 Amen·
1331 2721 1344 2749 „

209 2759 369 2831 sumpserit,
385 2759 453 2814 sciat
467 2759 621 2816 secundum
643 2758 735 2834 dignae
767 2756 909 2814 memoriae
925 2757 978 2823 avi,
994 2762 1021 2812 et
1398 2768 1503 2825 CAPUT
1518 2770 1549 2824 v.

167 2893 170 2900 .
209 2849 262 2921 piae
278 2849 477 2907 recordationis
492 2850 628 2926 genitoris
647 2849 734 2906 nostri
748 2846 868 2921 capitula
883 2863 914 2903 se
928 2862 1021 2902 emen·
1070 2858 1108 2911 De
1129 2858 1302 2927 reparatione
1323 2860 1459 2915 Remeasis
1478 2859 1592 2914 ecclesie
1607 2858 1641 2914 ob
1655 2859 1715 2928 ipso
1730 2859 1880 2914 Riaenoro

209 2939 348 3010 daturum,
364 2948 392 2997 et
404 2941 478 3014 ipsas
496 2942 662 2998 easdemres
678 2941 783 3014 absquo
798 2939 914 3009 alicujus
935 2939 1020 2995 inter·
1413 2934 1538 3001 polroto.

208 3033 343 3090 ⁰⁰³⁵i⁰¹¹i⁸
354 3034 549 3106 ἰῐῐῐῐωῑΐὲῑῑῑθῐῑθ
565 3034 732 3090 “missurum
761 3033 926 3104 illim-⁶01³·
944 3032 996 3086 163
1009 3048 1057 3146 ³C
1106 3039 1268 3110 Rujusmodi
1279 3044 1361 3118 rogiae
1385 3044 1569 3120 benignitatis
1595 3042 1705 3100 iunctus
1729 3045 1877 3100 auctorita·

208 3125 261 3186 ii0·
274 3142 302 3182 ¹¹·
322 3141 347 3183 ⁶·
360 3126 394 3182 Ἢ
411 3142 419 3193 3
436 3127 483 3181 lib·
496 3143 533 3195 lv,
548 3141 572 3194 02
589 3126 646 3196 4⁰i·
663 3125 695 3180 Εῑ
709 3132 739 3181 Ui
753 3125 813 3180 ΜΟ
836 3131 936 3180 ὓθὸῑΐῑθ
950 3139 1018 3194 lllae·
1070 3133 1145 3190 tibus
1163 3143 1191 3191 et
1210 3136 1238 3190 in
1265 3137 1416 3209 episcopali
1451 3138 1518 3193 scde
1544 3134 1733 3203 confirmatus,
1751 3135 1877 3208 praelatus

208 3217 345 3288 ceptionis
359 3217 509 3274 auctoritas
531 3216 718 3274 inviolabilem
745 3216 869 3272 obtineat
883 3213 1020 3270 firmitatis
1070 3225 1233 3284 nicomatus
1247 3229 1484 3300 archiepiscopus,
1510 3229 1641 3300 templum
1652 3230 1743 3285 beatae
1756 3228 1807 3284 liei
1826 3244 1874 3303 ge.

207 3308 339 3384 rig⁰l0m2
359 3316 388 3365 02
400 3308 435 3365 ab
459 3309 589 3366 omnibus
606 3307 733 3364 fidelibus
747 3314 847 3363 sanctie
859 3305 906 3361 Dei
926 3304 1019 3361 Eccle·
1068 3314 1175 3371 nitricis
1188 3317 1288 3384 hieriae,
1308 3319 1384 3390 quod
1410 3335 1426 3373 a
1453 3317 1641 3373 fundamentis
1657 3316 1715 3373 Ebo
1745 3330 1874 3373 renotare

206 3400 254 3455 sioe
269 3406 297 3455 et
311 3399 425 3468 nostris,
442 3400 624 3473 presentibus
638 3396 898 3465 scilicetetluturis,
915 3396 1017 3464 verius,
1068 3415 1200 3475 emperor,
1217 3406 1268 3461 iste
1279 3422 1347 3478 pace
1372 3407 1516 3480 gratiaque
1543 3405 1639 3462 fruens
1651 3406 1739 3480 regia,
1756 3403 1875 3477 praeclari

205 3487 363 3560 certiusque
374 3488 512 3556 credatur,
529 3503 590 3544 eam
599 3487 702 3543 annulo
725 3493 820 3543 nostro
836 3486 932 3541 subter
942 3484 1019 3560 sigil-
1067 3495 1268 3550 consummavit
1294 3495 1404 3551 decoris
1432 3495 1594 3552 eminenqa,
1616 3495 1733 3566 insuper
1761 3500 1791 3549 ei
1806 3507 1875 3549 asam

205 3573 255 3629 ¹⁸¹5
272 3574 414 3643 jussimus·
439 3576 507 3630 ΒΜ
522 3592 548 3631 ¹l'
562 3575 674 3631 N⁰⁰ss³⁸
699 3572 881 3646 Sepissmbliss
901 3588 975 3628 ³⁰⁰0
989 3575 1017 3641 82
1066 3591 1168 3638 sanctae
1181 3584 1228 3639 llci
1244 3585 1387 3661 genitricis
1397 3601 1464 3642 auro
1480 3585 1602 3650 vestivit,
1612 3601 1644 3641 ac
1660 3584 1806 3656 lapidibus
1820 3597 1875 3654 pre

204 3660 356 3719 indictione
372 3662 417 3731 to,
450 3672 585 3740 regnante
607 3663 706 3720 llarolo
733 3660 1016 3738 gloriosissimorege.

203 3751 298 3809 actum
316 3754 343 3809 in
359 3756 529 3812 monasterio
544 3755 632 3812 sancti
645 3755 778 3821 Quintini.
797 3774 809 3806 a

241 3844 425 3902 immunitatis
438 3847 519 3904 eliam
534 3846 687 3903 secundum
715 3851 921 3902 antecessorum
951 3860 1016 3901 suo·

202 3954 263 3993 rum
291 3953 386 4014 regum
416 3939 585 4009 exemplaria
607 3938 699 3995 cidem
720 3946 823 3993 sancta
849 3937 908 3993 sedi
937 3953 1013 3993 suam

160 4078 164 4087 .
202 4026 321 4082 contulit
343 4027 546 4083 auctoritatem.
571 4026 731 4083 Cessionem
755 4041 865 4100 quoque
881 4026 1015 4102 genitoris

201 4115 244 4170 sui
274 4114 403 4172 ludovici
434 4116 469 4172 de
497 4115 641 4172 exactione
666 4115 742 4190 regia
771 4117 875 4186 (supro,
904 4117 952 4171 tio.
983 4132 1012 4182 rr,

202 4219 225 4259 c.
247 4204 300 4276 ta),
324 4203 369 4260 vel
383 4204 518 4275 operariis
544 4218 576 4259 ac
595 4219 674 4259 muro
689 4203 808 4260 civitatis
824 4203 860 4258 ob
875 4210 1012 4259 restaura·

201 4293 305 4350 tionem
328 4294 415 4366 ipsius
429 4300 531 4350 sanctae
550 4291 599 4348 Rei
620 4290 745 4348 ecclesiae
761 4291 899 4365 delegata,
916 4291 1012 4361 hujus·

202 4383 277 4442 modi
291 4382 635 4440 confirmavitauctoritatc
651 4400 658 4437 :

1068 3673 1146 3729 tiosis
1158 3673 1277 3730 ornarit.
1296 3675 1341 3730 llis
1351 3691 1464 3748 quoque
1478 3674 1606 3732 versibus
1619 3673 1738 3730 titulavit
1752 3693 1761 3728 ε

1096 3767 1165 3816 Hanc
1176 3782 1245 3817 arom
1258 3768 1357 3818 Domini
1368 3768 1500 3820 Gonitricis
1508 3769 1602 3819 honore
1613 3766 1724 3817 dicatam

1095 3830 1181 3879 Cultor
1191 3831 1284 3895 ubique
1296 3846 1356 3880 suus
1381 3832 1453 3894 (suis)
1468 3830 1596 3881 decoravit
1605 3830 1739 3894 episcopus
1750 3829 1871 3879 Rincmar.

1095 3892 1240 3943 Muneribus
1251 3895 1335 3949 sacris,
1347 3894 1448 3943 iunctus
1456 3894 1502 3944 hac
1514 3895 1571 3944 sedo
1580 3892 1703 3943 sacerdos.

1095 3955 1151 4005 lam
1162 3955 1224 4005 beno
1235 3956 1365 4027 completis
1382 3957 1492 4006 centenis
1502 3956 1577 4006 octies
1588 3955 1670 4005 annis.

1095 4016 1264 4082 Quadraginta
1277 4018 1352 4067 simul
1364 4020 1452 4084 quinto
1461 4019 1577 4069 volvente
1590 4018 1636 4067 sub
1653 4015 1736 4088 ipsis,

1094 4079 1157 4129 Cum
1168 4081 1268 4142 juvenis
1283 4080 1391 4131 Karalus
1405 4089 1497 4145 regeret
1511 4080 1653 4130 diademata
1667 4092 1748 4141 regna.

1094 4141 1165 4192 llunc
1176 4143 1224 4192 sibi
1233 4152 1357 4207 pastorem
1370 4143 1528 4208 poscentibus
1540 4142 1609 4194 urbis
1621 4142 1745 4191 alumnis.

1064 4225 1095 4280 Et
1105 4225 1140 4280 al
1154 4226 1302 4302 imaginem
1318 4228 1364 4284 Rei
1379 4227 1527 4285 Gonitriois
1542 4227 1570 4282 in
1585 4226 1646 4298 ipso
1661 4225 1757 4280 altari.

1093 4315 1168 4381 Virgo
1176 4317 1253 4367 llaria
1263 4325 1329 4368 tenet
1339 4318 1476 4374 hominem.
1490 4331 1516 4367 rc
1546 4330 1628 4387 mque,
1645 4314 1775 4378 Deumque

1093 4377 1235 4430 Visceribus
1247 4380 1354 4444 propriis
1366 4388 1455 4430 natum
1465 4380 1496 4430 de
1528 4381 1621 4428 lamine
1636 4383 1734 4426 saneto.

237 4476 296 4532 «¹1n
315 4476 429 4533 nomine
444 4483 546 4532 sanctae
559 4481 586 4530 el
598 4473 747 4530 individuae
760 4471 909 4539 Trinitatis,
926 4446 1050 4528 Kato-D
1095 4462 1177 4518 Tecta
1191 4462 1287 4532 tempii
1302 4457 1711 4534 plumbeiscoopetuiilablllia,
1723 4457 1866 4528 ipsumque

200 4564 244 4621 lus
256 4567 345 4642 gratia
359 4566 408 4622 Rei
423 4581 481 4622 rex.
496 4564 523 4621 Si
553 4563 733 4636 petitionibus
760 4562 883 4619 fidelium
901 4568 1013 4618 nostro-

199 4658 394 4726 rum,maximc
407 4657 515 4714 Domini
545 4656 732 4723 sacerdotum,
760 4654 900 4727 praecipue
915 4653 944 4708 in
957 4653 1010 4720 his,

199 4765 262 4822 quae
276 4750 470 4808 ecclesiasticis
494 4749 658 4806 utilitatibus
672 4756 789 4821 possunt
805 4748 929 4820 praebcre
943 4761 1010 4803 con·

199 4838 312 4907 sultum,
325 4839 477 4915 benignum
497 4838 705 4894 commodamus
716 4852 872 4904 assensum,
889 4836 970 4892 nobis
983 4834 1011 4889 id

198 4928 234 4984 ad
246 4935 356 4984 oetemae
375 4927 608 4985 remunerationis
634 4925 774 4983 credimus
799 4923 946 4997 provenire
962 4938 1011 4978 au·

198 5028 352 5094 gmentum.
370 5020 487 5077 Proinde
509 5017 757 5074 noveritomnium
777 5013 899 5071 fidelium
917 5015 963 5070 Rei
979 5029 1011 5069 ao

198 5118 367 5182 nostrorum,
391 5111 569 5184 praesentium
585 5110 690 5167 scilicet
714 5116 742 5164 et
758 5108 910 5164 futurorum
928 5107 1010 5163 indu·

198 5203 275 5272 stria,
288 5204 353 5276 quia
364 5204 405 5258 uir
425 5202 592 5259 venerabilis
614 5202 786 5269 Rincmarus,
803 5200 948 5256 Remensis
963 5215 1009 5254 ur·

198 5291 241 5348 bis
254 5293 479 5365 archiepiscopus
502 5291 601 5348 obtulit
628 5289 786 5348 screnitatis
813 5293 913 5343 nostrae
928 5287 1009 5343 obtu-

197 5384 272 5440 libus
286 5392 456 5457 pracceptum
472 5384 524 5456 piae
543 5383 684 5440 memoriae
710 5381 806 5437 domni
822 5396 853 5435 ac
874 5380 1009 5456 genitoris

197 5475 285 5532 nostri
307 5475 437 5532 ludovici
462 5474 648 5547 imperatoris,
676 5472 750 5546 quod
775 5472 802 5526 id
826 5471 1009 5542 elcemosynae

196 5573 254 5615 snae
268 5569 417 5636 augmento
439 5561 565 5618 ecclesiae
578 5561 605 5617 S.
634 5559 727 5616 Mariae
754 5568 836 5632 atque
858 5558 945 5614 sancti
959 5559 1010 5614 Re

195 5649 272 5727 migii
301 5650 361 5708 fieri
380 5653 513 5721 decrerit,
537 5653 572 5709 de
593 5668 678 5723 opere
707 5657 735 5707 ct
754 5648 901 5721 operariis,
924 5654 1007 5719 atque

1066 4555 1201 4627 templum
1214 4555 1294 4627 pictis
1322 4554 1463 4613 decorarit
1490 4552 1616 4620 cameris,
1646 4550 1867 4607 lonestrisetiam

1064 4646 1328 4717 illustravitritreis,
1355 4646 1524 4721 pavimentis
1550 4660 1662 4719 quoque
1693 4644 1868 4700 stravitmar-

1062 4739 1175 4793 morcis.
1199 4736 1312 4794 Crucem
1336 4736 1549 4792 eminentiorem
1582 4733 1714 4807 gemmis,
1749 4744 1865 4803 auroque

1062 4827 1216 4899 cooperuit.
1247 4827 1320 4882 Alias
1338 4827 1421 4883 ctiam
1446 4841 1544 4882 cruces
1568 4831 1623 4879 tam
1639 4838 1709 4879 auro
1730 4839 1811 4896 quam
1826 4835 1866 4874 ar·

1062 4928 1146 4992 gento
1163 4919 1277 4991 paravit.
1298 4920 1418 4976 Calicem
1436 4918 1569 4990 majorem
1585 4933 1649 4972 cum
1667 4924 1780 4988 patena,
1797 4927 1861 4969 snm·

1062 5009 1287 5083 ptorioquelccit
1320 5026 1352 5066 ex
1382 5024 1459 5076 auro,
1477 5008 1658 5080 lapidumque
1683 5005 1856 5078 pretiosorum
1906 5046 1913 5085 Ξ

1061 5100 1208 5156 illustrarit
1222 5099 1324 5156 nitore.
1336 5099 1387 5165 Qui
1403 5098 1472 5155 culix
1487 5106 1584 5170 postea
1600 5111 1649 5168 pro
1679 5091 1856 5165 redemptione
1911 5096 1913 5105 ·

1059 5208 1091 5248 ao
1111 5192 1201 5248 salute
1226 5192 1321 5263 patriae
1350 5190 1530 5247 Nortmannis
1558 5188 1639 5243 datus
1665 5194 1709 5242 cst
1736 5206 1745 5253 ς
1775 5190 1853 5256 pater·

1059 5285 1149 5340 adhuc
1168 5291 1325 5340 reservatur
1339 5283 1457 5338 ibidem.
1475 5281 1610 5337 libellum
1627 5295 1742 5352 qnoque
1763 5278 1796 5333 de
1808 5279 1851 5329 ortt

1059 5385 1160 5433 sanctae
1176 5377 1223 5432 Dei
1239 5376 1384 5451 genitricis
1399 5374 1501 5438 llariae,
1513 5374 1564 5428 sed
1580 5380 1608 5428 et
1623 5385 1781 5428 sermonem
1796 5357 1849 5421 betti
1909 5400 1912 5409 -

1059 5464 1216 5536 hieronymi
1239 5464 1273 5519 de
1301 5464 1389 5536 ipsius
1411 5462 1535 5518 bominac
1568 5459 1760 5530 assumptione
1786 5443 1849 5509 scribi

1059 5553 1134 5621 lecit,
1149 5562 1176 5609 et
1196 5554 1298 5610 tabulis
1317 5553 1460 5621 eburneis,
1481 5565 1604 5624 auroque
1618 5548 1730 5606 vestitis
1746 5537 1848 5600 muniri.

1058 5646 1196 5703 locellum
1217 5645 1300 5702 etiam
1323 5646 1484 5718 quemdam,
1502 5645 1556 5701 hoc
1582 5647 1625 5697 est
1641 5655 1754 5711 capsam
1781 5629 1848 5698 mair
1908 5656 1912 5663 ·
