3840 6106
129 269 185 325 asa
762 269 930 327 sersrocs
948 272 987 327 ar
1006 271 1164 328 nscanrr.
1703 244 1706 251 '
1744 282 1798 338 mr

132 396 190 452 llal.
204 395 279 463 blaii,
306 397 537 453 convenientibus
550 398 767 469 archiepiscopis
790 406 818 455 et
836 400 942 471 episco
953 408 1019 477 Aet
1043 401 1180 459 scriniarii
1204 411 1306 461 sancta
1335 405 1466 463 Romanae
1492 408 1621 464 Ecclesiae
1650 411 1678 465 in
1702 426 1797 468 mense

130 489 175 559 pis
188 489 406 561 circumquaque
416 505 449 544 ex
462 490 538 545 omni
557 489 644 558 ltalia,
658 490 844 547 residentibus
856 491 939 548 nobis
989 491 1084 563 Aprili,
1112 502 1140 549 et
1167 492 1262 550 indict.
1286 512 1312 549 x.
1330 496 1454 552 loannes
1482 505 1586 554 sanctae
1610 500 1754 557 catholica
1769 510 1797 558 et

130 577 159 631 in
188 577 306 632 ccclesia
334 576 408 632 beati
422 578 515 633 Severi
542 578 710 635 contessoris
726 578 835 646 Christi,
850 589 879 634 et
899 580 938 635 ibi
987 581 1146 652 apostolice
1173 583 1303 640 Romane
1322 584 1450 642 Ecclesia
1475 588 1575 658 presul
1595 590 1659 646 huic
1684 592 1796 650 decreto

130 669 242 735 statutis
277 667 406 724 omnibus
435 670 518 725 rebus
548 672 755 737 ecclesiasticis,
784 673 937 729 secundum
988 670 1099 725 anobis
1114 669 1184 727 facto
1200 688 1249 742 pro
1259 673 1468 732 confirmatione
1478 678 1640 751 subscripsi.

129 764 232 813 statuta
247 773 395 814 canonum.
420 764 447 814 et
469 760 580 815 decreta
600 768 806 817 antecessorum
831 769 939 819 nostre
1022 761 1137 830 saonam
1151 765 1255 820 domini
1265 765 1369 823 ottonis
1382 771 1501 838 piissimi
1514 773 1698 842 imperatoris.

132 866 212 916 rum,
245 850 318 905 idem
347 851 538 907 sanctissimus
569 852 720 924 imperator
744 853 938 911 ardentissimo
1024 854 1080 930 Ego
1110 857 1268 915 hudoaldus
1292 862 1448 932 patriarcha
1479 873 1581 922 sanctae
1610 868 1796 940 Aquileiensis

130 941 215 1012 erepit
235 958 328 998 amore
342 942 514 1015 perquirere,
526 943 666 1015 quomodo
679 953 773 1000 nostra
787 946 939 1016 apostolica
988 946 1117 1005 Ecclesia
1133 950 1257 1017 interlui,
1268 955 1397 1009 consensi
1412 961 1439 1010 et
1453 955 1614 1029 subscripsi.

130 1030 292 1085 auctoritate
326 1047 342 1086 a
365 1031 517 1102 primordio
542 1046 644 1087 nomen
671 1031 882 1089 Christianitatis
909 1035 938 1090 in
1369 1060 1416 1115 pq⁸

130 1118 342 1189 aquilonaribus
367 1119 490 1191 partibus
517 1119 686 1176 dilataretur.
711 1121 766 1178 llos
784 1138 850 1179 vero
878 1123 939 1192 eius
989 1166 1108 1206 „mom
1130 1169 1240 1209 ‚mm
1267 1172 1341 1212 pm
1360 1174 1406 1214 xm
1445 1176 1473 1213 m
1502 1176 1700 1218 mmmm
1724 1179 1794 1219 CON-

131 1207 253 1263 animum
279 1209 307 1262 in
334 1209 381 1263 liei
406 1209 518 1265 servitio
533 1209 570 1264 ita
592 1209 710 1266 mirilice
729 1211 871 1267 detentum
886 1211 938 1266 mi·
1023 1238 1095 1280 ciero
1122 1225 1154 1295 εἳ)
1184 1243 1287 1294 nanus,
1312 1245 1366 1292 ono
1392 1200 1538 1286 n’snommr
1564 1198 1795 1291 sanrsnuncnrssa

131 1309 235 1369 rantes,
261 1303 410 1358 connivere
425 1302 451 1358 ei
467 1303 582 1375 dignum
606 1303 745 1371 duximus,
773 1311 937 1374 statuentes,
1024 1311 1256 1355 montebracone!
1271 1316 1386 1356 liltl’oltlt
1399 1319 1432 1356 ΕΤ
1452 1317 1680 1372 montilum}
1701 1323 1797 1362 salna-

131 1399 260 1463 presente
274 1401 302 1446 ct
316 1392 505 1448 consentiente
518 1399 613 1448 sancta
630 1395 747 1464 synodo,
768 1400 795 1450 et
810 1394 870 1466 ipso
886 1395 938 1450 im·
1024 1381 1108 1423 ΝΜ
1122 1384 1259 1424 V⁸¹¹⁰⁸³⁰⁵
1273 1386 1342 1427 L⁰⁰⁰
1356 1388 1588 1455 ³¹¹⁰¹¹¹⁸¹³¹⁸⁰9⁹⁰⁸
1604 1392 1697 1433 “m

130 1488 270 1550 peratore,
285 1487 315 1535 ut
335 1480 503 1555 ldagdeburg
517 1480 570 1536 sita
588 1481 667 1550 juxta
681 1482 786 1537 Albium
811 1482 937 1553 fluvium,
1299 1473 1388 1537 (Αῃηο
1407 1471 1481 1540 967)

129 1571 178 1625 ubi
201 1572 261 1642 ipse
275 1587 291 1626 a
304 1573 360 1628 lieo
375 1572 540 1629 benedictus
568 1573 719 1644 imperator
731 1589 831 1646 eorpus
850 1577 939 1632 sancti
1061 1559 1149 1631 [ΑΡιω
1163 1560 1259 1628 ΜΔΝ,
1274 1563 1374 1620 cml·
1389 1571 1445 1620 ¹⁰⁰¹
1471 1565 1563 1635 XVffls
1578 1567 1632 1624 0⁰¹·
1645 1567 1719 1640 499]

132 1660 248 1715 llauritii
277 1677 339 1717 cnm
364 1662 458 1719 multis
485 1662 652 1733 martyribus
678 1662 883 1732 collocaverat,
911 1673 939 1722 et
1024 1673 1153 1741 tenuras,
1172 1684 1274 1732 sanctie
1288 1676 1418 1734 Romanae
1443 1687 1471 1735 ct
1492 1680 1793 1751 apostotieaehmtesiae

131 1755 209 1809 mirre
223 1754 423 1829 magnitudinis
434 1756 581 1813 ecclesiam
596 1766 797 1825 construxerat,
806 1760 940 1832 deinceps
952 1727 978 1795 B
989 1763 1090 1832 praesul
1103 1763 1234 1821 omnibus
1252 1766 1470 1839 archiepiscopis
1483 1777 1510 1824 et
1524 1769 1674 1840 episcopis,
1690 1772 1794 1826 nostris

131 1848 292 1918 metropolis
308 1848 344 1905 sit
358 1855 387 1904 et
401 1849 560 1905 nominetur
580 1851 741 1906 auctoritate
765 1851 840 1907 beati
866 1852 937 1909 Petri
988 1858 1097 1916 dilectis
1110 1861 1140 1916 in
1153 1861 1259 1918 Christo
1274 1862 1413 1931 iratribus,
1429 1866 1501 1936 apud
1520 1873 1643 1921 sanctam
1657 1868 1792 1938 synodum

129 1938 315 2008 apostolorum
343 1937 487 2009 principis.
518 1948 546 1995 el
573 1955 607 1995 et
636 1955 693 2012 <1¹1²
720 1941 938 2011 ttraedecesssoress
988 1951 1126 2009 Rauennae
1141 1954 1286 2011 nobiscum
1301 1956 1465 2029 apgreqatis,
1481 1965 1590 2013 aterna
1612 1945 1822 2015 beatitudinis*

129 2026 216 2081 nostri
247 2024 525 2098 Constantinopolim,
562 2035 726 2085 statuerunt.
769 2030 833 2087 ldeo
871 2032 937 2104 quia
986 2045 1096 2118 gaudia,

125 2115 201 2173 filius
223 2123 326 2185 ⁰0³l0h
354 2134 429 2189 8ῑθΡθ
448 2119 505 2188 1⁸⁰¹
531 2121 690 2177 ¹1⁰¹1¹l¹¹³l¹1⁸
712 2121 785 2190 021⁰,
810 2123 935 2179 0¹¹¹¹151¹¹¹¹
1023 2138 1163 2195 Sanctitati
1183 2155 1215 2196 ac
1241 2140 1382 2197 dilectioni
1410 2147 1504 2198 notum
1519 2151 1620 2198 vestrae
1639 2159 1702 2199 esse
1715 2146 1795 2201 volu-

124 2212 309 2285 lugustmurn
335 2210 560 2286 augustissimus,
589 2214 687 2269 beslius
717 2222 779 2286 poet
807 2215 937 2272 Conslan-
987 2240 1058 2294 mus,
1072 2228 1148 2299 quod
1163 2229 1297 2284 lleroldus
1312 2229 1416 2286 dudum
1428 2231 1646 2307 salisburgensis
1664 2231 1794 2289 Ecclesia

125 2303 227 2370 tinum,
257 2303 376 2359 maxime
409 2305 558 2361 Romanam
604 2305 752 2363 Ecclesiam
784 2309 935 2379 exaltavit,
986 2317 1222 2390 archiepiscopus,
1251 2326 1346 2375 contra
1368 2320 1528 2376 canonicam
1556 2329 1584 2377 et
1615 2324 1794 2394 apostolicam

124 2395 315 2450 concessimus
331 2402 360 2450 ut
378 2410 434 2451 non
461 2397 602 2466 posterior
624 2398 661 2453 sit
682 2398 790 2455 caeteris
818 2400 934 2457 urbibus
983 2411 1175 2466 auctoritatem
1213 2410 1318 2467 nefaria
1339 2414 1555 2484 praesumptione
1591 2422 1654 2486 post
1682 2430 1795 2472 suorum

122 2486 353 2557 metropolitanis,
371 2488 496 2544 sedcum
523 2489 621 2560 primis
641 2490 740 2561 prima,
756 2499 784 2545 ct
807 2507 868 2547 curn
887 2509 934 2546 an·
984 2497 1126 2553 oculorum
1156 2499 1335 2557 amissionem
1362 2501 1488 2557 videatur
1517 2518 1625 2559 sacrum
1654 2503 1795 2560 celebrare

121 2576 208 2648 liquis
233 2579 346 2650 antiqua
361 2579 522 2635 inconvulsa
544 2589 715 2651 permaneat.
739 2581 934 2658 suffraganeos
984 2591 1166 2660 mysterium:
1187 2598 1225 2658 et,
1242 2594 1316 2664 quod
1331 2593 1477 2649 ridiculum
1494 2603 1545 2660 est,
1561 2596 1672 2667 pallium
1687 2602 1794 2669 gestare

121 2683 188 2723 rero
203 2668 293 2724 eidem
308 2671 453 2742 metropoli
467 2688 566 2729 ornnes
581 2674 749 2728 unanimiter
764 2675 933 2745 praeordina·
985 2679 1155 2736 solemniter.
1173 2681 1228 2737 lloc
1243 2698 1363 2754 namque
1376 2698 1431 2738 non
1453 2684 1487 2738 ad
1504 2684 1641 2740 modicam
1658 2686 1795 2741 hereseos

122 2755 225 2821 timus,
240 2757 535 2834 ssfflssdessbtltgensem
549 2760 722 2834 episcopum,
743 2773 770 2818 et
785 2763 932 2819 flatelber·
984 2773 1123 2827 vesaniam
1151 2774 1258 2841 attinet,
1274 2784 1302 2831 ct
1324 2777 1406 2832 nobis
1420 2775 1600 2850 omniumque
1616 2778 1731 2835 fratrum
1748 2795 1793 2835 or·

123 2863 251 2921 pensem,
266 2847 300 2903 iis
319 2851 426 2906 cunctis
449 2852 662 2925 quibuscunque
685 2855 835 2926 imperator
847 2855 934 2912 uoluit
986 2862 1168 2919 tlrodoxorum
1197 2866 1352 2935 prudentia
1375 2867 1459 2922 debet
1486 2868 1573 2923 videri
1599 2869 1794 2935 exsecrabile3

121 2943 151 2998 in
177 2945 244 2999 urbe
286 2944 454 3021 llagdeburg
485 2949 713 3020 archiepiscopus
744 2960 931 3007 consecretur.
985 2957 1136 3025 prasertim
1150 2974 1212 3013 curn
1224 2958 1284 3030 ipse
1296 2974 1346 3029 pro
1359 2975 1408 3014 sua
1428 2959 1510 3030 culpa
1524 2970 1552 3015 et
1568 2959 1692 3031 pertidia
1706 2970 1795 3016 terne·

122 3038 221 3095 Postea
236 3057 301 3098 vero
314 3042 388 3098 idem
404 3044 630 3116 archiepiscopus
642 3054 670 3100 ct
686 3061 862 3102 successores
875 3047 935 3116 ejus
966 3044 1066 3098 ¹ritate
1085 3046 1244 3101 exoculatus
1272 3050 1319 3115 sit,
1335 3062 1370 3103 eo
1390 3047 1464 3119 quod
1479 3048 1611 3104 ecclesias
1625 3048 1673 3104 liei
1693 3064 1795 3120 exspo-

122 3134 245 3192 babeant
261 3144 424 3208 potestatem
442 3155 628 3212 percongrua
643 3140 714 3209 loca,
735 3142 781 3196 ubi
811 3158 860 3213 per
874 3142 935 3199 illo·
986 3131 1102 3201 tinuerit,
1117 3135 1277 3190 lhessaufflm
1297 3137 1412 3211 Ρέῑίζῑῑῦῑ8
1434 3136 1601 3210 erogaverit,
1617 3153 1736 3210 s&wille
1755 3139 1796 3194 ⁰l⁸

121 3243 183 3283 rum
209 3227 434 3298 predicationem
462 3228 652 3285 christianitas
673 3231 801 3299 creverit,
828 3231 936 3301 episco.
982 3225 1115 3298 iunxerit,
1135 3231 1163 3284 in
1191 3229 1406 3288 Christianorum
1432 3247 1529 3288 necem
1557 3240 1586 3287 et
1611 3232 1797 3304 depraedatio-

120 3336 172 3391 pos
194 3319 323 3375 ordinare
350 3321 525 3388 nominatim,
556 3338 631 3377 nunc
664 3330 692 3378 et
721 3325 935 3394 praesentialiter
985 3346 1059 3396 nem,
1078 3335 1174 3384 contre
1196 3325 1341 3381 dominum
1361 3333 1389 3380 et
1416 3323 1570 3394 piissimum
1600 3323 1794 3395 imperatorem
1878 3380 1885 3395 p

120 3414 281 3487 llersebnrg
295 3413 362 3482 cici,
378 3422 406 3470 et
429 3415 521 3483 blisni,
545 3417 706 3488 apraesenti
732 3417 841 3472 decima
853 3417 925 3473 indi·
977 3435 1058 3474 suum
1078 3416 1217 3473 seniorem
1244 3413 1358 3469 rebellis
1385 3420 1412 3468 et
1432 3411 1552 3468 infidelis
1584 3414 1737 3470 exstiterit:
1766 3414 1798 3468 et
1874 3444 1877 3451 ,

120 3509 197 3565 tione
233 3508 429 3579 perpetualiter
460 3508 655 3566 confirmamus
697 3509 915 3581 permanendum
980 3509 1096 3583 proinde
1111 3507 1330 3564 adecessoribus
1344 3505 1446 3562 nostris
1461 3511 1563 3561 sanctae
1572 3506 1712 3560 memoriae
1726 3521 1795 3577 pon·

120 3598 252 3653 statuens
285 3599 437 3668 apostolica
465 3614 592 3665 censura,
626 3600 677 3655 snb
707 3600 794 3655 divini
833 3599 929 3672 judicii
981 3597 1197 3655 tilicibusomne
1225 3592 1397 3651 sacerdotale
1419 3593 1631 3665 olficiumsaepe
1658 3595 1684 3650 ai
1699 3595 1735 3652 sit
1749 3596 1795 3650 in-

120 3685 317 3753 obtestatione,
332 3693 359 3740 et
388 3686 569 3742 anathematis
588 3687 840 3755 interdictionibus,
864 3687 930 3743 nulli
984 3687 1150 3750 terdictum;
1169 3691 1252 3756 atque
1267 3684 1405 3739 electione
1420 3691 1448 3738 et
1467 3683 1654 3755 postulatione
1669 3684 1793 3739 omniurn

122 3776 207 3832 licere
236 3785 393 3834 nostrorum
426 3794 615 3836 successorum
646 3788 729 3853 atque
758 3780 930 3852 pontificum,
984 3796 1054 3852 pene
1082 3777 1228 3844 nobilium,
1254 3776 1439 3832 bawariorum
1455 3774 1562 3833 scilicet
1586 3773 1751 3832 elericorum
1767 3784 1796 3831 et
1878 3827 1883 3833 .

122 3867 165 3922 vel
192 3867 240 3922 alii
266 3868 382 3923 cuilibet
408 3884 544 3939 personae,
575 3870 633 3924 haec
662 3886 758 3941 quasa
784 3871 866 3926 nobis
888 3872 933 3943 pia
983 3871 1127 3937 laicorum,
1142 3875 1237 3924 sancta
1252 3866 1473 3924 Romanamater
1488 3866 1621 3930 Ecclesia,
1636 3871 1795 3921 suaeaucto

120 3959 277 4014 intentione
294 3965 398 4014 statuta
423 3964 486 4013 sunt
504 3959 532 4014 in
553 3974 735 4032 quoscunque
762 3961 931 4029 convellere,
984 3961 1071 4017 ritatis
1086 3960 1231 4034 privilegio
1250 3958 1417 4015 l'ridericum
1447 3958 1536 4014 virum
1563 3957 1796 4014 venerabilemet

119 4052 170 4107 sod
201 4052 292 4122 potins
332 4050 409 4107 firma
443 4051 594 4109 stabilitate
627 4052 787 4109 inconvulsa
819 4071 932 4110 manere
983 4050 1090 4106 cunetis
1104 4048 1271 4104 laudabilem
1288 4047 1350 4104 loco
1370 4046 1496 4116 ejusdem
1521 4047 1632 4104 lleroldi
1647 4046 1795 4102 lieriesse·

120 4140 280 4196 delinimus.
310 4141 337 4196 si
369 4142 432 4214 quis
459 4150 562 4209 autem,
596 4144 671 4215 quod
707 4160 763 4201 non
792 4145 932 4201 credimus
983 4141 1424 4218 quearchicpiscopumomniuo
1442 4139 1604 4196 decreverit.
1622 4141 1794 4213 Quapropter
1885 4140 1889 4147 “

122 4231 271 4286 temerario
295 4248 362 4287 ausu
391 4239 486 4288 contra
515 4233 569 4288 hoc
594 4241 717 4290 nostrum
749 4235 931 4307 apostolicum
982 4235 1076 4306 itaque
1094 4242 1251 4289 nostrorum
1267 4232 1445 4288 decessorum
1466 4231 1659 4287 auctoritatem
1673 4245 1792 4302 sequen-

120 4337 205 4396 agere
219 4322 424 4392 praesumpserit
439 4322 591 4391 decretum,
607 4325 675 4380 sciat
697 4341 728 4381 se
749 4327 932 4383 anathematis
983 4328 1198 4394 tes,vestraeque
1208 4322 1331 4378 omniurn
1346 4319 1528 4376 fraternitatis
1538 4320 1700 4377 assensione
1710 4319 1794 4375 roho-

120 4415 423 4483 vinculisinnodatnm‚
440 4423 495 4472 eta
510 4434 596 4493 regno
615 4419 809 4485 natalicium,
825 4428 930 4476 etcum
984 4414 1046 4480 rati,
1063 4413 1150 4485 ipsius
1170 4411 1280 4466 lieroldi
1307 4410 1464 4466 hereticam
1485 4419 1513 4466 et
1538 4410 1712 4466 temerariam
1730 4425 1793 4480 pra-

123 4503 218 4576 impiis
231 4511 336 4559 aeterno
349 4505 487 4577 supplicio
505 4507 675 4578 deputatum.
695 4509 725 4564 th
738 4524 803 4564 vero
823 4510 870 4581 qui
886 4509 932 4580 pio
982 4506 1097 4563 ritatem
1116 4506 1216 4561 amodo
1241 4521 1273 4560 ac
1287 4505 1430 4577 deinceips
1454 4505 1616 4561 damnamus
1629 4522 1663 4561 ac
1683 4507 1794 4578 penitus

120 4612 217 4652 amore
232 4595 392 4652 observator
418 4599 500 4667 hujus
519 4601 605 4656 nostri
622 4602 759 4676 privilegii
786 4603 930 4668 exstiterit,
983 4599 1158 4657 confutamus
1184 4615 1217 4654 ex
1233 4599 1292 4654 vioe
1313 4597 1387 4654 beati
1401 4597 1474 4653 Petri
1489 4597 1623 4669 principis
1651 4597 1792 4669 apostolo·

120 4684 349 4742 benedictionem
377 4704 392 4742 a
425 4689 684 4747 misericordissimo
722 4692 837 4748 Domino
876 4692 932 4748 lico
984 4708 1054 4758 rnrn,
1069 4705 1178 4746 necnon
1191 4706 1289 4747 omnes
1302 4696 1453 4761 sequentes
1464 4688 1615 4745 caelatam
1626 4690 1751 4761 corporis
1765 4695 1794 4746 et

121 4784 219 4834 nostro
232 4779 366 4851 consequi
383 4788 531 4849 mereatur,
547 4789 574 4837 et
588 4783 650 4838 ritae
670 4791 780 4839 aeternae
796 4785 932 4856 particeps
983 4783 1084 4838 mentis
1101 4782 1162 4850 eius
1177 4781 1205 4836 in
1222 4781 1268 4839 tali
1282 4780 1518 4853 presumptione:
1534 4779 1616 4852 eique
1636 4781 1790 4838 communi·

119 4872 205 4938 atque
219 4883 282 4923 curn
297 4867 399 4924 sanctis
413 4870 544 4926 omnibus
557 4873 618 4928 sine
633 4873 687 4928 line
702 4875 819 4930 taetetur.
983 4885 1078 4933 cantes
1091 4876 1363 4932 excommunicamus
1376 4873 1466 4946 primo
1484 4881 1513 4929 et
1527 4873 1792 4931 anathematizamus

157 4955 298 5028 Scriptum
314 4974 364 5029 per
378 4975 489 5016 manum
504 4962 634 5033 Stephani
656 4965 767 5032 notarii,
783 4966 932 5041 regionarii
983 4968 1118 5040 usquead
1134 4966 1323 5038 plenissimam
1344 4965 1577 5022 emendationem.
1608 4964 1790 5035 lnsuperjam

161 5149 198 5216 tt)
219 5149 257 5204 lie
268 5149 320 5205 hac
334 5151 440 5222 synodo
456 5152 486 5206 lit
501 5152 605 5208 mentio
624 5153 697 5278 assud
710 5153 932 5210 continuatorem
983 5170 1054 5226 papa
1077 5153 1213 5236 plurimos
1226 5168 1258 5208 ex
1274 5150 1354 5209 ltalia
1369 5152 1545 5210 athamania
1564 5149 1711 5220 episcopos
1725 5161 1789 5203 coa·

124 5219 164 5275 lte
187 5220 279 5275 'nonis
302 5222 345 5277 his
365 5223 478 5278 verbis:
502 5245 512 5273 ι
534 5225 612 5279 huno
666 5225 793 5280 ominicae
826 5225 929 5281 incarn.
983 5225 1156 5290 dunar1t3et
1176 5224 1269 5280 habita
1284 5225 1400 5296 synodo,
1415 5227 1502 5279 multa
1515 5221 1550 5302 ad
1563 5219 1709 5300 utilitatem
1724 5234 1789 5273 san-

120 5292 158 5346 96
181 5333 189 5357 ,
212 5291 273 5347 0tto
289 5292 441 5365 imperator
454 5295 571 5350 natalem
595 5295 703 5351 Domini
719 5296 884 5352 celebravit:
905 5304 934 5352 et
983 5307 1033 5352 cue
1049 5296 1176 5352 Ecclesia
1195 5296 1345 5352 adinvenit
1364 5296 1394 5351 Et
1412 5293 1566 5377 apostolico
1579 5290 1678 5346 loanni
1692 5290 1789 5370 urbem

120 5370 240 5434 excepto
255 5364 384 5434 prefecto
398 5366 487 5433 Urbis,
513 5366 561 5439 qni
579 5365 733 5441 aufugerat,
751 5369 883 5424 tredecim
900 5384 933 5423 ex
983 5376 1010 5423 ct
1026 5374 1124 5423 terram
1149 5368 1370 5446 Rauennatium,
1388 5368 1505 5446 atraque·
1518 5363 1673 5443 complura,
1697 5360 1792 5416 mulus

122 5433 277 5503 majoribus
304 5435 501 5504 Romanorum,
532 5437 579 5509 qui
607 5448 736 5493 auctores
763 5439 932 5510 expulsionis
983 5447 1055 5494 retro
1070 5439 1243 5511 temporibus
1258 5439 1388 5494 Romanis
1410 5432 1589 5517 pontrlrcrbus
1608 5432 1709 5498 ablata,
1732 5431 1792 5486 red·

120 5505 229 5563 domini
253 5506 367 5562 Joannis
400 5525 478 5578 papa
500 5509 618 5574 lucrant,
642 5509 793 5580 suspendio
819 5510 932 5565 interire
982 5510 1053 5565 didit
1067 5512 1220 5582 (eatpotius
1247 5511 1444 5565 restitutionem
1454 5521 1516 5577 pom
1530 5508 1594 5559 onte
1614 5506 1718 5574 sactum
1732 5517 1792 5583 ceu·

116 5576 213 5646 jussit.
231 5578 297 5633 lude
313 5580 493 5651 progrediens
517 5597 570 5708 per
593 5581 745 5652 spoletum,
775 5581 932 5637 Rauennam
980 5584 1121 5663 densauit),
1141 5597 1261 5654 cumque
1277 5581 1341 5636 inde
1358 5578 1470 5634 Romam
1496 5591 1559 5633 oum
1574 5591 1673 5651 magna
1697 5574 1791 5629 laetrtra

119 5647 204 5704 adiit:
222 5648 317 5722 ibique
335 5650 439 5706 Pascha
455 5652 515 5708 cele
536 5666 601 5708 rans
618 5667 682 5709 curn
700 5651 812 5710 domino
825 5652 932 5710 loanne
981 5659 1096 5709 remisit.
1119 5674 1130 5704 s
