3840 6106
117 252 171 312 935
687 226 855 288 subvolat
875 221 1021 280 urlsuol‘l
1041 221 1211 278 ululatui
1730 222 1781 282 m

116 383 182 439 uitia
201 381 229 436 iu
242 372 407 434 sanctissimi
422 370 473 427 uiri
488 367 624 426 occultam
639 378 736 420 necem
761 360 921 431 conjurato·
933 362 961 429 Α
974 370 1035 411 rum
1046 360 1201 410 nostrarum
1214 360 1325 424 paratus
1337 361 1482 424 susceptor
1499 354 1683 426 clemensque
1695 354 1723 410 iu
1738 370 1782 426 ps·

117 488 176 528 rum
190 470 298 524 beatam
314 463 396 519 futuri
412 460 486 515 diem
501 454 617 527 troposi
630 461 694 508 ante
715 450 761 505 llei
777 447 923 520 praesigna·
973 447 1056 505 radisi
1075 447 1231 518 voluptates
1255 447 1386 520 dignetur
1403 445 1464 502 ficri
1484 448 1645 513 subvector,
1660 448 1781 503 cordium

117 563 219 618 tionem
234 556 390 612 accelerare
415 549 568 605 rainerum.
595 543 687 598 Frater
701 547 793 595 autern
809 536 923 592 sceleris
972 540 1036 595 imis
1049 538 1209 610 precemuri
1227 561 1238 590 ι
1261 539 1414 611 Statimque
1429 540 1617 611 postverbum
1631 542 1713 596 letus
1726 540 1781 596 ebi-

116 653 143 707 in
169 665 233 706 eum
249 642 344 700 luendi
369 640 435 696 satis
462 635 621 709 impatiens,
642 638 747 688 ceteras
768 628 880 685 fraudes
894 626 923 681 iu
974 626 1025 693 bit,
1040 626 1200 701 singillatim
1223 628 1256 662 ²¹⁰
1271 627 1401 682 omuibus
1424 627 1523 683 eodem
1548 643 1647 684 amore
1660 628 1784 703 singulos

118 744 179 812 eius
195 740 299 798 caedem
315 751 369 791 non
383 733 485 788 debere
508 728 597 783 visum
610 734 652 781 est
665 724 769 779 diutius
794 735 923 794 prosecu·
974 720 1093 790 scyphos
1112 719 1146 754 ¹²⁰
1165 717 1321 775 ebibendos
1335 718 1516 776 blandissimo
1536 721 1670 792 propinat
1681 720 1783 777 osculo.

119 845 211 891 turum
226 831 272 894 ²⁰⁸,
287 841 383 883 verum
407 838 489 878 uuam
510 818 572 874 aliis
592 816 726 888 aptiorem
742 811 819 868 nefas
834 810 926 883 potius
976 813 1132 884 intrepidus
1157 820 1260 880 autem,
1276 816 1393 885 sumptis
1409 822 1462 870 tam
1486 815 1604 871 lroueste
1619 814 1724 886 epulis,
1749 815 1785 870 uti

120 919 249 978 maturari
277 931 343 972 ase
376 913 411 946 ²⁰⁵
435 909 544 967 cautius
563 907 702 961 inventam
718 900 829 972 delegit·
859 898 925 952 Nam
976 907 1161 977 diuinojussu
1183 923 1226 962 res
1251 907 1385 974 differtur,
1415 909 1526 964 domum
1548 908 1664 964 inlaesus
1684 907 1785 962 revisit.

119 1018 279 1069 cunctorum
295 1004 380 1061 armis
394 1001 512 1058 uestium
529 1004 701 1053 contractura
728 992 824 1049 dolose
838 990 925 1045 laten·
1012 1000 1057 1056 19,
1073 1000 1166 1055 N00ps
1180 1006 1271 1054 aurem
1293 1000 1434 1071 sequemjs
1452 1001 1487 1035 an
1513 1016 1617 1065 cmm
1633 999 1786 1055 orationum

121 1103 206 1170 tibus,
227 1098 412 1167 simulataque
430 1091 508 1164 pace,
524 1104 602 1145 amor
616 1084 666 1142 sub
683 1084 804 1140 fraterno
829 1081 926 1137 obtutu
977 1103 1010 1144 ω
1019 1088 1233 1144 elemosinarum
1248 1088 1435 1145 curiosissima
1444 1090 1478 1124 η,
1491 1090 1637 1145 desudans
1648 1088 1787 1155 immin,

2 1173 13 1188 ⁶
117 1192 198 1265 quasi
223 1202 306 1245 verus
332 1183 454 1258 fungitur,
481 1180 529 1251 qui
549 1175 637 1250 magis
659 1172 780 1231 nocendi
799 1170 928 1227 facultate
978 1179 1062 1235 futuri
1077 1179 1111 1215 aar
1127 1180 1264 1246 conscius,
1279 1181 1374 1235 monis
1394 1197 1444 1251 pso
1464 1180 1573 1238 epu-5310
1591 1182 1656 1250 jum
1671 1180 1730 1251 pag
1743 1178 1789 1234 (ιθ.

120 1279 269 1354 quaerenda
288 1271 513 1332 monstratur¹⁰⁸.
835 1330 840 1338 ,
978 1278 1059 1329 notus
1081 1273 1261 1341 pernoctavit.
1293 1273 1436 1328 Redeunte
1461 1280 1552 1329 autem
1574 1281 1641 1346 post
1654 1273 1802 1348 gallicinia·

156 1370 200 1424 18.
229 1365 285 1422 Sub
309 1360 453 1433 cujusdam
481 1373 546 1414 sero
575 1356 680 1412 festivae
707 1354 764 1410 diei
788 1348 929 1407 exultabili
980 1363 1612 1440 mapupinffishoraeofficimpuqmignacupo,
1629 1366 1790 1438 ,¹0an

125 1472 188 1521 ortu
199 1461 293 1517 infelix
308 1459 352 1513 ille
367 1455 470 1511 fraudis
480 1454 586 1509 amicus
600 1453 711 1507 domum
723 1447 863 1520 propriam
875 1443 930 1514 lii)
979 1456 1071 1523 thom,
1092 1466 1123 1512 up
1133 1457 1190 1525 jam
1203 1464 1247 1513 est
1265 1458 1373 1523 somus,
1399 1458 1558 1529 prosiliens,
1575 1458 1788 1530 ,ecclesiamque

122 1554 199 1609 omni
213 1554 436 1605 ornamentorum
447 1543 537 1613 copia,
559 1556 620 1613 quae
634 1539 697 1595 liuic
710 1537 784 1612 genti
799 1548 929 1606 umquam
980 1551 1156 1622 properando
1167 1551 1318 1624 ingram,
1334 1561 1443 1608 camum
1463 1552 1659 1608 mmmm
1681 1551 1788 1607 laudes,

122 1644 208 1700 ffl⁰li⁸
228 1646 307 1697 elfini
328 1636 455 1693 habendi
479 1635 524 1700 ³⁰¹·
549 1649 631 1705 quam
646 1628 773 1687 ”idme
798 1626 930 1702 fllssidim
943 1662 968 1730 B
981 1659 1036 1714 que
1064 1643 1239 1699 matutinales
1257 1645 1383 1700 modesta
1409 1645 1548 1701 intentans
1569 1645 1787 1712 auscultacione,

121 1737 200 1803 fecit;
224 1734 379 1791 convivium
397 1731 459 1801 plus
473 1727 555 1782 solito
576 1722 729 1796 parandum
745 1719 877 1775 ministris
891 1719 931 1772 in·
980 1740 1043 1804 post
1058 1734 1190 1804 plurimas
1205 1734 1350 1791 oraciones
1369 1734 1480 1790 domum
1495 1735 1577 1789 'mis
1592 1735 1730 1791 membris
1746 1735 1789 1791 ffi-

121 1827 204 1892 dixit3
232 1823 336 1879 amicos
351 1820 403 1876 sub
434 1814 588 1888 hylaritatis
602 1813 696 1884 specio
718 1808 859 1873 invitarit;
886 1807 930 1878 ip·
980 1828 1112 1892 quanqum
1142 1837 1240 1878 somno
1262 1822 1297 1858 aas
1314 1820 1644 1881 reficiendqsdqvefmm·
1666 1823 1787 1879 nubem

124 1917 237 1988 siusquc
257 1912 390 1986 Plissssillss
416 1909 534 1981 supplex
562 1905 597 1940 ¹⁰³
626 1904 765 1979 ingressui
787 1900 929 1972 palatium,
977 1909 1034 1978 jam
1047 1910 1081 1945 ¹¹⁸
1097 1910 1214 1980 primum
1230 1926 1339 1977 aurora,
1355 1911 1504 1967 execrabili
1518 1913 1788 1968 memoriaseribca·

124 2007 259 2066 conviviis
276 2020 338 2060 eum
350 2003 483 2057 iuteresse
497 1996 624 2054 fraternis
638 1994 727 2067 primu
741 1993 865 2049 omnium
876 2005 931 2063 quo
980 2000 1090 2056 pondus
1098 2001 1788 2076 poqgglausassvifi„netissgfmanm'pmmffl

124 2101 286 2175 dignaretur
300 2092 464 2169 corrogavit.
486 2090 568 2159 Cujus
582 2084 787 2144 mansuetudini
807 2082 932 2156 quamvis·
980 2099 1088 2158 auctor,
1101 2107 1163 2163 (με
1179 2093 1256 2163 prius
1270 2109 1345 2147 arma
1359 2099 1456 2149 00⁰2„
1474 2093 1656 2150 innocentem
1678 2095 1788 2150 palem„

122 2177 727 2261 falsaeflendignusVencczlaus¹⁰fmultum
741 2173 930 2249 congaudens,
981 2184 1163 2241 pommovequ
1186 2184 1220 2219 aar
1246 2199 1302 2241 110„
1330 2185 1477 2251 inmemor,
1492 2202 1589 2257 ‚specu
1617 2201 1675 2258 quo
1704 2187 1785 2249 mag

123 2295 207 2356 atquc
232 2280 370 2338 consertis
385 2277 505 2332 invicem
532 2273 672 2339 manibus,
686 2270 801 2326 domum
815 2267 850 2302 ²¹⁰
864 2282 931 2338 gau*
982 2287 1059 2328 mora
1089 2273 1196 2346 lupino,
1209 2289 1272 2329 cum
1297 2274 1462 2331 exadverso
1476 2291 1579 2349 agnum
1605 2276 1787 2335 tutricem.

124 2376 170 2432 dio
196 2375 346 2430 introeunt.
377 2369 471 2441 Epufis
499 2366 684 2422 discumbunt·
714 2363 840 2433 linoque
872 2364 934 2430 posi
981 2364 1099 2420 randum
1126 2364 1215 2431 irruit,
1238 2364 1298 2436 ipse
1327 2381 1389 2422 cum
1408 2366 1515 2438 aliquot
1539 2368 1714 2439 sequacibus
1731 2369 1786 2424 buia

124 2466 238 2538 longum
263 2460 390 2533 quisdam
410 2459 443 2493 ²¹¹
460 2456 592 2512 ferocium
603 2453 779 2511 convivarum
791 2449 932 2515 saturatis,
983 2452 1082 2507 sceleri
1091 2451 1270 2525 comparibus
1280 2453 1429 2510 furibunde
1441 2469 1614 2527 progressus,
1627 2467 1658 2512 et
1667 2473 1787 2513 mucrona

126 2554 201 2610 fraus
215 2552 336 2610 conflata
350 2551 398 2605 diu
415 2551 499 2606 latere
524 2547 663 2612 nesciens,
679 2561 728 2601 eos
743 2543 822 2616 quasi
836 2540 934 2598 unani·
985 2541 1155 2608 succinctus,
1174 2541 1234 2598 viro
1254 2542 1373 2614 simplici
1387 2543 1481 2599 media
1499 2543 1543 2599 via
1562 2545 1666 2600 obrius
1687 2547 1785 2601 rostitit.

127 2644 210 2698 miter
224 2642 253 2697 in
280 2639 367 2696 sancti
382 2639 435 2694 siri
454 2652 550 2693 necem
577 2634 712 2692 accendit·
730 2633 779 2699 Qui
805 2630 935 2698 malivoli,
987 2634 1076 2702 Quem
1091 2642 1204 2692 sanctus
1216 2636 1275 2707 ipse
1289 2637 1432 2693 mitissima
1452 2638 1524 2694 iuter
1535 2639 1688 2696 salutando
1699 2642 1732 2676 ”⁸
1746 2641 1787 2697 be

129 2733 310 2790 mucronibus
324 2736 400 2786 reste
423 2729 481 2798 iam
497 2728 588 2792 tectis,
610 2734 651 2782 ter
665 2732 820 2799 surgentes,
841 2732 937 2795 terque
988 2725 1122 2798 nignitate
1132 2725 1167 2760 ¹²⁹
1178 2725 1215 2780 ila
1229 2725 1264 2760 ¹⁸⁰
1276 2714 1445 2797 alloquitur:
1470 2746 1482 2777 ι
1501 2727 1568 2795 Ave,
1582 2727 1669 2785 frater
1679 2728 1785 2787 dilectet

125 2825 224 2879 iterum
236 2820 315 2893 quasi
331 2817 537 2890 quodammodo
550 2815 614 2870 lassi
627 2813 740 2871 sedibus
755 2829 787 2868 se
802 2812 937 2868 inclinas·
988 2820 1077 2888 gratos
1098 2814 1240 2870 immensae
1260 2814 1402 2870 dilectioni
1420 2824 1472 2870 tuae
1486 2832 1502 2871 a
1527 2817 1611 2874 nubis
1623 2821 1681 2877 sint
1696 2822 1786 2889 relata,

125 2923 167 2970 tes
180 2915 226 2981 ¹¹¹,
241 2913 347 2969 viribus
362 2911 452 2966 saltim
466 2910 501 2945 ²¹³
515 2917 543 2965 et
561 2908 671 2964 audatia
684 2907 798 2964 omnino
809 2905 936 2972 emolliti,
986 2904 1052 2977 quia
1066 2903 1219 2961 honorilice
1238 2906 1374 2976 disposito
1388 2905 1421 2941 ¹³¹
1445 2907 1505 2962 beri
1520 2910 1653 2966 convivio
1668 2911 1788 2968 beueno

125 3021 159 3063 eo
182 3004 257 3077 qnod
282 3002 405 3058 nondum
430 3000 564 3056 divinitus
576 3000 652 3067 jussa
675 2997 783 3054 uenerit
799 2997 937 3068 passionis
987 2992 1030 3048 bis
1046 3000 1073 3049 et
1086 2993 1155 3049 sctis
1171 2993 1345 3062 jucunde'²³¹
1357 2995 1528 3052 ministrasti.
1554 3020 1565 3049 ι
1588 2999 1656 3055 'lam
1672 3001 1707 3036 ’⁸¹
1723 3002 1789 3057 dulci

126 3096 203 3158 bora,
228 3092 352 3147 inlaesum
368 3105 432 3144 eum
451 3089 625 3143 dimiserunt.
649 3088 734 3156 liujus
754 3087 793 3142 rei
811 3088 871 3158 ipse
889 3093 936 3141 aut
961 3071 974 3097 ³
987 3082 1124 3153 pessimus
1146 3082 1194 3138 ille
1210 3098 1266 3138 non
1292 3084 1465 3154 respondens
1488 3086 1666 3157 allocutioni,
1686 3092 1734 3147 sed
1747 3108 1788 3147 ex·

127 3185 242 3252 inscius,
260 3181 381 3256 periculo
397 3195 452 3237 non
467 3179 593 3252 pauidus,
606 3178 692 3234 divini
705 3178 847 3233 tutaminis
860 3193 937 3234 secu·
987 3185 1072 3234 tracto
1086 3178 1172 3234 cicius
1186 3193 1262 3240 ense,
1284 3179 1312 3233 in
1327 3180 1414 3235 sancti
1434 3182 1532 3252 capitis
1546 3184 1682 3241 asmiccm
1704 3197 1733 3244 ut
1743 3188 1790 3244 for·

128 3277 207 3333 ritate
233 3274 380 3339 animatus,
401 3287 527 3344 quamvis
543 3270 686 3340 cuiusdam
706 3269 829 3326 clientuli
855 3269 883 3324 in
903 3270 937 3304 ¹¹⁸
988 3264 1043 3321 tius
1057 3266 1139 3334 valet,
1156 3266 1325 3337 percutiens,
1348 3267 1399 3322 ait:
1421 3288 1435 3319 α
1456 3269 1554 3326 llelius
1566 3272 1653 3331 bodie
1668 3276 1718 3331 tibi
1731 3292 1790 3348 pre

127 3380 221 3420 aurem
232 3360 402 3417 susurrantis
413 3359 530 3426 cautela,
547 3358 686 3430 quomodo
697 3364 793 3414 contra
805 3373 869 3413 eum
881 3373 938 3413 mo·
989 3370 1122 3425 paravero
1136 3356 1170 3390 ¹³⁸
1185 3355 1357 3412 conviviuml
1380 3378 1391 3407 a
1414 3357 1469 3412 Sed
1483 3359 1517 3394 ¹⁸⁸
1533 3358 1608 3416 ferro
1619 3364 1793 3420 resilientem

128 3454 168 3510 liti
184 3453 296 3524 fuerint,
312 3457 532 3524 praestrueretur,
547 3449 614 3505 sede
627 3450 662 3485 ²¹⁵
673 3456 828 3506 tamennon
837 3456 940 3517 motus,
991 3443 1289 3500 neoiulneristaudem
1299 3445 1569 3519 siguumauuotante
1581 3450 1629 3518 ⁸⁸⁶,
1645 3454 1794 3526 geminatur

129 3542 251 3608 fratrem,
267 3549 430 3612 ceterosque
441 3538 620 3596 considentes
638 3539 673 3574 ¹¹⁸
684 3537 842 3605 exhilarari,
860 3548 942 3609 quasi
993 3531 1073 3588 ictus.
1090 3531 1149 3599 Quo
1173 3533 1260 3590 nihilo
1275 3535 1363 3608 magis
1387 3535 1514 3603 laedente,
1532 3540 1620 3596 tercio
1641 3541 1724 3598 ferire
1737 3560 1793 3599 eunt

128 3635 245 3706 hospitis
259 3632 297 3668 '¹⁷
313 3633 475 3706 grutarius,
497 3631 654 3687 amabiliter
675 3633 792 3707 rogavit.
808 3631 841 3686 lit
860 3630 944 3702 paulu
993 3627 1070 3689 velit,
1086 3642 1141 3683 una
1155 3643 1219 3683 cum
1233 3635 1348 3684 extenso
1362 3628 1433 3686 ictus
1457 3632 1533 3687 ensis
1548 3649 1633 3690 manu
1649 3638 1735 3693 territi
1747 3639 1794 3694 ni-

127 3731 190 3798 post
205 3733 297 3780 amota
320 3739 416 3779 mensa
434 3723 532 3798 surgit,
561 3722 730 3794 impletaque
759 3722 823 3778 vino
835 3728 937 3793 patera,
990 3718 1046 3773 litis
1060 3718 1093 3753 ¹³⁷
1106 3719 1216 3775 excidit.
1230 3720 1316 3786 Quem
1333 3722 1424 3776 statim
1439 3726 1795 3802 sancmsVeuceztansper

50 3815 55 3825 '
129 3817 262 3873 modestae
289 3814 469 3871 salutacionis
496 3814 570 3873 dicto
589 3829 687 3871 omnes
702 3814 821 3870 dulciter
847 3814 942 3881 hujus·
991 3807 1120 3880 capulum
1146 3808 1181 3842 ²³⁸
1194 3808 1347 3880 surripiens
1366 3819 1394 3865 et
1417 3826 1499 3883 supra
1520 3814 1693 3873 scelerosum
1710 3818 1795 3875 frmi,

130 3906 207 3963 modi
222 3905 387 3977 alloquitur:
410 3927 423 3954 u
445 3903 552 3961 Salutat
565 3920 615 3961 vos
629 3904 703 3961 salus
722 3903 847 3961 omnium
863 3903 943 3959 Chri·
990 3901 1048 3970 jam
1064 3900 1180 3956 inermis
1192 3901 1323 3957 uerticem
1339 3918 1422 3958 manu
1443 3903 1547 3961 librans
1561 3907 1617 3963 ¹⁸⁹:
1643 3931 1657 3961 a
1676 3911 1797 3978 Videsne,

132 3992 207 4050 stusl
224 3992 353 4061 Calicem,
374 4008 456 4066 quem
476 4009 560 4049 manu
576 4000 668 4061 teneo,
682 3994 711 4049 iu
726 3995 813 4050 sancti
827 3994 943 4049 archan·
995 3988 1102 4061 iuquit;
1117 4003 1133 4045 o
1149 3989 1283 4046 funeste?
1298 3989 1372 4046 Verti
1386 3991 1414 4045 in
1435 3998 1461 4047 te
1475 4003 1573 4064 posset
1587 4003 1645 4053 luae
1659 4000 1798 4056 erudelils·

133 4084 188 4158 geli
227 4085 391 4140 lficlrabclis
418 4100 540 4140 amorem
568 4085 692 4151 ebibere,
718 4100 946 4157 unumquemque
995 4083 1031 4138 lis
1046 4084 1169 4141 exitium.
1192 4084 1247 4140 linl
1275 4085 1351 4141 uude
1367 4087 1517 4158 prohibeor
1532 4089 1647 4149 fraterni
1663 4097 1799 4169 sauguinis

135 4183 256 4232 nostrum
281 4191 316 4230 ne
332 4176 435 4249 pigeat,
453 4176 506 4231 boc
525 4191 619 4230 amore
642 4176 826 4246 spiritalitatis
836 4177 871 4211 ¹¹⁸
886 4175 947 4244 ejus
996 4170 1057 4227 ficri
1069 4171 1180 4229 effusor.
1205 4173 1260 4228 Sed
1280 4175 1355 4241 nolo,
1380 4176 1414 4230 de
1429 4192 1512 4232 mauu
1537 4195 1601 4235 mea
1626 4182 1724 4240 ultimo
1738 4199 1798 4239 exa·

132 4265 307 4322 altitudinem
335 4283 385 4338 pro
414 4283 496 4337 posse
523 4275 699 4334 venerantes,
730 4274 759 4322 ut
773 4283 947 4339 quacumque
997 4267 1072 4323 mine
1088 4269 1201 4344 sanguis
1212 4269 1392 4336 ¹⁸⁰,ofrater,
1407 4277 1470 4328 tuus
1486 4283 1627 4345 quaeratur
1643 4278 1671 4334 in
1687 4296 1739 4335 me.
1751 4280 1798 4335 lle·

133 4361 202 4420 bora
220 4361 265 4416 lex
279 4370 386 4416 naturae
412 4359 447 4415 ad
466 4367 589 4417 extrema
602 4376 654 4417 nos
669 4360 825 4427 deduxerit,
845 4338 985 4418 anima-D
997 4363 1059 4434 cipe
1071 4363 1205 4437 gladium,
1222 4371 1329 4421 matura
1338 4367 1524 4439 supplicium3
1540 4383 1685 4443 quaesunt
1700 4374 1797 4449 agenda

807 4501 918 4560 vaula
945 4502 1133 4560 Lucllouus

172 4635 208 4671 *θ*
223 4644 433 4718 persecuturum
459 4634 486 4692 3.
536 4633 571 4669 ¹⁰⁵
592 4649 624 4718 ac
648 4649 699 4704 pro
728 4649 743 4687 a
769 4635 843 4717 sel
908 4634 1178 4716 ”fpraemonstratur
1203 4637 1231 4692 2.
1288 4635 1322 4671 ¹⁰³
1339 4635 1493 4720 habendam
1526 4642 1552 4696 l.
1603 4640 1686 4699 ¹⁰‘su
1709 4646 1747 4699 lea
1772 4648 1793 4703 l·

135 4708 388 4763 ravennatensi.
430 4705 556 4775 ²¹⁰soper
584 4706 683 4759 laneum
706 4705 785 4759 addat
811 4703 837 4760 2.
886 4706 1098 4777 ²¹¹qurbusdam
1127 4708 1145 4761 2
1174 4707 1200 4761 3.
1238 4707 1273 4742 ¹¹¹
1288 4708 1456 4764 acclinantes
1477 4711 1503 4765 2.
1534 4711 1551 4767 3
1605 4662 1747 4770 ¹¹³safiem
1769 4717 1790 4772 f.

135 4781 236 4861 sapius
288 4778 412 4858 muti.
439 4776 522 4858 adb.
563 4775 598 4811 '¹¹‘
618 4775 755 4831 scde02
792 4775 819 4833 3.
857 4774 1077 4859 ¹¹⁶coniidentes
1102 4779 1128 4832 l.
1156 4778 1184 4834 2.
1215 4778 1402 4859 ¹¹⁷·ospitisl.
1442 4782 1624 4853 ¹¹⁸spiritatis
1648 4803 1716 4841 corr.
1743 4788 1789 4859 spi-

136 4849 285 4907 ritalitrs2.
329 4848 567 4973 ²¹⁰srngrlatrml.
607 4846 796 4917 ²²⁰cyphosl.
838 4846 871 4882 ²¹¹
891 4845 1083 4953 frequentrsl
1118 4848 1255 4921 frequenti
1273 4848 1299 4903 f.
1333 4851 1615 4910 ¹²¹curiocissimal.
1663 4856 1788 4914 ¹¹³futura

134 4921 193 4980 23
241 4919 394 4976 ²²⁸somnio

135 4991 250 5050 tandum
266 4991 292 5048 3.
332 4989 592 5064 ¹¹⁹benignitatet.
635 4987 670 5022 ²³⁰
684 4989 801 5044 deestl.
843 4988 1059 5060 ²³¹depositol.
1109 4990 1313 5048 ¹³²abnnde3.
1358 4992 1505 5049 ²⁸³Jaml.
1546 4995 1658 5069 ¹⁸⁸1„ae
1679 4998 1785 5056 mgr

134 5064 170 5100 ¹³⁸
187 5063 217 5119 Et
239 5063 283 5119 vix
297 5061 411 5136 sanguis
435 5060 570 5141 emanuil,
586 5059 651 5131 quia
669 5059 801 5141 inpotens
815 5064 874 5140 crat
900 5076 949 5131 pre
976 5076 1080 5132 pauore
1100 5062 1238 5128 horribili,
1266 5069 1294 5117 et
1316 5061 1413 5118 beatus
1438 5065 1631 5124 UUenzezlsus
1656 5016 1734 5126 Koile
1756 5084 1785 5124 sa

136 5150 233 5206 perare
253 5134 389 5205 potuisset
403 5147 478 5193 eum,
502 5145 566 5202 quta
581 5137 608 5186 et
624 5130 749 5212 gladium
772 5130 887 5185 abstulit
912 5148 928 5186 a
955 5147 1038 5187 manu
1066 5134 1136 5202 eius,
1161 5134 1210 5189 sed
1235 5133 1325 5188 noluit
1352 5142 1441 5190 semet
1467 5136 1558 5207 ipsum
1588 5140 1723 5211 polluere,
1752 5140 1784 5195 1110

137 5221 204 5261 uero
228 5203 433 5260 uociferabatur
461 5201 571 5257 dicens:
602 5200 650 5256 lira
673 5202 721 5257 ubi
747 5201 833 5257 estis?
859 5202 990 5271 adiuuare
1022 5219 1077 5259 me.
1100 5203 1176 5260 func
1200 5220 1298 5259 ornnes
1330 5206 1453 5262 maliuoli
1479 5219 1659 5267 accurrentes
1679 5213 1713 5268 de
1738 5212 1784 5267 late·

136 5276 193 5332 bris
218 5292 279 5332 cum
293 5273 396 5351 gladiis
423 5279 452 5329 et
475 5272 580 5328 lanceis
607 5272 701 5328 multis
729 5271 893 5328 uulneribus
912 5273 1048 5331 laniantes
1073 5275 1241 5332 occiderunt.
1273 5275 1307 5331 lf.
1348 5275 1529 5335 ”tanqum
1550 5281 1575 5335 ί,
1612 5282 1698 5339 sarm·
1726 5291 1745 5338 g
1763 5279 1782 5335 g

136 5346 171 5381 ¹⁸⁸
186 5347 312 5418 capulam
333 5348 360 5403 l.
400 5344 435 5380 ’θ’
449 5344 564 5400 uibrans
576 5343 605 5398 2.
620 5343 648 5398 3.
683 5343 718 5378 ²⁸⁰
732 5351 796 5400 tuus
810 5359 826 5401 c
839 5344 858 5401 l.
875 5361 898 5400 s.
909 5345 937 5400 2.

919 5471 1028 5529 boum.

175 5605 232 5680 (27)
251 5603 425 5674 Bolislawire,
442 5601 528 5661 bodie
543 5600 681 5668 bunciana
696 5599 724 5657 in
738 5599 878 5659 Laurentii
894 5600 1050 5659 casinensis
1060 5600 1131 5658 libro
1147 5601 1337 5660 Uollcsclabus
1351 5611 1477 5663 vocatur.

442 4918 617 4989 .aliquauto
644 4918 728 4984 (deest
749 4917 897 4986 somnust.
953 4919 1080 4974 ²⁵autcm
1100 4921 1156 4974 23
1207 4920 1441 4976 ²²⁶bclezlaus2.
1488 4924 1551 4979 mc
1580 4925 1642 4982 12.
1686 4929 1787 4984 ”sata
