3840 6106
134 287 190 343 537

135 413 262 469 Pellebat
274 411 412 485 siquidem
425 422 559 485 praestans
574 415 625 471 hae
639 415 769 473 culminia
778 433 841 474 aree

136 503 267 575 Corporis
280 503 377 579 attigui
388 521 514 562 sensaeve
529 504 670 563 aillamiue
683 508 778 578 uestis,

134 593 273 666 Tangeret
287 599 334 648 ant
348 594 703 670 quamquisque,reg1quo
720 607 815 656 uomet
826 599 912 656 odoro

137 681 186 737 Cui
202 674 294 749 la'rrae,
311 682 440 738 addictus
452 683 520 739 vitio
532 684 575 740 vel
590 685 678 742 oleret
691 687 813 744 adustus.

175 773 271 829 Flebat
285 780 313 829 at
326 773 458 829 obsessus
471 777 627 832 numerosis
637 777 760 851 undique
771 780 858 837 turbis

136 866 169 920 Et
183 881 270 940 grege
283 865 402 936 stipatus
417 865 530 921 fratrum
545 883 665 940 curaque
681 869 791 927 fovendi

134 959 259 1016 lllieetns
272 960 357 1031 pacis,
370 960 509 1017 desiderio
521 970 603 1034 atque
614 964 716 1035 qnietis

135 1052 241 1108 metari
255 1052 568 1124 obsequiisvenientum
578 1056 720 1112 ethonore
730 1057 861 1115 dolebat:

136 1140 264 1196 Carceris
277 1140 335 1196 baec
350 1140 449 1197 tabens
460 1142 579 1199 evadere
589 1152 667 1215 septa
680 1145 797 1214 calebat,

136 1229 306 1302 Oblatasque
320 1230 538 1303 animopompas
551 1248 584 1288 ac
597 1239 744 1290 stemmata
756 1235 876 1304 calcans,

136 1319 233 1374 Solum
244 1319 394 1391 exoptabat
406 1335 547 1389 cremum;
563 1338 645 1393 quam
662 1339 766 1394 pronus
780 1324 851 1380 inire

136 1411 207 1466 llum
222 1410 336 1480 jamjam
356 1419 434 1482 parto
450 1427 602 1483 properans
617 1417 841 1484 conaturasello,

135 1501 221 1557 llulta
240 1501 360 1557 subinde
376 1509 458 1557 ruunt
471 1503 616 1575 lacrymosi
628 1506 716 1562 millia
729 1507 816 1583 uulgi,

136 1592 278 1647 Excidium
294 1594 391 1665 patriae
403 1593 478 1650 velut
489 1595 639 1652 intentetur
652 1605 679 1652 et
690 1597 771 1671 iguis,

136 1684 273 1740 claudere
287 1683 376 1741 moliti
391 1686 578 1758 precibusque
593 1689 746 1761 astringere
759 1689 823 1745 nisi.

135 1779 168 1834 ht
184 1786 279 1835 manet
294 1778 412 1835 invictus
426 1787 545 1836 tractans
559 1782 618 1838 lraec
630 1781 731 1839 lamina
746 1800 859 1840 secum:

135 1871 273 1927 Fallacem
285 1871 358 1927 baud
367 1871 439 1930 facio
452 1874 610 1943 bominum,
622 1891 674 1932 nec
682 1877 768 1949 quibo
782 1876 878 1933 ridere

136 1966 273 2021 Proruore
292 1966 434 2035 eeclesias,
449 1967 538 2024 lusum
554 1970 683 2042 squalere
698 1987 841 2041 cruorem;

137 2055 216 2110 Unde
233 2055 352 2126 probare
365 2056 459 2112 datum
475 2058 571 2128 patriae
587 2060 713 2131 praescita
729 2061 841 2132 pericla.

135 2147 243 2202 Pedere
254 2147 302 2202 sed
312 2147 472 2218 probibent,
484 2155 634 2205 testaturat
643 2151 703 2222 ipse
716 2153 841 2209 ciborum

134 2238 253 2293 Sumere
267 2238 306 2293 nil
321 2245 448 2310 potusve,
464 2240 516 2296 nisi
531 2242 750 2300 mittaturabire.

133 2334 181 2389 Sic
195 2343 303 2406 septem
314 2342 458 2408 postquam
472 2337 580 2406 ieiunia
592 2345 676 2394 tracta
689 2340 790 2396 diebus

132 2425 276 2494 Producit,
290 2426 403 2493 missus,
414 2429 492 2485 socio
501 2430 589 2487 multo
600 2431 711 2505 agmine
725 2434 826 2507 pergit,

132 2517 256 2583 Quorum
272 2520 459 2591 quamplures.
476 2520 523 2577 ubi
539 2538 589 2592 per
604 2539 654 2578 sua
664 2540 736 2591 rura,
752 2525 876 2593 remittit,

132 2609 322 2685 Quadraginta
337 2611 434 2684 legens
450 2627 556 2681 secum,
570 2614 678 2683 ieiunia
691 2616 776 2672 lortcs

135 2700 188 2764 Qui
199 2699 319 2756 tolerare
328 2707 442 2773 queant.
458 2701 567 2758 Pelusia
583 2703 671 2758 tendit
686 2705 714 2759 in
725 2718 798 2760 arra.

131 2795 292 2850 habemini
304 2796 392 2867 patrio
406 2812 501 2854 servos
515 2798 610 2854 inrisit
624 2814 728 2856 amore.

132 2885 202 2941 lnde
222 2894 321 2959 petens
333 2904 468 2954 eremum,
479 2891 564 2946 coluit
575 2907 658 2963 quam
674 2892 808 2949 Antonius
823 2892 893 2949 alter

131 2975 251 3046 (Nempe
264 2976 415 3033 revelatum
430 2977 486 3033 sibi
498 2980 571 3052 quod
581 2979 644 3036 cmii
663 2980 718 3036 alta
731 2981 872 3054 subisset),

132 3064 220 3119 Selari
232 3062 344 3133 iratres,
362 3064 478 3121 lustrare
494 3067 650 3123 habitaculo
665 3074 761 3130 certat,

132 3155 254 3211 helectis
267 3154 320 3210 sibi
339 3155 509 3227 subparibus
522 3157 615 3212 uicina
624 3157 743 3227 duobus,

133 3247 214 3303 l'asta
228 3247 315 3303 eremi
329 3255 466 3320 penetrat,
481 3255 645 3320 tantumque
660 3250 811 3306 abstemius
821 3251 878 3307 illic

133 3337 255 3408 lampue
265 3336 352 3391 silens
361 3336 418 3412 agit
439 3337 875 3411 utprimumcoepiaseprolessns

133 3425 207 3481 lunc
222 3425 306 3481 luerit
319 3425 423 3482 servire
436 3426 492 3482 [leo
504 3427 566 3481 vitae
586 3427 686 3484 ordine
700 3428 818 3498 chuno,

133 3520 178 3576 Cui
196 3527 237 3576 tot
257 3521 356 3577 devoto
371 3526 490 3577 sacrarat
505 3527 631 3593 tempora
645 3538 737 3578 cursu.

133 3618 247 3673 urentes
262 3617 348 3673 nimio
363 3617 530 3689 squalebant
539 3617 652 3689 puluere
664 3619 764 3693 glebae,

132 3707 329 3779 Effervenaque
340 3707 402 3763 sitis
415 3708 582 3764 moribunde
597 3709 749 3767 obduxerat
762 3727 837 3780 arra,

131 3799 159 3856 Ει
173 3806 308 3856 vacuarat
321 3801 401 3873 aquis
411 3801 534 3858 clausum
548 3801 608 3857 sola
618 3802 722 3858 torrida
734 3803 835 3859 eoelum

127 3890 186 3946 lam
202 3890 292 3945 tribus
304 3898 334 3945 ut
349 3890 429 3963 liquit
442 3899 530 3947 terras
545 3891 681 3948 latonius
693 3893 783 3960 annis,

125 3983 281 4041 beccssum
296 3985 375 4054 cujus
382 3985 476 4059 lugere
492 3987 630 4042 elementa
646 3986 780 4043 serebant.

124 4077 234 4133 ddlore
250 4076 323 4132 lama
336 4076 433 4134 volans
447 4078 496 4134 ubi
508 4078 631 4150 prodidit
642 4079 818 4148 llilarionem‚

122 4167 210 4224 llunc
228 4168 352 4223 certatim
367 4168 481 4236 adeunt,
506 4168 580 4225 ducti
594 4169 695 4239 passim
710 4169 841 4225 omnibus
861 4170 944 4244 agris,

120 4260 234 4319 Lurida
254 4261 317 4318 tabe
332 4261 413 4319 lamis
428 4270 585 4320 sternentes
599 4280 663 4320 ora:
676 4264 783 4321 colonis

118 4357 304 4427 Competitur
317 4359 421 4429 pressis
436 4359 533 4415 senior
546 4359 649 4430 pietate
669 4359 837 4427 redundans,

121 4447 222 4520 thue
239 4449 304 4518 polo
318 4465 413 4521 passas
428 4451 542 4527 gemino
556 4467 618 4506 enm
633 4450 737 4506 lumine
752 4452 858 4522 palmas

118 4541 236 4609 Ererit,
253 4557 284 4597 os
295 4559 433 4612 reserans,
445 4544 537 4619 largos
548 4560 611 4602 mox
625 4545 738 4603 exhibet
748 4546 858 4602 imbres.

116 4635 174 4689 Ast
188 4633 238 4688 ubi
249 4635 390 4691 concessis
404 4637 519 4692 satiatur
533 4639 626 4711 glarea
639 4637 751 4706 nimbis,

119 4727 165 4780 En
184 4725 281 4781 subito
295 4727 399 4783 exortis
409 4729 552 4799 replentur
563 4745 625 4785 rura
637 4730 784 4801 chelydris

120 4814 191 4869 Non
209 4830 275 4868 arra
290 4816 419 4890 agricolis
439 4818 533 4888 pecori
544 4833 599 4874 uon
611 4835 713 4890 pascua
729 4825 803 4885 tuta3

125 4907 277 4975 Nusquam
296 4904 370 4980 agris
382 4907 505 4979 requies,
522 4912 549 4962 et
570 4915 644 4963 certa
659 4908 783 4980 pericula
797 4924 946 4982 quaquam.

124 4994 206 5062 erid
220 4992 382 5050 medicinali
397 4995 547 5051 exhibeant
565 4996 600 5052 ad
616 4995 713 5052 lunera
726 4996 784 5052 lotu

127 5088 286 5153 incertum,
301 5085 354 5140 nisi
364 5095 509 5158 patronum
524 5089 559 5142 ad
573 5086 805 5160 suffragiauotum

131 5177 217 5233 Certa
236 5182 343 5247 petant,
358 5193 413 5249 quo
428 5185 526 5234 rrroesta
541 5177 643 5245 levent,
660 5194 714 5251 quo
734 5178 815 5234 noxia
830 5179 944 5249 pellant.

133 5269 206 5345 Ergo
222 5268 270 5323 llci
286 5267 382 5325 famuli
396 5277 492 5327 contra
508 5271 567 5327 haec
580 5271 732 5327 munimina
745 5279 874 5343 poscunt,

132 5360 153 5412 h
169 5374 226 5429 quo
235 5368 378 5414 sumentes
392 5360 575 5417 medicamina
589 5358 645 5417 lida
658 5363 764 5430 salutis,

133 5447 196 5504 llos
212 5447 361 5505 benedicto
370 5449 433 5505 oleo
448 5450 595 5507 maledieta
609 5469 716 5508 venena
727 5452 873 5525 repellunt.

168 5535 296 5592 hlheitor
309 5537 384 5593 cultu
397 5539 501 5606 senior,
517 5550 650 5612 pertaesus
664 5543 780 5613 bonore,

168 5647 248 5718 (lot)
266 5648 368 5705 iuliani
382 5649 489 5708 scilieet
503 5651 639 5724 apostate

391 284 434 341 nn
451 284 634 343 Tnthhhhts
652 285 783 345 ohntsrl
802 288 842 345 ΕΤ
861 288 909 347 SS.
928 289 1129 347 eanmund
1147 291 1236 349 erunt
1254 290 1347 349 rum.
1362 322 1399 335 —-
1416 294 1480 351 tlh.
1501 294 1548 352 tlt.

1750 294 1804 351 538

959 421 1029 493 Alit
1043 436 1172 494 pompam
1182 421 1292 497 lugiens
1304 429 1485 479 venerantum
1499 423 1696 491 ruricolonum,

997 515 1137 571 Accelerat
1152 522 1259 570 mutare
1276 515 1379 583 locum,
1395 530 1451 571 nou
1464 523 1529 572 nota
1548 516 1692 588 requirens

997 603 1111 660 climata
1125 603 1255 679 profugii.
1273 606 1304 660 ln
1323 605 1440 660 Bruchio
1455 611 1530 660 tanto
1543 605 1653 676 hospite
1666 603 1735 660 latis

997 692 1138 748 Fratribus
1151 700 1292 763 exeeptus,
1314 691 1481 765 iamiamque
1505 692 1673 748 irretentibus
1687 692 1803 759 umbris,

998 784 1143 841 Decretam
1158 790 1235 856 parat
1250 783 1289 840 ire
1306 784 1392 850 riam3
1402 783 1548 839 turbantur
1564 783 1644 839 amici

995 879 1033 936 llc
1046 878 1165 934 retinere
1177 884 1290 949 parant3
1306 876 1487 933 nihilominus
1498 877 1545 932 ille
1559 883 1697 951 perurget.

919 978 921 982 ’
998 971 1122 1044 Coeptum
1137 972 1199 1039 iter,
1213 978 1347 1028 attestans
1362 986 1398 1027 ne
1410 971 1446 1027 sit
1462 985 1538 1026 mora
1554 968 1623 1026 lorte
1638 969 1752 1025 nrolesta

999 1065 1035 1120 Se
1047 1070 1214 1135 properante
1234 1063 1313 1136 lnga;
1327 1063 1400 1129 Post,
1412 1063 1513 1135 inquit,
1528 1078 1610 1118 causa
1625 1060 1728 1131 patebit

1000 1153 1041 1209 lle
1052 1153 1142 1209 subito
1152 1169 1167 1209 a
1176 1153 1255 1210 robis
1266 1152 1405 1225 celerique
1413 1153 1545 1227 migrasse
1559 1167 1680 1207 recessu.

999 1242 1055 1299 Nec
1068 1258 1145 1299 mora
1159 1249 1222 1315 post
1236 1251 1345 1299 nectem
1361 1241 1472 1298 lictores
1486 1241 1595 1312 hospita
1609 1240 1719 1311 pulsant

999 1335 1114 1403 Limina,
1135 1343 1277 1408 portantes
1291 1335 1412 1407 peruersi
1428 1335 1518 1391 edicta
1532 1333 1641 1406 tyranni
1653 1332 1742 1403 (tout,

999 1426 1076 1481 llunc
1090 1426 1149 1498 qui,
1167 1427 1317 1492 destructo,
1335 1441 1391 1497 quo
1411 1431 1519 1480 rexerat
1533 1423 1654 1499 agmina,
1676 1422 1805 1489 elaustro,

999 1514 1171 1570 l'unebrihus
1182 1514 1268 1584 iussis
1281 1514 1423 1570 mandarat
1435 1513 1540 1584 ubique
1553 1510 1668 1583 requiri.

1000 1607 1129 1665 Frustrali
1144 1608 1225 1670 votis,
1239 1607 1333 1682 llagus
1347 1614 1399 1674 est,
1415 1613 1445 1662 ut
1459 1605 1569 1672 dicitur,
1586 1604 1645 1668 illi;

999 1698 1069 1753 llcra
1085 1697 1210 1753 teruntur
1221 1713 1284 1752 eum
1295 1696 1410 1771 magieis
1424 1694 1525 1750 callere
1540 1692 1639 1749 lutura.

961 1787 1047 1865 Bllle
1062 1786 1148 1842 eremi
1161 1793 1269 1842 secreta
1278 1786 1384 1861 legens,
1399 1792 1522 1840 semotus
1536 1782 1565 1838 iu
1578 1797 1680 1837 annum

1000 1881 1096 1937 Ferme
1111 1880 1214 1948 madet,
1227 1880 1326 1947 donec,
1347 1878 1418 1934 lania
1436 1878 1577 1953 vulgante,
1592 1873 1717 1940 nitescit;

998 1969 1116 2043 lamque
1131 1986 1228 2025 carens
1243 1968 1357 2036 latebra,
1369 1968 1450 2024 terris
1462 1967 1536 2023 bene
1551 1973 1634 2021 notus
1649 1963 1722 2019 Eois.

999 2062 1110 2133 Appetit
1120 2061 1257 2133 aequoreis
1275 2061 1385 2117 tandem
1400 2076 1431 2115 se
1446 2059 1575 2115 claudere
1587 2056 1689 2112 arenis.

999 2153 1225 2224 lliseipulustunc
1234 2153 1385 2211 adveniens
1394 2152 1530 2207 Adrianus
1545 2151 1580 2205 ab
1593 2150 1648 2206 oris

999 2245 1078 2301 Forte
1094 2245 1257 2313 Palaestinis,
1271 2246 1369 2317 pandit
1384 2245 1499 2316 periisse
1515 2242 1664 2299 uelandum

1000 2336 1087 2413 llegni
1107 2338 1318 2413 sceptrigerum,
1333 2336 1430 2393 Christi
1445 2350 1561 2408 regnare
1573 2334 1701 2389 clientem
1720 2331 1806 2402 (loa),

1000 2429 1349 2502 llortaturquemonaslerii
1365 2428 1484 2485 recidiva
1496 2426 1614 2500 reposci.

998 2519 1165 2592 llhuuitjiste
1180 2519 1266 2576 decus
1279 2518 1398 2594 lugiens,
1418 2534 1474 2574 non
1490 2516 1564 2572 bella
1577 2522 1725 2581 renutans3

1000 2610 1055 2667 Nee
1071 2610 1249 2667 reverebatur
1263 2610 1391 2681 pauidus,
1407 2610 1453 2682 qui
1468 2624 1552 2683 regna
1562 2622 1678 2679 perosus

1000 2704 1138 2776 [leviaque
1158 2703 1310 2777 ingressus,
1325 2703 1464 2758 conducto
1480 2700 1586 2755 interna
1599 2698 1717 2765 carnelo,

1000 2802 1050 2857 Per
1070 2802 1129 2878 loca
1139 2809 1214 2858 vasta
1226 2799 1421 2856 Farbotonium
1441 2796 1601 2870 perducitur
1614 2795 1720 2850 urbem.

996 2894 1043 2945 Ast
1057 2890 1192 2945 Adrianus
1201 2890 1308 2945 honore
1320 2888 1415 2944 calcus
1426 2894 1454 2943 et
1467 2885 1597 2943 culminis
1610 2900 1678 2940 aura

996 2978 1139 3046 Perllatns,
1152 2977 1230 3034 vellit
1244 2977 1323 3033 iuriis
1337 2983 1366 3033 et
1376 2976 1471 3032 lraude
1484 2975 1657 3049 magistrum,

996 3073 1027 3128 Et
1041 3071 1112 3127 male
1128 3071 1322 3143 protritisquae
1333 3070 1372 3125 iili
1389 3067 1507 3144 leganda
1526 3066 1631 3122 dicarat

956 3174 981 3245 C
997 3160 1083 3236 larga
1096 3175 1207 3226 manus,
1220 3168 1315 3231 spreto
1330 3156 1425 3213 infelix
1437 3156 1513 3212 senis
1527 3171 1576 3211 ore
1587 3152 1718 3219 recessit3

996 3253 1100 3328 Regius
1114 3251 1187 3308 baud
1202 3254 1313 3327 longum
1327 3249 1408 3306 morti
1424 3264 1506 3320 quem
1521 3246 1635 3303 moritus
1649 3244 1753 3318 adegit.

1030 3343 1139 3397 Zonano
1159 3339 1358 3409 seniorjunoto
1372 3336 1449 3393 subit
1463 3336 1537 3391 edita
1552 3335 1651 3391 classis

994 3431 1115 3488 Siciliam
1136 3430 1285 3496 tendentis,
1300 3446 1334 3485 ea
1346 3429 1432 3484 scissa
1447 3427 1529 3483 Adria
1543 3427 1630 3498 puppi

996 3525 1063 3579 llum
1077 3523 1188 3596 legitur,
1202 3522 1295 3578 subito
1310 3519 1433 3577 naucleri
1449 3519 1521 3574 lilius
1532 3524 1591 3573 atro

995 3617 1281 3688 Flaminecorreptus,
1291 3617 1468 3687 clamansque
1477 3614 1514 3670 ita
1524 3613 1639 3686 prodero
1651 3610 1753 3668 l'ervct:

997 3707 1118 3763 llilarion
1134 3723 1193 3774 cur,
1208 3721 1290 3761 serve
1305 3704 1363 3767 liei,
1379 3720 1431 3759 noe
1446 3702 1604 3775 insequeris
1618 3701 1701 3757 undis

996 3798 1061 3854 Esse
1074 3798 1140 3853 licet
1154 3804 1239 3861 tutus,
1251 3795 1370 3867 spatium
1385 3794 1420 3850 da
1435 3802 1549 3867 tangere
1562 3800 1647 3848 terras

996 3894 1044 3948 llic
1059 3892 1127 3947 imas
1142 3907 1177 3947 ue
1193 3890 1350 3962 praecipiter
1360 3888 1494 3961 depulsus
1501 3888 1628 3959 abyssos.

996 3980 1045 4036 llle
1061 3979 1269 4054 dolensretegi:
1287 3979 1417 4044 Romane,
1432 3978 1504 4032 lleus
1518 3993 1553 4032 en
1566 3992 1658 4045 mens,
1670 3975 1769 4048 inquit.

995 4068 1023 4123 Si
1039 4069 1116 4136 sinit,
1130 4069 1176 4124 hic
1189 4069 1298 4134 soeius3
1315 4068 1452 4140 prohihet,
1469 4067 1511 4123 siu
1526 4067 1572 4122 ille
1583 4066 1684 4122 morari

995 4158 1103 4214 luridia
1115 4159 1189 4230 quod
1200 4158 1259 4234 agis
1270 4166 1444 4229 peccatorem
1459 4166 1542 4230 atque
1552 4153 1719 4211 vacantem?

995 4247 1048 4302 Sed
1061 4253 1139 4319 patre
1150 4247 1232 4304 dante
1252 4245 1335 4303 fidem
1349 4246 1464 4325 reliquis
1479 4261 1534 4302 non
1549 4245 1663 4301 eredere
1679 4241 1772 4309 terris,

995 4342 1133 4416 Expurgat
1142 4341 1210 4398 vitio
1224 4358 1353 4413 puerum,
1365 4341 1563 4415 ingressusque
1578 4338 1805 4404 PaehimumlPa·

1630 4434 1772 4507 lelaphum)

997 4525 1074 4592 Quod
1081 4525 1172 4583 selum
1183 4533 1322 4597 superest,
1331 4525 1415 4581 rebus
1425 4524 1500 4597 quod
1508 4530 1590 4580 restat
1600 4539 1699 4601 egeno.

956 4599 984 4667 D
998 4621 1060 4677 Fert
1073 4637 1122 4693 pro
1137 4622 1230 4688 naulo,
1243 4620 1421 4696 Euangelium
1434 4620 1509 4693 quod
1524 4619 1675 4690 scripserat
1687 4617 1754 4674 olim

998 4715 1060 4786 lpse
1070 4730 1154 4770 manu
1170 4714 1292 4786 propria,
1308 4714 1391 4769 nituit
1405 4714 1470 4770 dum
1482 4713 1572 4785 prima
1582 4712 1708 4782 juventa.

998 4809 1102 4884 Navigii
1112 4810 1203 4866 renuit
1215 4811 1353 4879 dominus,
1369 4810 1434 4879 nisi,
1450 4810 1558 4877 codice,
1572 4814 1659 4865 reste.

998 4901 1038 4957 lle
1050 4917 1167 4958 cernens
1181 4902 1289 4974 inopes.
1306 4901 1423 4958 Laetatus
1437 4917 1520 4977 egere
1534 4901 1645 4968 beatus3

998 4995 1030 5049 ht
1045 5010 1080 5049 ne
1093 5001 1234 5065 promatur
1247 4995 1402 5051 meditullia
1416 4995 1513 5051 transit
1527 4994 1556 5049 in
1569 5010 1644 5060 arva,

1000 5083 1140 5154 lignaque
1153 5082 1287 5139 decidens
1300 5085 1432 5141 humeros
1447 5084 1581 5141 onerabat
1594 5079 1716 5145 alumni;

997 5176 1055 5241 Quo
1069 5176 1204 5232 redeunte
1215 5176 1259 5232 dic
1273 5177 1361 5248 pretio
1376 5193 1426 5248 pro
1441 5176 1564 5249 pondere
1576 5180 1686 5244 sumpto

997 5269 1078 5325 Panis
1087 5285 1168 5340 opem
1188 5271 1232 5327 tali
1247 5271 1467 5328 sibimetsudore
1480 5269 1624 5343 parabant.

997 5364 1102 5418 lnlcrea
1114 5362 1187 5418 Petri
1201 5363 1314 5435 quidam
1328 5363 1400 5419 intra
1415 5363 1511 5419 limina
1524 5362 1616 5418 hornae

996 5456 1154 5512 ltaemonico
1174 5458 1274 5514 elamat
1286 5459 1423 5515 scutarius
1437 5457 1537 5529 impeto
1549 5460 1653 5525 mptus,

1032 5658 1103 5731 (163)
1121 5660 1306 5718 loviniauum.
