3840 6106
23 251 25 255 '
119 245 174 301 639
467 239 653 297 subnotant
673 239 824 297 caueatur
844 238 1008 297 asnensis
1027 237 1196 296 OPUSCULA
1214 236 1368 296 ammes
1730 240 1781 297 cttt

121 377 208 448 lnque
221 375 267 431 via
280 375 449 432 Nomentana
464 373 559 446 procul
573 372 645 428 Urbe
660 372 786 429 recondit
941 378 964 445 Α
976 370 1107 442 Tegmine
1119 368 1235 442 ciniphii
1250 384 1352 440 corpus
1365 377 1491 425 tenerum
1505 376 1617 442 asperat
1632 370 1713 433 hirci,

120 468 240 524 llillibus
254 475 285 522 ut
296 475 412 539 septem,
427 483 489 522 cum
505 480 577 536 papa
595 464 725 520 hiventius
740 464 807 532 illic,
977 464 1065 535 Atque
1080 463 1222 519 beatorum
1237 462 1349 518 tumulis
1362 469 1464 517 astrata
1477 462 1627 527 recumbit:

121 559 296 634 Sarcophago
310 568 340 615 ut
351 559 439 627 iuncti
459 556 576 613 flammis
595 557 766 612 tumulentur
780 556 807 611 in
823 571 888 614 uno.
977 552 1087 607 Obtiuet
1102 568 1116 606 a
1131 557 1225 607 sancto
1241 550 1368 621 precibus
1387 551 1452 606 dum
1467 549 1588 621 praesule
1602 551 1680 607 Sixto

120 647 291 705 Theodotum
307 647 406 719 recipit
420 647 503 702 modo
512 661 628 717 corpore
640 645 735 701 tumba
747 661 889 713 aeonum
979 641 1041 695 llaec
1050 641 1078 694 iu
1092 656 1155 695 rura
1165 639 1226 696 loco
1241 646 1364 696 sacretur
1378 640 1525 712 episcopus
1540 640 1588 696 illo

120 737 238 808 Spiritus
253 753 269 791 a
283 737 365 792 sociis
380 745 407 791 at
422 751 476 791 uon
490 734 658 791 discernitur
670 735 765 790 ethra.
976 728 1138 800 llanyribus
1153 729 1267 805 dignum
1282 737 1345 802 post
1358 728 1531 785 exhibiturus
1545 730 1698 794 honorem3

121 828 300 885 llembrorum
317 830 403 883 lmma
416 826 744 898 triumphantumdevotn
754 825 887 897 sepultrix
977 822 1139 880 Pontificem
1149 824 1189 880 sic
1204 823 1355 880 indelocus
1366 832 1516 881 consuetus
1527 824 1642 880 habere.

862 948 966 1005 CAPUT
991 949 1037 1005 lll.

536 1053 572 1113 Pe
590 1052 738 1114 relatione
752 1051 852 1113 Plinii
866 1059 892 1111 et
906 1052 1024 1111 ultione
1039 1051 1132 1111 tertia
1142 1051 1370 1129 persecutionis.

120 1189 244 1263 lienique
258 1198 286 1246 et
299 1191 344 1248 hic
357 1193 451 1264 plures
465 1192 548 1248 variis
560 1201 588 1247 et
601 1190 726 1262 partibus
743 1191 819 1247 orbis
974 1190 1045 1244 llum
1054 1189 1116 1247 coeli
1133 1189 1263 1258 flammis,
1281 1191 1389 1247 eineres
1402 1190 1528 1249 consedit
1542 1192 1572 1246 in
1586 1192 1668 1247 imos.

119 1280 292 1351 Tempestate
306 1281 358 1336 sub
378 1284 430 1336 liae
444 1281 584 1337 terrestria
599 1296 684 1354 regna
699 1279 889 1352 triumpbnut;
975 1279 1035 1334 Mox
1050 1279 1165 1334 Romani
1175 1279 1252 1334 orbis
1263 1280 1324 1336 loca
1334 1281 1441 1336 telluris
1454 1281 1645 1353 triaquredam

120 1370 271 1427 Funeribus
284 1389 402 1443 qnorum
413 1379 553 1443 permotus
574 1372 679 1428 Plinius
694 1388 766 1429 nnus
976 1370 1110 1426 Funditus
1123 1370 1255 1426 absiliunt
1267 1371 1336 1427 Asiae
1348 1387 1483 1429 concussa
1496 1380 1620 1429 tremore
1628 1387 1637 1439 ;

120 1462 248 1519 Ecclesiae
260 1471 423 1519 vastatorem
439 1463 491 1519 lert
505 1471 612 1536 sceptra
622 1464 730 1539 regenti
977 1463 1109 1526 Quattuor
1122 1477 1272 1534 exaequans
1286 1461 1368 1519 tcllus
1381 1463 1435 1518 sibi
1448 1463 1558 1519 subruit
1569 1463 1666 1519 urbes.

118 1549 232 1619 Traiano
248 1552 386 1608 monitus:
409 1573 422 1604 a
445 1553 590 1609 llominnm
608 1553 753 1609 mitissima
766 1567 840 1608 saevo
940 1587 963 1654 B
977 1554 1079 1609 Graecia
1094 1569 1149 1625 quo
1162 1554 1288 1628 geminas
1302 1565 1388 1619 motu,
1404 1570 1460 1627 quo
1474 1555 1561 1610 Callia
1576 1555 1682 1628 perdit,

118 1643 196 1698 Omni
213 1659 283 1715 pene
297 1644 342 1699 die
361 1655 473 1701 ruerent
486 1653 516 1701 ut
531 1645 618 1700 millia
634 1644 706 1700 ierro
976 1643 1156 1716 Antiochique
1170 1645 1245 1716 Syrte
1264 1659 1328 1715 pars
1337 1644 1456 1700 maxima
1469 1644 1595 1701 concidit
1607 1645 1695 1701 urbis.

119 1731 160 1786 Nil
172 1740 267 1789 contra
283 1735 359 1808 leges
374 1735 551 1806 Romanaque
563 1735 626 1805 jura
644 1741 800 1809 gerentum,
975 1734 1126 1790 Nessolarn
1139 1736 1200 1791 baec
1214 1735 1352 1802 homines,
1366 1735 1434 1808 quin
1449 1735 1566 1806 perculit
1580 1735 1650 1792 ultio
1663 1735 1749 1802 diros,

117 1819 173 1876 Nec
184 1823 296 1877 sceleris
307 1838 376 1878 nece
387 1822 527 1894 plectendi
541 1822 676 1895 cujusque
691 1839 811 1888 reorum,
976 1826 1043 1881 lium
1059 1825 1137 1897 quasi
1148 1833 1308 1882 cunctorum
1320 1828 1445 1898 quaedam
1461 1827 1544 1883 simul
1556 1828 1623 1883 aula
1634 1828 1747 1885 deorum

118 1912 255 1969 lliChristi
270 1930 320 1986 pro
331 1915 412 1970 laude
427 1915 487 1983 bei,
501 1921 529 1971 et
542 1915 725 1972 conventibus
740 1915 837 1987 aequis.
862 1942 874 1963 .
975 1918 1118 1974 Pantheon
1133 1917 1225 1973 Romae
1238 1918 1332 1975 divino
1348 1919 1504 1975 incenditur
1519 1920 1597 1995 igne,

117 2005 253 2062 Rescribit
272 2007 404 2076 Traianus
423 2008 457 2062 ad
473 2008 550 2063 haec:
574 2032 586 2056 u
608 2008 645 2063 Ne
665 2008 782 2081 quisque
805 2008 926 2080 requirat
976 2007 1052 2062 Tunc
1064 2005 1149 2062 veluti
1163 2007 1303 2078 quondam
1319 2008 1446 2078 ciniphes
1461 2008 1571 2064 Pelusia
1584 2024 1649 2064 rura

119 2092 294 2150 Christicolas
304 2095 400 2164 judex,
413 2103 441 2151 at
454 2096 552 2167 puniat
565 2103 752 2168 interceptum
773 2117 785 2148 a
979 2095 1096 2151 Umersae
1111 2095 1213 2162 subito,
1229 2105 1355 2168 quateret
1365 2097 1431 2153 dum
1442 2098 1523 2153 tertia
1538 2098 1631 2174 plage,

117 2185 336 2257 semisoporatus
348 2187 476 2259 perquotl
489 2185 640 2243 ferventior
655 2188 727 2261 ignis
977 2187 1039 2243 0rta
1053 2187 1108 2242 situ
1122 2194 1149 2242 et
1168 2187 1307 2258 squallore
1322 2188 1390 2244 locis
1403 2189 1556 2245 animantia
1570 2187 1666 2256 laedis,

119 2278 208 2346 Visus,
223 2278 372 2334 amicorum
386 2279 495 2335 insidiis
507 2279 578 2335 haud
593 2279 705 2352 dempta
714 2280 838 2346 facultas,
977 2276 1063 2331 Omne
1076 2277 1316 2346 gcuushominum
1328 2285 1405 2333 sucta
1414 2294 1446 2334 ac
1456 2294 1542 2349 pecus
1555 2294 1640 2335 urere
1649 2294 1747 2343 morsu,

121 2370 256 2425 lmodolis
273 2369 362 2425 lurum
372 2378 507 2427 vexantur
520 2378 610 2427 castra
624 2370 743 2442 piorum.
978 2367 1118 2423 Densatim
1133 2383 1222 2423 saevos
1235 2368 1263 2423 in
1278 2368 1422 2426 vibravere
1440 2370 1578 2426 colonos:

121 2458 152 2513 At
165 2474 220 2514 nou
235 2458 281 2514 ille
293 2459 462 2534 oculusvigil
472 2459 584 2515 Israelis
597 2467 713 2527 amator,
977 2462 1064 2518 ludaei
1076 2463 1159 2518 variis
1172 2461 1252 2518 effusi
1269 2464 1304 2518 ita
1313 2464 1437 2535 partibus
1449 2464 1536 2532 orbis,

121 2548 226 2620 Pupilla
239 2550 358 2606 obducta
377 2550 431 2624 legi
445 2549 519 2605 lavat
531 2550 601 2606 altor
617 2550 731 2622 iniquae,
976 2551 1132 2627 AEgyptum,
1147 2551 1267 2624 Libyam,
1287 2554 1469 2626 Cyprumque.
1486 2554 1612 2627 aliasque
1633 2556 1722 2615 calore

121 2641 179 2696 lmo
192 2641 250 2713 pari
270 2642 359 2698 rutilis
370 2658 554 2714 compensans
568 2642 662 2698 omnia
671 2642 752 2698 lance
982 2643 1069 2700 Umoti
1086 2651 1171 2698 terras
1185 2644 1275 2700 subito
1291 2643 1447 2700 infestando
1464 2644 1576 2717 quietos

123 2730 292 2802 Praepollens
301 2731 421 2787 auctoris
435 2747 507 2804 opus
516 2733 636 2805 ,hujusce
653 2732 765 2789 nefandi
980 2735 1115 2805 Turbant,
1128 2752 1161 2793 ac
1173 2752 1274 2792 vacuos
1288 2735 1346 2792 lere
1360 2735 1427 2793 dant
1442 2737 1595 2793 cultoribus
1613 2753 1705 2813 agros.
1738 2766 1745 2775 -

68 2812 73 2825 '
125 2820 226 2877 Evertit
244 2820 370 2886 sceleris,
380 2822 481 2879 domus
493 2837 577 2878 aurea
591 2829 662 2879 tacta
672 2821 789 2879 Neronis

876 2925 980 2982 CAPUT
1002 2926 1043 2982 lv.

781 3035 819 3093 lie
831 3043 934 3096 sancte
951 3034 1037 3096 Sinto
1054 3053 1143 3115 pape.

58 3153 62 3160 ’
124 3168 215 3224 Sixtus
229 3167 413 3225 Alexandrum
427 3169 563 3241 sequitur,
574 3170 620 3242 qui
636 3168 757 3225 culmina
774 3170 849 3226 sedis
942 3174 967 3243 f,
982 3171 1175 3246 subiectisque
1189 3173 1272 3244 hujus
1287 3176 1434 3231 moderans
1448 3174 1570 3250 insignia
1582 3174 1671 3240 sedis,

124 3260 224 3316 Nactus
239 3262 409 3332 apostolicae,
426 3263 549 3336 regimen
560 3261 684 3335 disponit
697 3263 823 3331 honeste,
982 3262 1031 3328 Qui
1044 3271 1146 3336 martyr
1160 3272 1320 3336 penetrans,
1337 3266 1456 3322 Adriano
1469 3267 1597 3339 principe
1608 3267 1714 3330 mlum,

127 3350 199 3405 Uans
215 3351 356 3406 tractanda
375 3351 423 3407 Uei
433 3351 500 3407 solis
511 3367 588 3407 sacre
602 3367 668 3408 vasa
680 3351 823 3419 ministris,
982 3353 1065 3406 Busta
1082 3368 1163 3409 secus
1177 3353 1249 3410 Petri
1264 3355 1361 3411 tumuli
1376 3356 1490 3413 sortitur
1503 3357 1649 3413 honorem.

882 3479 987 3536 CAPUT
1010 3481 1040 3535 V.

583 3582 624 3642 De
635 3583 749 3643 sanctis
763 3578 898 3654 Catulle,
916 3583 1055 3643 Amantio
1071 3591 1097 3643 et
1110 3585 1201 3645 sociis
1218 3601 1332 3645 eorttm.

127 3739 255 3812 Plerique
269 3740 331 3798 caeli
346 3756 432 3816 regan
445 3741 520 3798 dicto
535 3739 661 3813 principe
986 3718 1018 3774 Ut
1030 3721 1078 3792 qui
1088 3728 1183 3779 tenere
1198 3723 1367 3782 Christianos
1379 3733 1494 3782 venerat

126 3834 254 3891 Mercede
268 3834 323 3891 iusi
341 3842 549 3908 consequuntur
565 3833 721 3911 sanguinis,
984 3816 1023 3871 55²
1037 3816 1096 3888 iPse
1111 3822 1218 3884 tent¹¹⁸3
1228 3818 1276 3890 (Uli
1286 3818 1403 3874 Siluissffl
1416 3817 1514 3875 i⁰l¹0f0

127 3925 280 3981 bacchante
294 3925 367 3980 nube
376 3931 449 3980 retro
468 3925 551 3996 coepti
567 3924 695 3980 turbinis.
987 3905 1152 3978 PP⁰PPU¹Plt
1165 3905 1256 3973 ⁸¹¹¹U⁸1
1271 3906 1364 3963 saltui
1375 3906 1449 3963 idem
1459 3907 1578 3963 5¹¹1oessss-

127 4015 234 4072 pafaqp
245 4024 319 4073 ,spa
333 4031 415 4071 wne
430 4022 495 4072 punc
509 4016 648 4079 (maurini,
986 3998 1062 4053 Uunc
1080 4014 1184 4069 preses
1198 4014 1269 4054 arcae
1288 3997 1472 4054 Christianum
1491 3998 1597 4054 aerariae

126 4105 165 4159 Ad
179 4120 263 4177 quem
280 4105 430 4160 tenendum
440 4104 514 4175 qnod
529 4102 584 4159 fide
602 4103 778 4160 firmissimus
983 4090 1098 4154 Quidam
1110 4088 1229 4146 Adsi⁸¹¹0
1241 4089 1456 4160 ‘lflPP‘v'hendens
1470 4089 1596 4154 1111111111ῑὶ

129 4196 329 4270 etuiutptmis
347 4196 663 4269 superstruemus,
983 4180 1033 4246 tui
1053 4180 1226 4234 consularem
1235 4177 1330 4278 dirisi
1343 4177 1489 4277 uictarum,

127 4290 260 4346 Sermone
274 4289 376 4345 multos
389 4287 554 4359 actibusque
568 4288 703 4343 roborans
984 4271 1042 4337 QUO
1063 4269 1201 4327 Cerealem
1216 4276 1318 4323 i¹¹¹0¹²l
1335 4281 1483 4332 V¹⁰³l¹1¹fflt

129 4380 158 4432 ln
169 4378 230 4452 lege
250 4376 360 4445 Christi,
376 4376 495 4433 Cerealis
509 4376 635 4441 mittitur,
985 4363 1114 4438 Cumque
1130 4362 1228 4418 beatus
1241 4360 1384 4435 stringitur
1399 4359 1542 4427 Gaetuliae,

128 4469 240 4543 Collega
254 4467 333 4535 cujus
349 4466 479 4523 militarat
491 4465 644 4532 Amantius,
947 4505 972 4572 D
986 4461 1023 4514 Ac
1036 4457 1192 4513 Primitivus
1206 4470 1324 4526 cumque
1337 4453 1378 4508 eis
1391 4451 1544 4520 Amantius,

127 4560 177 4627 Qui
189 4577 271 4617 carne
284 4558 369 4616 irater
382 4574 415 4615 ac
428 4556 484 4614 tide
498 4557 604 4614 tetulit
619 4575 627 4623 3
986 4550 1053 4605 Tum
1072 4544 1176 4603 Cereali
1191 4544 1344 4601 consularis
1359 4542 1498 4599 infremit:

126 4655 248 4728 Uterque
262 4653 485 4730 gratusAdriano
498 4652 628 4724 principi,
711 4697 712 4700 ,
990 4631 1282 4691 rvitaetibisiclacta
1296 4631 1488 4729 desperatio·
1561 4718 1567 4728 ¹

128 4752 236 4807 linceus
249 4755 376 4820 repertus
390 4747 523 4818 plurimos
537 4746 668 4802 Gaetuliae
987 4728 1124 4797 Praecepta
1136 4730 1244 4779 ‘emm
1257 4727 1287 4776 ut
1301 4736 1401 4792 Pf⁰0i1¹
1414 4719 1616 4775 d0¹¹¹¹¹¹⁸¹¹²¹¹¹m

125 4841 247 4901 Fratrem
263 4839 404 4897 tribunum
424 4838 578 4911 propalavit
597 4837 751 4893 Amantium
986 4823 1016 4876 ln
1028 4817 1150 4875 universi
1165 4816 1249 4873 rebus
1258 4813 1335 4872 orbis
1349 4809 1531 4912 principum?
1553 4832 1564 4861 ι

129 4934 202 4990 hletn
214 4931 327 4989 Adriani
344 4932 390 5005 qui
407 4932 508 4988 latebat
521 4930 650 4995 abditum
988 4912 1035 4968 Cui
1045 4909 1180 4967 Cerealis:
1203 4928 1214 4957 r
1236 4907 1351 4977 lnsnper
1362 4901 1519 4960 contradidi

129 5023 216 5088 Quem
232 5021 350 5078 Cerealis
361 5021 436 5077 haud
451 5021 535 5092 opine
548 5027 685 5076 contuens
988 4999 1157 5058 Visiltliouis
1171 4999 1284 5072 inlegrae
1296 4992 1438 5049 molimine
1500 5081 1505 5091 .

131 5117 229 5171 Plenus
243 5115 347 5172 sodalis
358 5113 389 5169 lit
400 5113 489 5169 salute
503 5111 617 5187 gaudio,
829 5100 833 5107 ’
989 5096 1091 5151 Census
1105 5093 1227 5168 fugaces,
1239 5097 1267 5147 et
1279 5086 1375 5161 redegi
1393 5083 1421 5139 in
1432 5080 1584 5154 pnbheum,

130 5206 275 5277 Vitamque
289 5203 373 5261 sumit
386 5204 441 5258 hoc
456 5207 565 5272 reperto
580 5198 711 5271 spiritns:
989 5190 1160 5262 Semperque
1174 5200 1218 5241 me
1231 5181 1335 5240 servire
1349 5177 1456 5233 Christo
1474 5173 1619 5246 spondeos

132 5299 196 5352 Nam
211 5297 360 5371 diligenter
373 5291 497 5349 veritatis
510 5290 614 5346 lumine
987 5278 1048 5334 Vita
1062 5275 1176 5349 perenni
1190 5271 1292 5345 pertrui
1303 5268 1387 5326 credo
1406 5274 1435 5372 ct
1453 5270 1527 5369 pete.
1551 5283 1568 5369 o·

130 5391 284 5462 Christique
301 5387 377 5444 cultu
391 5384 480 5441 abhis
495 5384 612 5439 docetur
623 5380 757 5437 Patribus.
987 5374 1053 5429 Tum
1068 5368 1236 5426 consularis:
1258 5386 1272 5417 a
1292 5364 1340 5420 liic
1354 5378 1424 5465 mort
1437 5375 1472 5415 an
1487 5373 1529 5413 vts
1542 5353 1654 5414 viveret

131 5480 245 5536 hemam
260 5479 326 5534 inde
341 5482 470 5551 pergunt,
485 5481 570 5547 atque
584 5472 659 5528 Sixto
670 5469 778 5544 praesuli
989 5462 1055 5530 tini:
1078 5482 1091 5513 a
1112 5459 1183 5516 buce
1197 5458 1260 5514 vitae
1278 5456 1305 5512 ni
1317 5455 1369 5511 irur
1384 5451 1597 5517 contenderem,

131 5572 190 5628 lien
205 5569 399 5645 baptizandum
416 5566 556 5625 Cerealem
567 5568 735 5640 suggerunt:
989 5554 1087 5611 Christi
1101 5566 1250 5623 supernam
1265 5565 1320 5605 non
1342 5543 1584 5646 laterergloriam.
1603 5560 1616 5595 a

132 5663 298 5736 Factumque
307 5659 391 5719 Saule
403 5662 474 5718 sicut
484 5659 549 5716 olim
563 5654 689 5733 contigit,
1025 5646 1132 5704 ltelisus
1142 5645 1189 5701 ille
1201 5641 1328 5699 firmitate
1343 5645 1482 5710 martyris,
