3856 6112
108 274 170 333 573
349 210 356 229 ἱ
393 268 438 324 bb
456 265 640 325 Tntbnrurs
659 262 790 321 adussit
808 262 998 321 ANTlOClllAE
1017 262 1136 326 cussis
1155 271 1245 330 Lllllil
1262 269 1341 329 ullo.
1360 299 1396 312 -
1415 267 1480 324 utu.
1501 268 1535 324 ll.
1584 312 1587 321 .
1745 246 1801 325 374

876 392 983 450 CAPUT
1003 395 1039 450 ll.

754 497 794 557 Dc
814 496 929 558 licerio
944 503 971 556 et
986 497 1164 579 Hippolyto.

107 643 167 698 liac
182 639 279 712 plures
292 637 379 694 etiam
395 635 471 692 vario
482 650 594 707 quoque
609 643 734 705 tompore
754 631 842 687 cladis
943 637 969 705 Α
984 629 1061 688 Bella
1074 633 1141 690 fide.
1158 636 1245 693 Fortis
1260 636 1341 692 miles
1354 648 1404 689 seu
1420 631 1516 690 lrande
1531 636 1672 692 subactus.

106 732 156 787 llic
170 729 273 786 Christi
288 727 401 785 athlete
416 726 510 783 multis
525 725 617 785 vicero
636 723 756 796 tropaeis.
981 721 1060 778 Saeva
1075 743 1174 784 manus
1187 727 1236 806 qui
1249 728 1276 783 in
1293 725 1384 784 vincla
1400 722 1485 791 dedit,
1506 727 1570 799 quis
1584 728 1677 784 denua
1691 727 1763 783 liber

107 820 195 876 isthic
208 818 334 875 licerius
345 818 455 874 hostem
465 815 550 872 levita
565 815 662 871 beatus
980 815 1146 889 Exemptus,
1159 812 1274 893 laqueos
1288 829 1391 890 magno
1407 817 1550 875 molimine
1565 820 1631 876 vitat

106 909 228 964 Fortiter
244 905 347 973 edidit,
358 911 468 961 certans
481 919 530 976 pra
550 904 665 960 nornine
681 899 789 958 Christi.
980 904 1013 959 Et
1026 916 1110 963 cavet
1125 909 1236 966 insidiis
1251 910 1402 964 instructus
1415 906 1449 961 ab
1464 910 1594 966 omnibus
1612 910 1710 978 hostis,

107 1001 222 1073 Septies
237 999 285 1056 hic
297 1007 396 1057 tortus.
414 999 582 1071 longumque
596 994 734 1072 ergastula
749 1009 856 1066 passus,
980 992 1094 1050 Viribus
1110 999 1233 1073 egregiis
1248 999 1343 1052 nitens
1355 993 1426 1051 male
1441 1009 1521 1054 cauta
1535 1000 1613 1071 piare
1629 1017 1636 1054 ε

104 1090 230 1146 Tandem
244 1087 410 1160 martyrium
422 1085 519 1158 capitis
533 1085 661 1140 mercede
677 1083 790 1156 pararit.
981 1084 1160 1143 llaudminus
1174 1087 1352 1162 Hippolytus,
1368 1085 1474 1145 Christo
1488 1091 1634 1162 eripiente,
1647 1094 1764 1159 solutus,

107 1182 159 1237 llic
178 1179 263 1236 etiam
280 1178 446 1250 Hippolytus
458 1175 574 1232 certavit
589 1190 675 1251 regna
685 1173 812 1246 polorum
979 1172 1187 1250 Catholicaeque
1203 1181 1282 1252 pium
1297 1173 1363 1230 fidei
1379 1195 1520 1253 regressus
1537 1198 1672 1249 amorem,

108 1272 141 1327 Ut
155 1274 282 1340 caperet,
299 1267 430 1333 dumosa,
446 1280 518 1322 novo
532 1262 579 1336 qui
599 1263 747 1319 schismate
764 1266 871 1333 captus,
981 1264 1123 1321 Sollicitus
1133 1278 1215 1326 caret
1231 1270 1294 1339 ipse
1311 1265 1400 1338 dolos,
1410 1272 1492 1329 docet
1507 1281 1590 1346 atque
1605 1275 1766 1339 cavendos3

108 1363 218 1420 Erravit
237 1361 382 1435 quondam
391 1375 442 1432 per
454 1358 536 1414 devia
550 1375 558 1425 ;
574 1357 680 1430 quique
692 1355 865 1427 triumphans
982 1355 1093 1427 Proque
1108 1355 1165 1413 tide
1177 1371 1314 1434 pugnans
1332 1360 1423 1420 ualido
1439 1373 1574 1438 earumque
1586 1366 1679 1423 duello

108 1454 141 1508 ln
153 1460 244 1510 semet
255 1467 320 1508 sese
337 1450 423 1522 prius,
435 1448 500 1505 hinc
513 1447 548 1504 ad
561 1456 662 1505 caetera
676 1446 767 1522 surgit
982 1442 1143 1515 Martyrium
1160 1445 1251 1503 lactis
1267 1446 1390 1506 renitens
1401 1452 1507 1510 illustre
1521 1456 1634 1512 decorat

873 1572 978 1632 CAPUT
998 1572 1046 1629 lll.

676 1681 715 1741 Dc
728 1688 830 1742 saacto
847 1680 957 1752 Phoco,
976 1673 1065 1737 Petro
1077 1680 1102 1732 et
1118 1674 1266 1732 retnis.

108 1826 220 1884 Nobilis
235 1826 280 1882 hic
298 1824 399 1881 Phocae
413 1828 563 1880 veneratur
581 1834 671 1894 agone
689 1819 855 1891 triumphus.
982 1815 1044 1871 blcx
1058 1819 1088 1868 ut
1103 1810 1241 1867 basilicae
1259 1823 1463 1892 comprenderit
1475 1823 1546 1880 ostia
1559 1824 1641 1880 laesus

109 1924 162 1990 Qui
184 1930 246 1994 past
258 1919 429 1993 multiplices
443 1934 493 1991 pro
509 1917 650 1973 salvatore
663 1915 813 1987 palaestras,
982 1906 1117 1979 Martyris,
1132 1904 1259 1965 eruitur
1276 1921 1390 1971 vacuata
1400 1917 1462 1990 lege
1477 1916 1588 1972 veneni.

109 2016 237 2081 Qualiter
251 2014 370 2086 antiquo
385 2027 460 2068 nunc
476 2011 511 2066 de
524 2016 654 2081 serpente
670 2008 829 2078 triumphet,
983 2000 1078 2057 Petms
1091 1999 1197 2056 levites
1208 2000 1258 2058 hic
1275 2004 1519 2082 hermogenesque
1534 2011 1675 2080 coluntur,

109 2112 203 2182 thue
220 2105 400 2179 triumpharit
418 2102 530 2176 populis
546 2116 581 2155 an
602 2099 731 2172 panditur
749 2098 831 2153 isthic
851 2114 859 2152 :
984 2095 1140 2151 Demetrius
1156 2100 1264 2168 praesnl
1281 2117 1332 2158 nec
1343 2117 1399 2158 non
1415 2103 1651 2172 levitahnianns3

108 2207 183 2260 llum
197 2216 317 2273 serpeus
331 2203 356 2255 sl
374 2197 444 2255 lorte
463 2195 520 2252 loci
533 2191 726 2266 perstrinxerit
744 2191 841 2256 ullum,
949 2184 1130 2285 BEUSlOSlUS
1144 2185 1265 2255 parlier,
1286 2189 1385 2263 Viglssll
1401 2206 1463 2245 0¹11ss
1483 2193 1653 2247 venerandis

112 2295 202 2349 [lente
217 2287 384 2349 venenifera
398 2286 475 2342 uirus
489 2283 592 2340 lethale
607 2280 790 2354 profundens,
993 2276 1184 2348 hesplendent
1199 2279 1293 2347 sociis,
1309 2280 1381 2336 lucis
1396 2279 1479 2336 simul
1493 2281 1599 2337 aethera
1620 2283 1719 2338 nactis.

874 2411 986 2468 CAPUT
1009 2411 1050 2466 Ν.

722 2513 762 2573 De
778 2514 890 2573 sanctis
911 2510 1020 2589 Cyriao
1034 2518 1061 2569 et
1075 2509 1197 2570 lulitta.

114 2638 166 2693 llic
181 2650 251 2707 puer
265 2631 390 2707 insignis
405 2628 520 2703 Cyricus
534 2643 597 2684 cum
612 2631 700 2682 matre
713 2624 810 2682 lulitta
991 2623 1060 2679 Sunt
1067 2621 1166 2687 aculis,
1178 2622 1324 2693 decalvati,
1337 2625 1387 2680 sed
1401 2634 1429 2680 et
1442 2627 1588 2682 excoriati.

114 2723 250 2782 blirandis
264 2720 355 2777 lentur
367 2718 510 2792 quondam
526 2716 624 2771 vicisse
638 2714 749 2787 tropaeis
767 2732 775 2781 ;
989 2710 1057 2765 ilinc
1070 2710 1143 2765 lecto
1157 2711 1282 2782 appliciti
1298 2712 1394 2781 prunis
1404 2721 1532 2770 assantur
1552 2715 1580 2770 in
1596 2717 1680 2783 aeris;

118 2814 207 2885 lmpia
222 2810 355 2867 robustus
369 2813 484 2878 superat
497 2803 547 2877 qui
559 2802 676 2860 verbera
690 2809 846 2875 postquam,
988 2800 1078 2856 attriti
1096 2801 1206 2856 demum
1221 2802 1305 2857 serris
1319 2802 1478 2877 linguisque
1492 2804 1590 2860 recisis

118 2905 230 2961 Calcem
241 2901 383 2958 mordenti
395 2900 523 2969 junctam
530 2895 604 2967 capit
618 2910 667 2952 ore
680 2894 782 2966 sinapi,
988 2891 1108 2965 Martyrii
1123 2909 1233 2948 cursam
1247 2893 1347 2965 capitis
1362 2895 1512 2964 splendore
1527 2897 1665 2954 dicarunt.

119 2996 312 3068 horrendique
326 2992 410 3049 simul
424 2990 575 3047 mixturam
594 2987 661 3044 vicit
674 2984 754 3043 aceti.
986 2984 1211 3039 Annumerantur
1230 2985 1272 3040 eis
1286 2984 1367 3050 socii,
1380 2985 1433 3040 sub
1449 2987 1563 3043 nomina
1578 2989 1679 3046 Christi

121 3086 166 3142 Sic
179 3085 265 3142 claris
280 3082 338 3151 lixi,
350 3081 437 3140 vulsis
451 3080 481 3135 in
495 3093 606 3135 carcere
622 3077 692 3134 trusi
986 3074 1119 3139 Quattuor
1133 3084 1161 3130 et
1175 3077 1371 3149 quadringenti
1386 3078 1539 3134 conamina
1554 3083 1640 3151 passi.

884 3204 989 3261 CAPUT
1007 3204 1038 3261 v.

571 3315 611 3375 De
624 3315 738 3376 Donato
752 3322 778 3374 ct
792 3311 905 3373 sanctis
918 3312 983 3390 ejas
994 3321 1157 3391 sanctaque
1172 3312 1339 3390 Margarita

133 3459 245 3514 llnnatus
257 3466 286 3514 et
298 3456 463 3513 Valerianus
478 3453 526 3510 hic
539 3451 621 3508 simul
955 3450 1136 3523 CTorrnenta
1151 3466 1231 3521 passa
1246 3450 1370 3506 veritatis
1379 3467 1430 3523 pra
1441 3451 1506 3520 lide,

137 3548 194 3605 Cum
208 3551 355 3616 Restituta,
367 3548 516 3604 Fructuosa
526 3551 554 3601 et
569 3545 675 3602 caeteris
992 3541 1099 3597 Sertata
1118 3539 1206 3617 fulget
1218 3542 1293 3598 unde
1308 3543 1494 3617 sertogloriae.

143 3641 178 3696 llis
189 3658 235 3697 sex
250 3641 391 3708 renident,
407 3639 560 3712 praecluent
573 3637 717 3693 sodalibus
990 3629 1087 3686 Vicere
1100 3630 1195 3701 plures
1204 3630 1250 3687 hic
1265 3630 1413 3687 draconem
1426 3640 1560 3706 martyros

143 3729 304 3803 Triumphum
315 3730 410 3803 adepti
424 3729 548 3805 glorioso
564 3726 670 3799 praelio.
989 3720 1085 3795 ilignis
1099 3719 1194 3792 adepti
1205 3722 1279 3777 celsa
1296 3720 1377 3776 bellis
1393 3726 1516 3793 praemia.

146 3815 182 3872 llic
191 3818 330 3894 llargarila
341 3817 420 3894 virgo
431 3817 519 3874 lellur
534 3815 655 3889 Plurima
879 3882 984 3939 yrgpyyp
1005 3881 1037 3936 vl

689 3989 730 4051 De
744 3989 859 4050 sanctis
875 3984 1037 4048 Antiochia
1048 3987 1224 4064 progressis.

156 4122 195 4181 ure
206 4134 330 4185 meumes
344 4128 456 4186 civitate
467 4126 600 4201 plurimas
986 4121 1152 4197 Progressus
1164 4139 1198 4179 ex
1213 4124 1265 4180 hac
1279 4124 1350 4181 urhe
1368 4127 1529 4197 lanuarias,

156 4212 211 4272 llulti
223 4228 249 4276 et
259 4227 379 4278 remotas
393 4219 685 4293 luminarunlpalrias.
986 4213 1005 4268 F
1007 4221 1083 4269 erlur
1096 4213 1226 4270 sacerd&
1239 4215 1377 4273 GOlditsso
1397 4219 1509 4290 martyri

66 4350 69 4384 :
158 4299 331 4366 Calaedmnde
342 4310 436 4366 lumen
450 4317 541 4367 orrum
556 4307 694 4384 dogmatis
986 4300 1187 4360 Commilitonis
1202 4312 1229 4361 et
1239 4305 1418 4379 patroni·qui
1428 4307 1529 4376 vicem,

66 4446 69 4471 Ι
158 4389 666 4477 lncafideisayrmedelamgentibus3
787 4465 791 4472 ι
985 4391 1379 4469 Fortisprnbatnsexagone,
1395 4397 1524 4468 praebuit.

160 4479 311 4552 lppullinarjs
325 4490 392 4547 hina
405 4505 525 4561 sequens
538 4490 704 4560 apostolum,
985 4486 1054 4543 llinc
1068 4494 1096 4543 et
1104 4486 1225 4544 loannes
1240 4489 1332 4545 editus
1346 4491 1476 4562 Byzantio

161 4565 239 4632 Prium
256 4581 483 4637 Ravennaeverba
499 4581 562 4637 uitae
575 4579 683 4636 detulit.
984 4576 1087 4634 Praesul
1102 4579 1204 4635 diserto
1217 4580 1301 4636 comit
1315 4581 1410 4637 orbem
1421 4583 1560 4659 dogmate.

66 4707 74 4746 ε
161 4658 265 4729 lucianus
279 4675 344 4731 inde
359 4691 487 4750 egressus
501 4676 590 4731 almus
607 4672 759 4746 presbyter,
984 4669 1098 4725 [luxisse
1109 4669 1196 4726 fertur
1211 4671 1276 4728 hinc
1288 4687 1377 4748 genus
1390 4673 1535 4746 Seraphin,

161 4746 228 4815 llludi
244 4765 357 4821 salutem
372 4780 438 4822 voce
453 4772 481 4821 ct
496 4772 558 4821 actu
575 4764 738 4835 predicans,
984 4761 1041 4816 Sub
1056 4762 1177 4820 Adriano
1192 4779 1272 4834 passa
1286 4766 1377 4822 Ramae
1393 4765 1501 4823 lunera.

161 4835 246 4914 Tropaea
256 4860 352 4910 nactus
362 4860 405 4910 est
416 4854 490 4925 apud
505 4853 703 4910 Nicomediam.
944 4881 974 4950 D
987 4853 1149 4928 Pluresque,
1161 4856 1224 4912 coeli
1235 4865 1265 4913 ut
1278 4864 1349 4913 astra
1363 4859 1545 4928 lucidissima,

162 4924 253 4996 ROmana
262 4941 419 5000 Timotheus
434 4959 466 4999 ex
479 4943 524 4998 his
539 4941 642 4998 moenia
987 4947 1092 5004 isthinc
1103 4964 1153 5020 per
1165 4949 1243 5006 orbis
1258 4951 1427 5023 splenduere
1441 4952 1562 5020 climata,

161 5014 233 5085 Plleus
245 5033 312 5090 beati
330 5034 490 5091 Melchiadis
503 5042 640 5106 tempore,
987 5039 1091 5096 isthinc
1103 5041 1231 5099 Erasmus
1245 5043 1352 5113 exiens,
1373 5044 1549 5118 Campaniam

161 5106 208 5171 llum
220 5127 386 5194 predicando
400 5134 479 5205 gesta
489 5127 589 5183 Christi
600 5126 709 5198 publico
986 5131 1141 5202 Splendore
1155 5133 1217 5190 vitae
1230 5135 1357 5203 luminat,
1373 5138 1548 5211 magnalibus

160 5200 239 5286 Plllil,
251 5237 378 5280 caranum
394 5232 568 5296 promeretur
581 5221 685 5295 gloriae.
986 5221 1062 5278 Miris
1075 5238 1235 5294 coruscans,
1246 5236 1345 5284 cuncta
1360 5227 1445 5286 uincit
1460 5229 1587 5286 tormina.

867 5329 972 5387 CAPUT
993 5331 1049 5388 vu.

658 5433 697 5494 Da
709 5433 872 5495 Eustochio
886 5433 1020 5510 episcopo
1035 5442 1062 5493 ct
1076 5433 1263 5512 Euphronio.

157 5544 213 5605 llulti
223 5565 349 5627 preterea
356 5558 476 5616 renitent
489 5560 540 5616 hac
554 5559 623 5616 urbe
643 5560 762 5632 patroni,
980 5557 1096 5617 Perfecti
1117 5562 1228 5619 tandem
1240 5565 1346 5621 meritis
1360 5565 1389 5621 in
1401 5580 1469 5638 pace
1480 5566 1625 5639 quierunt.

156 5640 255 5707 Quium
268 5668 344 5724 soepe
354 5651 412 5709 suis
425 5652 532 5711 hostem
547 5659 669 5711 stravere
684 5652 843 5727 triumphis,
984 5654 1042 5722 Qua
1052 5655 1134 5714 Pater
1147 5656 1312 5715 Eustacbins
1326 5657 1439 5716 Beroeis
1452 5665 1547 5730 raptus
1560 5658 1595 5715 ab
1615 5659 1682 5729 aris,
