3848 6106
176 289 211 345 47
740 276 924 334 abundarint
944 274 1098 332 canonici
1116 275 1280 335 uuuuusts
1811 283 1848 339 ta

179 416 248 475 vini
264 417 295 472 Et
307 414 450 486 designato
468 409 521 466 sibi
532 425 607 477 vase,
623 408 652 463 iu
668 422 723 480 quo
749 406 884 464 tantillum
911 405 982 472 uini,
994 409 1022 478 Α
1036 405 1394 466 interminationevindictae
1409 409 1438 465 in
1450 426 1513 467 eum
1523 427 1585 484 quae
1599 413 1684 470 vetita
1702 415 1761 470 baec
1775 432 1848 486 prae-

179 525 229 581 pro
249 506 381 562 salvando
396 503 502 559 scilicet
513 503 622 568 eodem,
637 498 873 561 relictumluerat‚
893 495 983 553 claudi
1033 500 1206 572 sumpsisset,
1223 501 1355 559 inhibuit.
1367 503 1431 559 Post
1445 503 1552 577 aliquot
1571 523 1637 563 vero
1661 525 1749 565 annos
1777 512 1848 567 civis

180 601 313 674 praecepit
327 598 440 662 ostium,
458 597 594 668 jussoque
608 593 760 651 consistere
780 593 841 648 loco
868 591 986 647 cellera·
1034 592 1158 664 quidam,
1181 592 1294 650 nornine
1322 595 1490 664 uersinuus,
1514 612 1594 652 secus
1620 599 1708 670 ipsam
1738 607 1846 671 portam

179 689 450 763 rium;ipseveroad
475 689 589 743 alteram
616 685 834 744 accedensvasis
854 683 982 750 frontem,
1034 697 1224 750 commanens,
1240 683 1387 740 maceriem
1412 702 1467 757 qua
1490 685 1587 741 eadem
1604 688 1849 758 portafueratob-

178 779 502 854 superidem,quoderat
510 792 564 833 non
575 775 692 832 modicae
700 773 872 847 quantitatis,
882 771 984 830 Christi
1034 780 1147 839 structa,
1164 782 1194 828 ut
1208 788 1265 827 suae
1278 773 1377 829 domus
1401 773 1466 831 hinc
1482 775 1595 844 ejiceret
1618 777 1728 845 rudera,
1749 777 1848 849 perso·

178 873 292 930 adnotat
306 888 428 938 crucem,
453 872 623 941 llcctcnsquc
642 884 731 942 genua
743 883 824 923 secus
839 865 983 937 parietem,
1036 865 1115 921 ravit.
1131 865 1184 920 Sed
1193 880 1257 920 mox
1267 865 1336 922 ultio
1350 873 1425 922 tauta
1445 865 1532 922 lcrtur
1546 867 1607 936 ejus
1619 867 1763 925 audaciam
1778 885 1850 926 con-

180 963 250 1018 coelo
261 961 389 1017 devotam
402 959 497 1032 dirigit
512 974 632 1031 precem.
650 957 738 1028 Coepit
752 956 869 1022 interea,
885 952 985 1010 mimm
1035 966 1140 1024 secuta,
1153 963 1246 1013 utnon
1261 973 1357 1029 pecus,
1371 974 1424 1015 nec
1434 959 1525 1023 homo,
1538 960 1616 1016 clade
1631 962 1849 1032 superveniente

180 1055 268 1122 dictu,
294 1055 387 1110 vinum
404 1070 454 1124 per
478 1051 601 1107 loramen
629 1049 760 1122 superius
775 1047 925 1113 exundare,
953 1063 986 1103 ac
1035 1045 1063 1103 iu
1079 1046 1204 1103 eamdem
1219 1047 1383 1104 remanserit
1396 1049 1489 1105 domo.

179 1164 264 1220 supra
277 1147 465 1219 pavimentum
493 1143 668 1199 abundanter
693 1140 818 1197 eliluere.
846 1138 986 1195 Exclamat
1071 1140 1207 1206 Quaedam
1222 1139 1582 1211 puellapraeclarisaburbe
1596 1142 1693 1198 Tolosa
1707 1141 1850 1198 natalibus

179 1241 234 1296 hoc
252 1236 311 1295 viso
334 1237 505 1305 cellerarius,
518 1246 630 1308 stupore
640 1234 794 1307 perculsus.
810 1232 864 1287 Sed
878 1247 941 1287 mox
970 1248 985 1286 a
1036 1241 1106 1300 orta,
1122 1232 1235 1308 maligni
1260 1233 1375 1304 spiritus
1403 1233 1437 1289 ab
1463 1233 1580 1290 infantia
1608 1235 1754 1291 tenebatur
1768 1235 1850 1291 obsi-

180 1336 276 1385 saneto
291 1328 350 1384 viro
365 1341 518 1398 repressus,
534 1324 606 1382 naid
621 1325 710 1396 palam
726 1322 818 1390 iaciat,
832 1320 984 1376 inhibetur.
1036 1324 1247 1398 dionecaptivs.
1266 1325 1351 1390 Quam
1380 1343 1442 1382 cum
1470 1336 1568 1382 tenero
1592 1327 1733 1401 genitores
1754 1343 1850 1383 amore

181 1418 213 1475 llt
223 1417 287 1490 quia
303 1424 357 1472 tam
373 1415 438 1471 clari
452 1414 547 1469 lumen
562 1413 655 1485 operis
676 1412 792 1468 minime
819 1410 905 1469 valuit
920 1410 985 1465 abs·
1035 1413 1195 1490 diligerent,
1209 1414 1243 1468 ad
1268 1415 1426 1486 sepulcrum
1442 1415 1529 1471 sancti
1544 1414 1617 1470 Petri
1642 1415 1759 1486 apostoli
1784 1432 1850 1471 cum

179 1503 273 1568 condi,
289 1503 337 1558 ubi
345 1503 511 1559 consobrina
521 1520 571 1560 sua
581 1502 684 1559 lactum
695 1503 841 1576 comperit,
858 1502 984 1557 eamdem
1035 1523 1135 1582 magua
1149 1505 1297 1562 devotione
1313 1507 1462 1563 duxerunt.
1479 1507 1509 1562 ln
1525 1507 1631 1562 eisdem
1645 1523 1765 1578 namque
1780 1524 1849 1579 par-

181 1594 272 1649 villam
289 1595 625 1667 ipsi,etEcclesiaeipsius
636 1595 774 1667 perpetim
786 1594 983 1667 possidendam
1036 1595 1111 1651 tibus
1123 1595 1247 1650 enitebat
1269 1604 1334 1650 tunc
1359 1595 1462 1650 virtute
1485 1593 1654 1650 venerabilis
1668 1595 1849 1662 Benedictus,

177 1687 300 1751 tradidit,
318 1704 349 1743 ac
364 1688 447 1763 legali
460 1689 524 1757 jure
543 1687 728 1745 confirmavit.
999 1683 1164 1797 Bplurimis
1188 1683 1324 1757 effulgens
1336 1683 1496 1740 virtutibus.
1514 1683 1598 1753 Cujus
1612 1691 1754 1755 comperta
1765 1683 1847 1746 lama,

214 1776 283 1832 Ruic
305 1777 396 1832 simile
424 1777 509 1832 lerme
535 1777 697 1833 miraculum
718 1777 753 1831 ab
770 1776 867 1832 eodem
884 1776 986 1830 domno
1037 1774 1136 1846 puellae
1151 1780 1277 1845 patentes
1293 1773 1364 1829 hanc
1384 1773 1418 1828 ad
1446 1772 1576 1829 eumdem
1597 1775 1751 1845 perducere
1770 1781 1848 1829 sata-

176 1867 302 1942 Remigio
317 1869 345 1923 in
356 1868 412 1923 olei·
424 1869 511 1924 fertur
525 1869 633 1941 liquore
647 1875 795 1940 patratum.
813 1866 879 1923 Cum
899 1881 988 1938 aigro·
1037 1869 1115 1937 gunt,
1132 1863 1178 1935 qui
1207 1862 1301 1917 multis
1313 1862 1429 1932 jejuniis
1443 1871 1472 1918 et
1493 1863 1667 1919 orationibus
1691 1879 1740 1936 pro
1760 1864 1850 1936 ipsius

175 1966 219 2016 tus
239 1961 352 2032 quidam
368 1961 482 2016 familiae
494 1978 549 2018 uon
565 1960 707 2037 ignobilis,
724 1977 776 2016 nec
792 1968 884 2016 tamen
898 1958 987 2031 bapti·
1037 1951 1236 2008 emundatione
1260 1952 1399 2020 laborans,
1416 1969 1480 2009 cum
1494 1952 1548 2008 diri
1572 1955 1711 2025 serpentis
1725 1955 1801 2010 virus
1814 1954 1849 2008 ab

174 2059 261 2118 zatus,
278 2061 402 2107 asancto
430 2052 555 2126 Remigio
581 2069 611 2108 sc
638 2053 744 2108 visitari
768 2053 944 2124 postulasset,
960 2058 988 2107 et
1037 2062 1070 2103 ea
1091 2062 1146 2104 non
1160 2047 1293 2104 valuisset
1308 2046 1421 2115 ejicere,
1446 2047 1499 2102 hoc
1513 2052 1619 2101 tantum
1635 2046 1772 2119 responsi,
1799 2061 1851 2102 no-

172 2139 229 2208 jum
244 2126 319 2195 velut
334 2140 362 2194 in
387 2141 484 2196 ultimo
505 2140 605 2213 spiritu
621 2157 650 2196 se
670 2141 785 2197 credere
801 2142 942 2206 l'ateretur,
959 2147 988 2194 et
1037 2141 1122 2199 minis
1134 2140 1221 2197 diuini
1234 2139 1431 2206 obtestatione,
1448 2137 1607 2212 abantiquo
1620 2146 1786 2211 extorquere
1797 2153 1850 2210 po·

174 2231 308 2303 baptizari
330 2234 503 2305 deposceret,
524 2233 623 2288 heatus
645 2232 769 2304 pontifex
786 2249 802 2288 a
825 2232 987 2304 presbytero
1037 2235 1090 2292 tuit
1102 2236 1192 2301 hoste,
1209 2232 1283 2306 quod
1300 2248 1442 2305 nunquam
1471 2230 1587 2287 alterius
1599 2231 1634 2286 de
1649 2228 1748 2286 eodem
1767 2230 1850 2285 habi-

175 2320 227 2375 loci
256 2322 348 2375 oleum
378 2328 405 2375 et
428 2320 548 2376 chrisma
577 2321 733 2391 requirens,
747 2321 861 2392 iamque
877 2321 988 2392 penitus
1037 2326 1140 2393 uculo,
1156 2322 1208 2378 nisi
1224 2320 1471 2391 liuiusbeatissimi
1495 2319 1614 2394 Remigii
1630 2318 1770 2392 pontilicis
1784 2336 1850 2376 ora-

174 2409 202 2463 in
217 2409 347 2479 ampullis
367 2414 515 2480 utrumque
542 2407 680 2463 deiecisse
710 2410 886 2480 comperiens
913 2411 988 2481 ipsas
1037 2413 1161 2469 tionibus
1176 2418 1270 2483 posset
1305 2410 1415 2482 expelli.
1441 2410 1517 2465 Tunc
1540 2416 1670 2482 parentes
1693 2410 1763 2479 ejus,
1793 2418 1849 2466 tam

173 2499 309 2569 ampullas
325 2513 397 2569 pene
425 2514 525 2553 vacuas
553 2513 637 2569 super
664 2499 749 2552 aliare
766 2499 868 2568 posuit,
883 2514 987 2555 ³⁰80⁸0
1037 2511 1126 2582 ipsius
1141 2508 1215 2565 beati
1231 2505 1385 2573 Benedicti,
1407 2520 1488 2577 qnam
1505 2502 1588 2559 etiam
1612 2502 1762 2559 Gothorum
1775 2503 1851 2580 regis

174 2589 202 2643 in
218 2587 342 2643 oratione
371 2587 529 2658 prostravit.
551 2588 673 2661 Surgens
697 2595 789 2642 autem
812 2589 847 2643 ab
863 2590 987 2645 oratione
1037 2602 1136 2658 Alarici
1170 2598 1299 2655 affatibus
1326 2597 1477 2671 suffragati,
1499 2611 1652 2668 eorumque
1681 2595 1780 2652 litteris
1812 2597 1849 2650 ad

173 2679 283 2733 vascula
299 2676 382 2748 plena
397 2677 510 2748 reperit,
525 2683 552 2731 et
567 2675 607 2730 sic
622 2673 761 2730 infirmum
777 2677 838 2733 oleo
853 2676 988 2735 divinitus
1036 2692 1148 2748 hemum
1182 2689 1339 2763 Remigium
1367 2689 1448 2757 datis,
1482 2695 1513 2744 ut
1545 2686 1671 2754 traditur,
1705 2686 1779 2754 freti,
1813 2689 1850 2743 ad

174 2770 238 2826 <18¹⁰
251 2784 421 2844 perungens,
436 2766 624 2823 0⁰0¹²⁸i³⁸ll⁰⁰
640 2764 674 2820 de
686 2781 763 2823 ¹1¹0l0
782 2768 942 2840 baptizalil·
959 2777 988 2826 ei
1037 2785 1169 2841 eumdum
1184 2790 1309 2839 sanctum
1336 2782 1487 2840 antistitem
1510 2797 1573 2837 cum
1596 2780 1723 2836 devincta
1751 2779 1850 2836 sobole

174 2859 321 2915 chrismale
336 2858 445 2915 coeliills
468 2858 568 2914 collati)
597 2856 697 2925 linivit,
722 2859 887 2932 redditaque
911 2861 988 2916 salli·
1037 2878 1233 2947 pervenerunt,
1253 2871 1384 2929 uirtutem
1407 2872 1589 2944 deprecantes
1610 2869 1671 2938 ejus
1692 2869 1720 2924 in
1745 2885 1849 2943 purga.

168 2959 239 3047 'tate
260 2960 315 3008 tam
330 2952 428 3007 auimae
441 2953 529 3008 salute
548 2966 632 3022 quam
657 2952 783 3025 corporis
797 2953 988 3011 incolumitate
1036 2967 1378 3041 pioneprolisagnoscere,
1391 2980 1473 3036 quam
1493 2961 1671 3031 latronisjam
1697 2963 1848 3034 praescive.

174 3047 296 3103 donavit·
1037 3067 1099 3117 rant
1132 3057 1316 3115 confessione.
1350 3056 1383 3111 tt
1410 3053 1588 3110 beatissimus
1616 3049 1768 3124 Remigius,
1784 3067 1848 3107 cum

209 3136 325 3193 Humani
345 3137 465 3209 denique
480 3138 591 3211 generis
607 3137 707 3204 Mis,
720 3136 868 3194 ostendere
885 3138 987 3211 nequi·
1000 3100 1167 3206 Cdiuturna
1182 3145 1362 3203 reluctatione
1381 3160 1411 3199 se
1426 3159 1482 3200 non
1497 3159 1559 3199 esse
1580 3142 1696 3218 dignum
1712 3146 1849 3197 auereret

173 3227 239 3283 llam
255 3240 310 3281 ¹¹⁰ss
324 3225 462 3281 desistens
481 3242 538 3282 ⁸¹¹ae
566 3225 757 3301 malissssilillb
773 3227 869 3282 urbem
886 3228 985 3286 RemO·
1036 3247 1064 3297 et
1078 3238 1234 3295 humilitate
1247 3236 1328 3293 solita
1343 3243 1521 3311 repugnaret,
1548 3233 1679 3306 precibus
1694 3240 1736 3289 est
1750 3232 1848 3305 populi

173 3336 245 3386 rum,
261 3316 441 3393 surgentibus
463 3318 635 3373 llammarum
650 3318 743 3374 subito
758 3319 859 3394 globis,
882 3321 987 3377 immis·
1035 3327 1219 3401 supplicantis
1234 3325 1350 3393 evictus,
1366 3331 1397 3381 ut
1420 3325 1575 3382 orationem
1597 3341 1647 3397 pro
1670 3326 1730 3398 ipsa
1745 3323 1849 3379 lunde-

71 3448 76 3457 .
172 3412 252 3468 sione
271 3411 332 3467 dira
360 3411 516 3479 succendit,
547 3408 709 3482 crudelique
737 3413 899 3479 vastatione,
928 3415 985 3483 jam
1036 3428 1088 3489 ret,
1104 3437 1135 3477 ac
1150 3425 1297 3492 parentum
1310 3417 1439 3490 lacrymis
1450 3416 1621 3474 condoleret.
1635 3417 1738 3473 lleritis
1753 3416 1849 3488 itaque

173 3512 278 3576 partem
295 3503 352 3558 lere
377 3503 484 3560 tertiam
514 3505 700 3560 concrematio
729 3512 838 3576 peracta
854 3522 985 3563 cousum-
1035 3510 1189 3567 sanctitatis
1213 3515 1344 3575 armatus,
1360 3506 1437 3563 verbi
1455 3507 1587 3579 precepit
1601 3506 1730 3578 imperio,
1746 3515 1776 3562 ut
1786 3507 1847 3561 ini-

174 3603 266 3665 pserat
281 3612 288 3658 ;
302 3603 330 3648 et
344 3592 418 3664 quod
445 3593 586 3648 residuum
608 3599 667 3649 erat
680 3593 777 3650 victrix
790 3594 899 3652 llamma
914 3596 985 3652 lam·
1036 3615 1108 3673 quus
1121 3599 1216 3670 praedo
1241 3614 1292 3670 per
1315 3597 1390 3670 quod
1405 3597 1548 3671 ingressus
1570 3594 1661 3651 luerat
1688 3594 1847 3663 discedens,

173 3682 267 3739 hebet.
282 3682 365 3751 Cujus
377 3682 417 3737 rei
434 3683 561 3738 nuntium
587 3682 685 3738 beatus
704 3685 820 3740 antistes
833 3687 985 3759 accipiens,
1036 3688 1135 3745 christi
1155 3688 1286 3743 lamulam
1304 3686 1448 3743 relaxaret.
1475 3687 1576 3761 Sicque
1602 3704 1665 3745 cum
1691 3688 1778 3744 nimio
1795 3704 1847 3744 vo·

173 3773 207 3827 ad
222 3772 304 3828 solita
318 3771 499 3828 seseconiert
518 3772 651 3830 orationis
662 3775 801 3847 presidia.
829 3778 897 3833 etin
911 3778 986 3835 beati
1036 3782 1105 3838 mitu
1121 3789 1150 3836 et
1163 3781 1285 3837 obsceno
1300 3780 1409 3852 loetore,
1434 3797 1485 3852 per
1505 3797 1537 3837 os
1563 3796 1618 3855 quo
1644 3780 1734 3837 luerat
1758 3781 1848 3838 intro-

173 3860 273 3917 Nicusii
287 3861 415 3933 mariyt‘is
427 3861 552 3930 basilica,
568 3863 617 3919 ubi
633 3873 699 3920 illuc
713 3867 845 3939 temporis
859 3869 985 3924 morandi
1035 3876 1147 3944 missus,
1163 3875 1308 3932 abscessit,
1329 3874 1383 3930 Sed
1398 3875 1480 3946 paulo
1495 3880 1569 3946 post,
1582 3875 1732 3932 recedente
1753 3876 1848 3946 ponti.

171 3950 402 4007 consuetudinem
427 3950 539 4019 fecerat,
569 3952 668 4010 Christi
701 3963 853 4026 prostratus
864 3959 987 4031 exposcit
1036 3965 1098 4033 fiee,
1114 3964 1283 4020 dumnimio
1310 3963 1404 4020 labore
1433 3964 1505 4020 lessa
1529 3971 1650 4035 nutaret,
1677 3965 1740 4021 vitae
1756 3965 1849 4022 calore

171 4038 310 4112 suffragia.
327 4039 504 4111 Surgensque
529 4040 563 4095 ab
580 4043 716 4107 oratioue,
731 4045 826 4102 oculos
838 4048 872 4102 ad
886 4048 986 4105 coelum
1036 4058 1153 4131 privata,
1168 4054 1296 4126 spiritum
1324 4053 1435 4110 vitalem
1451 4053 1554 4109 amisit.
1580 4054 1688 4111 lteratis
1702 4070 1768 4129 ergo
1783 4071 1851 4126 pre-

171 4131 280 4198 allollil·
301 4137 328 4186 θῑ
351 4131 583 4189 exclamflssscuiss
607 4135 724 4208 gemilu,
739 4137 800 4193 ³5¹³
819 4126 900 4208 beus',
914 4141 986 4197 Deus
1036 4152 1126 4219 cibus,
1153 4149 1235 4207 turba
1263 4148 1468 4220 supplicantum
1493 4147 1611 4203 recurrit
1636 4146 1670 4202 ad
1695 4146 1847 4203 medicum.

148 4237 262 4289 Ἰῐῐθῑίδ,
278 4222 447 4278 ⁸d0⁸i0l0⁰i
477 4224 673 4297 maestoque
696 4230 987 4303 ⁰⁰s81¹⁰⁰¹¹05lmper
1036 4242 1135 4298 Beatus
1149 4246 1241 4295 autem
1270 4236 1413 4311 Remigius
1439 4252 1470 4292 se
1494 4237 1588 4308 potius
1614 4243 1724 4293 accusat
1740 4237 1850 4294 facinus

171 4315 285 4392 gradus,
314 4321 377 4370 ante
411 4314 499 4385 ipsam
532 4317 675 4389 lapidibus
703 4326 804 4376 stratos
837 4323 985 4379 ecclesiam
1036 4337 1220 4404 perpetrasse,
1250 4341 1333 4398 quam
1361 4325 1487 4403 sanitatis
1516 4325 1670 4382 remedium
1685 4327 1848 4393 indulsisse,

171 4408 354 4472 descendens,
379 4407 516 4465 cillifllssm
536 4410 616 4481 Ρθῑῑῑῑ
636 4429 644 4478 3
662 4410 690 4465 5⁰
717 4411 820 4485 quibus
847 4416 984 4490 graduum
1035 4425 1236 4496 homicidiique
1246 4439 1323 4479 reum
1339 4421 1487 4490 exstitisse,
1504 4437 1560 4478 nou
1576 4421 1729 4478 remedium
1748 4431 1851 4478 contu-

172 4496 322 4570 lapidibus‚
336 4511 369 4552 80
381 4497 404 4552 Si
431 4515 515 4571 supra
541 4500 624 4556 molle
651 4500 739 4558 lulum
767 4503 910 4577 depressa,
932 4465 1022 4564 hun
1034 4517 1109 4572 lissa.
1124 4515 1210 4591 lgitur
1224 4513 1356 4570 adsencti
1375 4512 1491 4569 loannis
1510 4512 1664 4577 basilicam,
1681 4512 1729 4568 ubi
1745 4528 1849 4586 corpus

171 4589 283 4662 dieque,
298 4589 333 4646 ad
357 4591 519 4646 memoriam
548 4592 634 4648 divini
659 4593 796 4664 miraculi,
824 4597 932 4673 signata
942 4602 984 4658 vi·
1031 4604 1144 4675 jacebat
1158 4603 1294 4673 exanime,
1316 4603 1412 4675 populi
1441 4603 1573 4658 obtentus
1587 4603 1784 4675 deprecatione
1804 4621 1849 4658 re-

170 4685 270 4735 suntur
287 4678 413 4753 uestigia.
429 4677 574 4752 celerique
598 4681 776 4740 festinatione
794 4684 984 4760 deproperans
1034 4694 1169 4771 graditur,
1186 4694 1282 4767 ibique
1301 4709 1363 4750 cum
1392 4692 1522 4765 lacrymis
1545 4693 1579 4749 ad
1604 4693 1761 4766 pavimenta
1783 4709 1851 4749 sau-

168 4787 199 4827 se
221 4768 339 4826 dammis
363 4769 477 4840 objecit,
506 4773 664 4848 statimque,
693 4783 723 4830 ut
750 4784 864 4835 extensa
887 4791 984 4839 contra
1034 4795 1141 4845 ctorum
1156 4787 1185 4842 in
1200 4787 1325 4843 oratione
1352 4786 1548 4859 prosternitur,
1564 4793 1593 4842 et
1618 4784 1742 4858 reliquus
1762 4790 1794 4839 ut
1809 4784 1848 4839 ita

168 4864 262 4939 ignem
291 4864 421 4929 dextera,
452 4865 562 4941 signum
596 4866 686 4924 crucis
716 4883 778 4924 cum
808 4870 983 4932 invocatione
1034 4877 1343 4934 lacerentadhortatur.
1359 4877 1428 4932 llinc
1456 4875 1849 4949 effusolacrymarumimbre

168 4952 267 5009 Christi
282 4953 404 5010 nominis
418 4954 518 5022 edidit,
535 4963 622 5013 totum
651 4957 720 5013 illud
739 4957 909 5031 incendium,
931 4964 986 5020 lra-
1034 4986 1214 5046 consurgens,
1226 4969 1527 5040 suscitavitmortuam,
1542 4986 1624 5042 quam
1649 4968 1727 5041 prius
1740 4983 1848 5042 purga.

168 5048 212 5098 028
221 5048 249 5098 ei
264 5041 292 5096 iu
307 5057 370 5097 8080
384 5041 467 5098 relisa
482 5043 595 5108 virtute,
619 5046 732 5111 Cedere,
746 5054 829 5120 Eique
854 5061 916 5107 ante
932 5054 984 5110 viri
1034 5071 1077 5120 pal
1091 5065 1243 5121 obsessam,
1260 5063 1324 5128 Quae
1339 5062 1477 5135 protinus,
1492 5063 1667 5134 apprehense
1679 5076 1763 5116 manu
1775 5075 1847 5130 pen.

168 5133 216 5189 ⁰05
232 5133 408 5206 Plffl⁸0¹¹li³m
432 5135 513 5207 quisi
536 5135 632 5212 sugere
657 5139 751 5210 coepil·
782 5139 859 5204 Quod
886 5143 984 5202 beatus
1033 5147 1127 5225 tiliois,
1160 5173 1224 5213 cum
1248 5155 1356 5231 integra
1380 5155 1570 5211 incolumitate
1598 5152 1728 5221 surrexit,
1752 5159 1781 5208 et
1810 5153 1846 5207 ad

63 5234 65 5239 '
169 5223 311 5298 Remigius
328 5226 488 5297 insequens,
520 5235 592 5284 etse
617 5229 689 5285 iuter
715 5231 807 5307 ignem
829 5243 981 5309 eteaquae
1033 5246 1145 5318 propria
1161 5245 1278 5303 feliciter
1292 5245 1434 5302 remeavit,

169 5318 260 5374 adbuc
285 5315 453 5375 videbantur
482 5319 594 5388 intacta,
624 5336 687 5377 cum
718 5323 798 5396 signo
828 5328 982 5386 sanctitatis
1068 5334 1225 5403 cuiusvero
1247 5335 1391 5402 doctrine,
1407 5335 1488 5405 cujus
1510 5334 1665 5392 sanctitatis
1691 5342 1775 5407 atque
1799 5351 1847 5390 sa-

167 5420 323 5481 opponens,
353 5405 425 5464 hauc
445 5422 556 5465 omnem
580 5409 752 5467 flammarum
779 5412 978 5472 immanitatem
1031 5422 1144 5494 pientiae
1156 5423 1333 5479 beatissimus
1348 5424 1393 5481 hic
1408 5431 1486 5496 pater
1499 5424 1845 5498 nitoreradiaveritopera

166 5503 267 5554 antese
291 5494 455 5568 lugientem,
471 5513 522 5570 per
544 5505 686 5570 patentem
708 5510 826 5572 portam,
842 5502 928 5562 fultus
938 5507 980 5563 di·
1030 5519 1166 5567 testantur
1190 5513 1288 5584 ipsius,
1313 5513 1379 5585 quia
1393 5530 1458 5570 vera
1485 5516 1582 5588 procul
1603 5515 1689 5572 dubio
1704 5515 1845 5588 sapientia

164 5588 235 5645 rinae
250 5587 383 5662 potentia
398 5589 546 5660 praesidiis,
562 5591 678 5662 expulit,
690 5599 717 5648 et
728 5594 855 5651 eamdem
870 5603 977 5669 portam
1028 5614 1090 5656 esse
1101 5600 1284 5674 dignoscitur,
1304 5617 1366 5674 quae
1376 5619 1492 5676 operum
1507 5606 1690 5675 exhibitione,
1705 5605 1783 5663 velut
1797 5622 1844 5661 ar-

165 5680 266 5740 elauait
281 5700 288 5752 ;
303 5690 388 5754 utque
404 5698 546 5755 nunquam
575 5684 732 5755 aperiretur
746 5686 780 5742 ab
795 5685 899 5761 aliquo,
914 5705 978 5749 cunr
1027 5688 1080 5747 bor
1095 5689 1243 5761 fructibus,
1272 5695 1451 5768 approbatur.
1467 5698 1593 5759 Testatur
1616 5714 1686 5774 gens
1712 5695 1845 5752 Francica
