3840 6106
119 300 190 357 teus
711 288 796 345 vlit.
819 319 851 330 -
871 286 1009 343 esseut.
1030 287 1179 345 PRAEVlAE.
1712 303 1783 361 {003

118 431 300 507 Evangelium
325 429 440 502 legeret,
465 438 639 479 cencessum.
669 423 735 478 Nam
762 423 964 492 fraterrae-A
978 431 1007 477 ut
1021 439 1115 494 pacem
1131 425 1218 481 orire
1241 427 1288 482 bei
1313 437 1430 501 peteret;
1452 434 1618 506 perduxerat
1648 436 1710 509 lpse
1733 456 1784 496 au-

117 529 239 600 seriptus
252 532 310 580 mm
323 522 399 578 vocis
416 520 609 592 pulcherrim
626 519 741 593 grafium
767 517 895 572 habebar,
911 538 925 563 s
978 518 1033 567 tem
1048 516 1267 572 sanctimonialis
1282 519 1493 580 illasanctorum
1507 525 1695 599 exemplorum
1707 541 1784 603 post-

119 620 151 674 Et
176 615 290 689 quidern
318 613 391 667 inter
416 608 514 663 iratres
541 608 713 678 conscriptos
736 607 830 661 Sancti
858 604 926 659 Galli
977 603 1089 658 modum
1105 605 1164 660 visa
1179 616 1221 661 est
1241 607 1367 666 lemine:
1392 615 1494 686 quippe
1510 633 1591 689 quam
1611 619 1693 678 irater
1706 625 1785 682 noris

120 709 193 781 apud
213 700 493 762 copdasqumanomi
513 699 535 753 ιι
562 715 624 772 pag.
650 697 928 772 l851egitur0adal·
977 693 1123 749 sententiis
1148 695 1213 751 dum
1233 698 1309 765 vixit,
1329 704 1470 759 annuatim
1500 707 1655 776 puniverat.
1686 713 1785 789 Ungris

121 800 178 855 fich
193 796 351 867 episcopus.
372 790 454 846 addit
468 789 645 844 Eikelrardus
661 806 694 842 :a
708 788 816 844 Diutius
836 793 927 842 autem
978 788 1095 837 autema
1110 799 1139 838 se
1166 787 1371 857 recedentibus,
1394 808 1455 848 cum
1472 792 1635 854 lluchowam
1647 800 1718 871 illos,
1736 807 1784 863 ubi

120 882 303 962 quamcaateri
319 880 403 937 coaevi
420 880 527 934 snitum
544 894 593 949 pro
607 877 757 932 wiborada
785 876 928 931 suasclro-
978 888 1056 929 soror
1067 875 1127 945 ipsa
1140 883 1207 942 crat,
1236 887 1384 953 partesque
1409 892 1527 956 nostras,
1544 890 1591 946 ubi
1607 891 1783 955 Wiberadam

122 977 332 1034 lis‘inbreserat.
352 972 424 1036 Quas
449 980 540 1025 lamen
557 968 667 1023 landem
684 968 853 1039 relinquens,
870 965 928 1020 sui·
979 971 1092 1019 matrem
1105 967 1221 1034 sciebat,
1250 969 1380 1027 invadere
1393 975 1463 1030 velle
1486 981 1675 1050 comperisset,
1691 1001 1786 1045 orasse

121 1085 175 1144 que
200 1068 270 1138 juris
299 1065 327 1118 in
351 1060 576 1134 possessionibus
604 1058 673 1115 iacta
712 1059 851 1130 Augustae,
879 1056 926 1111 ubi
978 1052 1386 1125 lerturzlleminemi,seram
1416 1062 1449 1135 [f.
1470 1069 1586 1140 servam]
1604 1071 1788 1136 istamadbuc

120 1156 272 1214 canonicus
287 1152 321 1207 ab
348 1149 463 1206 infantia
481 1157 552 1216 erat,
580 1148 608 1201 in
637 1147 768 1202 virtutum
794 1144 929 1215 exemplis
979 1149 1142 1219 impunitam
1157 1152 1226 1206 mihi
1245 1152 1543 1231 dona,utgladionon
1561 1173 1788 1237 pereat3sedet

120 1249 300 1313 clarissimus,
316 1245 421 1301 Gallum
449 1259 530 1298 suum
558 1241 655 1298 crebre
678 1241 817 1306 visitabat,
830 1238 930 1293 iratres
979 1236 1157 1312 illamgladio
1183 1256 1293 1313 semper
1320 1252 1453 1314 paratam,
1484 1257 1514 1306 ut
1527 1253 1646 1322 palmam
1663 1260 1785 1331 martyrii

120 1355 187 1396 suos
201 1336 374 1407 conscriptos
387 1341 430 1389 ter
444 1333 472 1387 in
487 1347 560 1387 anne
575 1331 634 1401 ipse
646 1329 773 1384 minister
788 1334 899 1399 paverat
916 1350 929 1373 υ
981 1333 1128 1390 mereatur,
1145 1328 1304 1385 confortans
1331 1333 1439 1390 robora.
1463 1336 1564 1394 Cellam
1588 1358 1700 1416 quoque
1720 1348 1788 1404 Galli

123 1432 228 1488 Deinde
256 1427 419 1484 miraculum
455 1424 538 1480 refert
560 1424 596 1478 de
623 1439 690 1478 vase
717 1421 835 1484 vinario,
855 1417 930 1492 quod
981 1415 1020 1470 tui
1036 1415 1170 1491 integram
1198 1435 1260 1475 cum
1294 1421 1490 1481 famulantibus
1517 1429 1561 1499 pic
1582 1439 1611 1487 et
1630 1434 1788 1493 misericors

122 1521 251 1580 vehiculo
267 1536 283 1574 e
298 1527 381 1590 ponte
392 1517 470 1588 lapso
485 1517 621 1590 integrum
640 1513 776 1584 superfuit
803 1532 816 1562 a
834 1511 932 1585 Egerat
981 1518 1124 1569 conserva,
1141 1508 1229 1578 Atque
1244 1509 1282 1565 ita
1308 1513 1437 1581 precibus
1457 1516 1517 1587 ejus
1530 1521 1633 1575 sanctis
1660 1522 1788 1581 ellectum

122 1612 237 1686 quidem
252 1608 402 1680 aliquando
425 1611 453 1660 tn
470 1605 530 1661 loco
556 1603 647 1658 Sancti
664 1601 753 1677 llagni
765 1599 930 1655 etiamdiem
982 1597 1054 1653 lleus
1068 1600 1191 1672 undique
1206 1604 1291 1660 dedit.
1309 1630 1321 1653 ι
1336 1607 1515 1666 ilactenusex
1531 1613 1705 1674 ttkotrardo.

121 1708 298 1776 sipisemper
318 1702 475 1766 amabilem,
499 1698 687 1770 reliquiasque
712 1697 782 1764 eius,
812 1702 842 1749 et
871 1708 968 1811 mosB
1017 1693 1044 1748 7.
1072 1694 1220 1769 Augustam
1251 1698 1457 1757 vindelicorum
1484 1706 1518 1760 ad
1547 1706 1646 1778 Lycum
1671 1714 1707 1780 (le
1731 1715 1790 1786 Lecl

124 1797 207 1854 nobis
221 1803 275 1861 est,
286 1808 374 1865 cappa
386 1792 433 1846 illa
448 1787 594 1860 aquilifera
605 1788 727 1853 indutos,
741 1800 857 1855 vespere
873 1783 928 1837 dici
982 1783 1094 1840 lluuiurn
1110 1787 1200 1852 sitam,
1217 1792 1374 1862 complures
1400 1804 1528 1852 rexerunt
1553 1801 1678 1874 episcopi
1695 1821 1728 1860 ex
1740 1822 1793 1862 ne-

124 1885 213 1942 sencli
240 1884 301 1955 ipse
323 1882 435 1936 domum
460 1876 617 1947 reportabat
643 1879 696 1939 tel
715 1889 777 1928 cum
805 1870 931 1926 infirmus
980 1875 1052 1940 stris,
1069 1891 1138 1947 quos
1152 1878 1196 1933 lric
1211 1889 1287 1936 certo
1303 1881 1450 1958 designare
1474 1886 1548 1941 baud
1574 1887 1655 1947 facile
1671 1902 1724 1962 est,
1739 1895 1793 1951 de·

124 1977 318 2035 tuneessel,ut
332 1984 407 2040 saepo
426 1967 538 2038 quidem
564 1963 802 2035 erotparalyticus
816 1960 930 2033 quidam
982 1962 1140 2021 licientibus
1153 1983 1204 2021 nes
1227 1970 1337 2025 idoneis
1359 1975 1528 2047 argumentis
1555 1977 1722 2050 Simpertum
1735 1984 1791 2051 iam

124 2063 262 2133 adjutorio
284 2075 397 2116 suerunt
426 2059 454 2112 in
473 2056 600 2118 riamse,
628 2055 732 2125 utipse
757 2067 841 2122 super
867 2066 931 2104 eum
981 2056 1153 2116 laudavimus
1172 2062 1514 2140 qngupgsjogpomopag·
1530 2069 1597 2127 553·
1619 2072 1792 2137 ulmenam·

125 2160 299 2235 graderetur,
315 2158 508 2226 prestraserat.
525 2153 557 2206 tt
571 2149 618 2203 ille
634 2147 739 2203 bomini
752 2144 931 2217 appropians,
984 2151 1028 2206 lus
1045 2152 1162 2227 Magnus
1173 2170 1220 2210 rex
1236 2176 1248 2203 u
1265 2157 1408 2212 constituit
1435 2159 1597 2232 episcopum
1613 2165 1641 2219 in
1655 2166 1713 2238 ipsa
1724 2172 1791 2229 civi-

126 2251 206 2324 quasi
221 2250 256 2304 de
283 2247 425 2304 obstaculo
454 2245 624 2318 indignatus,
651 2241 749 2312 Surge.
766 2239 813 2304 ait,
829 2237 894 2309 quia
908 2241 936 2290 et
970 2244 1069 2296 ‘tates
1094 2243 1224 2316 Augusta,
1246 2252 1315 2301 teste
1343 2245 1501 2305 Ermenrieo
1529 2252 1718 2330 Elewangensi
1740 2276 1792 2317 sae.

125 2357 179 2418 ego
197 2339 316 2412 pedibus
339 2336 466 2392 infirmus
479 2350 563 2405 super
584 2343 608 2386 te
625 2328 756 2404 progredi
769 2341 887 2399 nequeo.
902 2326 935 2380 tr
985 2330 1038 2386 culi
1054 2347 1080 2385 rx
1096 2333 1243 2398 monacho,
1265 2335 1455 2408 «restituitque
1474 2340 1577 2407 emnia,
1602 2358 1664 2414 quae
1690 2345 1725 2400 ab
1742 2363 1792 2402 an-

125 2438 172 2491 ille
207 2444 335 2506 tanquam
364 2431 397 2486 ad
427 2428 598 2500 increpantis
616 2425 732 2481 verbum
761 2421 934 2477 velocissime
986 2427 1122 2476 lacessere
1135 2438 1186 2477 suo
1201 2422 1318 2495 Pippine
1333 2424 1400 2481 illuc
1421 2427 1519 2482 tradita
1546 2429 1663 2501 lucrant,
1681 2434 1794 2508 insuper

127 2542 246 2602 surgens
268 2523 415 2580 incolumis
440 2521 520 2585 abiit,
551 2526 719 2589 secutusque
745 2514 844 2570 iratres
871 2512 933 2566 sine
984 2522 1012 2570 et
1025 2516 1133 2572 addidit
1152 2518 1279 2588 plurima,
1294 2519 1428 2593 Suscepto
1454 2523 1625 2597 episcopatu,
1639 2529 1793 2602 Simpertus

126 2620 212 2675 ullius
220 2616 369 2686 adiutorio,
390 2614 481 2670 Sancti
498 2612 587 2685 llagni
608 2611 753 2667 ecclesiam
773 2624 836 2665 curn
849 2613 933 2663 eaete-
984 2604 1122 2675 proiectus
1133 2613 1175 2661 est
1190 2607 1223 2661 ad
1237 2607 1386 2679 Augustam
1402 2609 1582 2668 Vindeliciam
1598 2623 1626 2670 et
1640 2633 1690 2688 per
1703 2635 1792 2678 annes

127 2712 259 2767 mesenus
287 2708 393 2764 introiit
437 2707 467 2761 tr
490 2706 639 2778 episcopus
654 2701 755 2772 capitio
767 2715 863 2770 cappae
878 2698 933 2752 im·
982 2692 1040 2748 lere
1053 2695 1164 2769 triginta
1179 2697 1249 2752 rexit
1261 2699 1320 2769 ipsa
1344 2702 1548 2767 monasteria»
1568 2720 1669 2778 nempe
1686 2708 1794 2781 Campi-

126 2806 219 2878 posite
234 2820 295 2860 curn
305 2803 422 2858 anhelus
445 2801 578 2863 stetisset,
606 2806 633 2855 et
650 2798 686 2853 de
709 2796 754 2851 via
768 2796 866 2858 lassus,
883 2809 933 2847 au·
983 2784 1223 2852 d0ss01180‚38110¹i
1239 2788 1317 2856 Galli,
1330 2799 1357 2845 0²
1372 2792 1469 2846 cellam
1484 2793 1590 2850 3⁸11&ae
1603 2795 1683 2865 ttrae,
1699 2819 1713 2849 u
1729 2814 1795 2856 00¹¹·

127 2898 209 2953 diens
236 2895 380 2950 sanitatem
405 2892 538 2957 heminis,
568 2890 668 2946 acriter
691 2889 719 2943 in
746 2887 869 2943 diceutes
892 2885 933 2938 iu·
984 2883 1095 2932 Sltuens
1108 2878 1251 2934 basilicam
1268 2880 1375 2937 Sanclae
1390 2883 1473 2950 Mtte,
1488 2895 1515 2940 et
1531 2896 1691 2945 restaurans
1701 2907 1795 2949 caeno·

125 2993 233 3051 vectus,
253 2999 338 3055 super
358 2982 497 3039 cancellos
525 2977 778 3035 laudeminnititur
794 2976 934 3046 :signum-
985 2965 1061 3020 bium
1076 2966 1168 3021 Sancti
1198 2967 1297 3044 llagni,
1324 2992 1339 3020 a
1368 2986 1469 3044 nempe
1499 2974 1638 3033 faucense
1661 2982 1793 3054 (mesen)

127 3085 245 3154 quetarn
258 3074 433 3132 manifestum
448 3074 483 3128 ab
508 3088 538 3127 se
565 3071 716 3131 excutiens,
739 3067 826 3124 sancti
842 3063 931 3140 Magni
984 3059 1020 3129 (v¹
1036 3058 1408 3133 nram,tot1njusvtrae)‚oe
1433 3081 1488 3137 que
1502 3069 1611 3140 egimus
1638 3072 1666 3128 in
1690 3077 1794 3134 saeculo

126 3172 365 3239 ,mmmmm
380 3165 508 3221 manibus
534 3163 745 3238 gel-ebagpanc
764 3164 934 3215 assensum.
983 3147 1228 3241 secundo,ubide
1251 3150 1351 3208 Sancte
1385 3153 1524 3228 blegne«
1557 3158 1688 3217 llcluncto
1705 3171 1795 3220 autom

127 3263 204 3319 tibus
228 3260 380 3333 predicans
398 3257 646 3325 asserui13neque
665 3252 813 3309 tamensic
837 3249 935 3313 eis,ut
985 3236 1131 3306 sl¹¹¹tl01'20·
1161 3237 1248 3294 H³ss²⁰
1278 3242 1330 3310 (⁸l0
1358 3243 1518 3316 ¹08⁰ssd0ffl·
1550 3263 1606 3303 ¹¹01¹
1642 3251 1737 3317 banio,
1767 3264 1797 3309 ¹¹l

127 3351 271 3408 lromiuem
299 3348 334 3403 ab
349 3348 410 3418 ipse
426 3356 551 3401 sanatum
568 3359 629 3399 esse
652 3340 853 3397 discrederent.
871 3352 936 3408 per·
984 3328 1208 3398 posteapatebit)
1236 3330 1425 3402 elll⁵⁰⁰l>³ll¹¹¹¹
1455 3338 1586 3408 sumplis
1617 3340 1675 3412 lpse
1696 3343 1796 3399 iolla-

127 3441 246 3497 suadere
260 3438 372 3511 quidem
387 3437 444 3492 ullo
458 3435 542 3490 modo
555 3433 653 3505 potuit.
671 3431 732 3486 ilaec
747 3430 782 3484 de
798 3426 934 3500 pluribus,
983 3420 1072 3491 joaria
1082 3428 1172 3477 natus.
1190 3422 1343 3480 Transactis
1359 3434 1420 3497 post
1448 3438 1590 3502 acceptum
1605 3436 1795 3507 episcopatum

129 3549 193 3606 quae
212 3531 285 3602 apud
300 3529 429 3585 Sanctum
444 3527 551 3582 Gallum
574 3538 754 3580 commanens
778 3519 873 3595 gessit,
887 3518 937 3572 tri·
987 3511 1197 3581 septemanas,
1212 3528 1388 3570 successores
1407 3517 1477 3585 cius,
1492 3519 1539 3589 qui
1556 3521 1583 3574 in
1599 3523 1659 3593 ipsa
1675 3523 1797 3583 Ecclesia
1874 3577 1878 3585 ,

131 3625 185 3680 bus
197 3624 259 3679 vitae
271 3622 331 3691 ejus
344 3618 589 3690 scriptoribnsnen
605 3613 819 3687 praeiudicantes
829 3609 939 3681 scripsi·
990 3602 1130 3658 constituti
1145 3610 1219 3667 sunl,
1234 3605 1340 3675 primus
1356 3606 1491 3662 ilitlrarius
1504 3611 1588 3680 coepit
1601 3628 1617 3666 a
1631 3613 1797 3671 fundamen-

130 3730 203 3772 mus.
218 3714 311 3785 Neque
326 3711 402 3768 enim
415 3710 548 3764 miramur
564 3723 622 3773 eos,
645 3722 706 3761 curn
730 3702 830 3775 quibus
844 3701 873 3755 in
886 3715 940 3754 sre-
989 3693 1025 3748 tis
1037 3694 1183 3750 ecclesiam
1195 3695 1287 3751 Sancti
1301 3697 1389 3772 llagni
1413 3707 1574 3757 construere
1595 3707 1711 3769 3caeteri
1728 3723 1792 3764 uero

132 3805 196 3860 culo
211 3811 336 3858 uersatus
362 3807 414 3866 est,
434 3815 466 3853 ea
495 3813 558 3868 quae
581 3811 642 3850 curn
656 3791 829 3864 spiritalibus
843 3789 939 3864 gessit,
992 3783 1123 3853 presules
1135 3784 1416 3857 eumsubsequentes,
1435 3798 1516 3858 prout
1538 3797 1698 3860 potuerunt,
1719 3795 1800 3850 simi·

134 3894 201 3967 quia
215 3894 306 3947 minus
324 3890 473 3954 sciverant,
490 3903 545 3943 non
561 3885 706 3956 scripsisse
720 3900 728 3949 ;
740 3881 789 3938 sed
805 3880 941 3951 pluraeos
992 3874 1054 3929 liter
1066 3882 1287 3932 construxerunt.
1314 3876 1415 3935 Tamen
1443 3895 1498 3936 nen
1528 3881 1581 3937 luit
1600 3883 1661 3939 aula
1677 3884 1798 3944 basilice

134 3998 198 4054 quae
213 3982 247 4036 de
263 3996 296 4036 eo
311 3976 605 4048 concinnanturuulgo
620 3978 647 4028 et
661 3976 797 4027 canuntur
809 3968 940 4031 tacuisse,
992 3963 1026 4017 ad
1046 3962 1244 4033 perlectionem
1262 3965 1355 4036 operis
1380 3968 1522 4037 perducta,
1550 3971 1650 4037 denec,
1681 3973 1798 4030 llornino

134 4092 198 4133 cum
229 4074 323 4130 intima
343 4071 469 4145 quaedam
496 4071 556 4138 eius
584 4083 687 4143 magna
712 4063 838 4129 iecerint,
859 4062 941 4116 etiam
992 4063 1142 4122 annuente,
1159 4057 1388 4131 agloriosissimo
1403 4062 1628 4134 regeLudovice,
1640 4063 1697 4122 iilic
1710 4065 1800 4123 Ludo·

136 4165 278 4220 miramur.
301 4186 314 4209 u
345 4162 375 4216 Et
400 4167 462 4232 post
490 4159 625 4214 nonnulla
651 4153 797 4211 delacetis
824 4149 942 4207 ildalrici
992 4149 1045 4204 vici
1078 4149 1224 4204 clarissimi
1246 4150 1432 4221 imperatoris,
1466 4152 1549 4209 tante
1574 4154 1800 4226 ipsumsanctam

134 4250 311 4316 dietis,etde
327 4248 474 4305 obsidione
503 4249 630 4319 dogustae
659 4260 711 4315 per
734 4241 840 4313 Ungros
861 4237 944 4311 (quod
995 4241 1089 4296 sedam
1118 4241 1235 4313 adeptus
1262 4252 1314 4298 est.
1345 4264 1355 4294 r
1390 4244 1654 4320 llinccorrigendus
1677 4248 1801 4306 Bruscbii
1890 4254 1895 4259 “

136 4345 308 4410 postremum
338 4337 365 4391 in
390 4336 493 4392 notulis
516 4335 677 4395 referemus)
696 4329 947 4388 sskkcbardushaec
996 4329 1145 4405 catalogus,
1166 4330 1345 4401 quillantoni
1368 4331 1539 4389 waltherum
1566 4334 1665 4406 primo,
1680 4338 1803 4396 secundo

136 4430 254 4487 subdit:
271 4430 370 4502 «Hugo
392 4429 474 4484 etiam
490 4428 616 4499 quidam,
634 4426 702 4500 regii
734 4422 845 4496 generis
863 4421 946 4475 hemo
996 4424 1172 4498 adalgerum,
1188 4440 1221 4480 ac
1232 4426 1312 4482 tertio
1326 4432 1430 4481 tantum
1451 4428 1511 4484 loco
1525 4428 1727 4504 Neodegarium
1742 4432 1806 4488 sub

137 4522 296 4596 primarius,
312 4527 426 4592 propter
450 4535 574 4576 sororem
596 4518 646 4573 viri
671 4516 719 4573 Ilei
744 4516 879 4589 virginem
904 4529 948 4569 sa·
998 4518 1170 4577 stituil.cum
1200 4535 1233 4574 ex
1260 4521 1376 4576 adverso
1395 4521 1578 4590 Ermenricus,
1605 4533 1703 4581 auctor
1729 4526 1804 4587 illius

137 4631 226 4680 crarn,
242 4615 351 4670 incestu
367 4612 487 4685 agnitam
503 4610 618 4682 abipso,
634 4609 698 4681 quia
713 4624 787 4679 saepe
801 4606 950 4661 inclinatus
1000 4610 1144 4681 temporis,
1174 4610 1292 4666 llanteni
1320 4611 1444 4682 proxime
1477 4611 1639 4681 Nitlrarium,
1665 4617 1713 4689 qni
1742 4634 1805 4674 eum

135 4711 191 4771 est,
208 4703 365 4758 insolenter
385 4702 409 4757 ei
437 4700 567 4756 inimicus
591 4698 709 4771 quadam
725 4697 770 4752 die
790 4694 951 4752 carrivelri-
1000 4702 1172 4777 [leodegario
1187 4703 1260 4758 idem
1286 4709 1337 4770 est,
1351 4703 1471 4771 subjicit,
1495 4704 1656 4764 Ermenrjco
1671 4708 1807 4781 guffmga.

139 4791 214 4857 cule,
233 4799 265 4846 ut
307 4798 365 4846 erat
390 4788 559 4844 infirmitalis
583 4803 652 4853 suae,
690 4785 810 4845 occurrit
830 4785 948 4839 invecto·
1000 4799 1134 4847 turretus
1146 4791 1229 4847 index
1255 4791 1470 4867 Augustensium
1485 4793 1693 4866 episcoporum,
1707 4798 1734 4853 in
1752 4795 1808 4852 fine

137 4885 225 4950 Quem
245 4871 423 4939 commilites
437 4881 560 4953 episcopi
586 4895 780 4952 praecessores,
796 4878 836 4933 uti
856 4877 881 4933 ei
892 4892 948 4932 non
1000 4879 1079 4947 nujus
1093 4880 1155 4936 vitae
1170 4881 1271 4946 editus,
1287 4880 1315 4935 in
1331 4881 1521 4954 quoepiscopi
1536 4884 1589 4941 boc
1605 4884 1703 4941 ordine
1713 4899 1809 4940 recen-

137 4982 306 5042 occurreret,
329 4981 543 5046 praemonerent,
568 4973 766 5037 carrucarium,
787 4970 886 5041 inquit,
914 4969 947 5024 il·
997 4978 1102 5027 sentur.
1120 4971 1283 5043 Simpertus,
1313 4972 1409 5036 llanto,
1438 4973 1550 5047 Nidger,
1576 4975 1718 5042 Odelman,
1734 4975 1811 5050 Wig·

138 5064 199 5119 lum
210 5064 244 5118 ab
255 5064 353 5119 itinere
373 5079 437 5120 meo
453 5079 593 5135 nunquam
620 5062 776 5118 declinabo.
807 5058 884 5125 Quod
900 5058 946 5115 ille
996 5078 1057 5135 ger,
1087 5063 1184 5128 Lente,
1210 5062 1358 5135 adalpero,
1383 5064 1496 5133 lliltine,
1522 5065 1694 5122 lludalrieus.
1723 5066 1810 5122 bauto

137 5148 946 5223 ⁸dl⁰⁸¹¹llb¹¹⁸ll⁰⁵lffl¹dle1182ffllfflssaesissliullsl0h1011¹02
1005 5157 1145 5212 basilicam
1158 5156 1250 5211 Sancti
1274 5157 1365 5233 blagui
1393 5159 1506 5231 oquinto
1532 5173 1604 5213 anuo
1635 5156 1812 5229 episcopatus

136 5240 249 5308 scitote,
266 5240 314 5296 iiiii
330 5241 470 5312 mei,ipse
486 5242 548 5313 plus
571 5256 734 5313 quamego.
750 5239 864 5313 indigus
890 5237 951 5293 erit.
1004 5244 1046 5299 sui
1074 5242 1200 5315 perlecit,
1225 5262 1241 5295 ι
1265 5245 1389 5315 ejusdem
1419 5245 1506 5301 sancti
1536 5245 1624 5316 liagni
1654 5260 1755 5316 corpus
1783 5245 1813 5299 iu

140 5331 268 5402 ilecpost
293 5332 410 5387 multum
432 5338 513 5388 nocte
537 5333 657 5403 quadam
675 5330 813 5401 soporise
830 5329 951 5396 tradens,
1003 5333 1191 5390 decentiorem
1221 5333 1313 5391 locum
1343 5335 1492 5402 transtulit,
1509 5335 1652 5392 «consilio
1668 5336 1813 5392 initocum

139 5441 202 5482 curn
217 5425 385 5501 evigilasset,
402 5426 513 5482 lumbos
525 5425 554 5480 in
568 5425 670 5498 quibus
683 5431 856 5497 peccaverat,
872 5439 951 5478 acer·
1010 5423 1221 5495 archiepiscope
1246 5423 1474 5497 magontiacensis
1502 5423 1630 5481 llcclesiae
1664 5423 1772 5480 otkario
1787 5429 1816 5480 et

137 5514 208 5569 rime
219 5514 329 5581 dolens,
346 5515 372 5569 iu
391 5515 570 5571 interioribus
584 5513 620 5569 ab
646 5514 692 5568 illa
707 5519 788 5569 noete
803 5519 841 5568 uta
856 5513 959 5568 deere-
1012 5512 1119 5569 caeteris
1136 5513 1277 5585 episcopis
1291 5513 1349 5568 suis
1363 5511 1554 5584 suffraganeis.
1570 5533 1585 5565 a
1600 5513 1661 5570 ilaec
1675 5513 1736 5570 iuse
1766 5512 1817 5568 de·

139 5612 227 5671 verat,
241 5613 273 5662 ut
284 5614 386 5677 praeter
399 5614 491 5663 cutem
502 5614 603 5662 etossa
613 5605 729 5680 gracilia
741 5604 811 5660 nillil
832 5603 958 5661 baberet.
1012 5602 1109 5660 scribit
1124 5601 1327 5668 ilermenricus,
1343 5600 1390 5673 qui
1404 5616 1527 5672 presens
1545 5603 1650 5672 aderat,
1666 5602 1740 5675 apud
1754 5601 1819 5660 Gol-

139 5692 244 5766 Sicque
258 5694 442 5768 longaevitatis
457 5681 597 5765 tempora,
622 5709 768 5765 nunquam
788 5693 851 5766 cogi
866 5692 964 5749 valens
1014 5693 1121 5749 dastum
1137 5692 1166 5746 in
1180 5697 1255 5747 temo
1269 5691 1292 5746 1.
1304 5690 1404 5746 ilerum
1418 5689 1659 5758 alamannicarum
1674 5707 1736 5769 pag.
1753 5690 1817 5756 3¹5,
