3840 6106
72 261 131 318 209
398 258 563 316 HISTORIAE
582 257 749 316 ECCLESIAE
769 256 932 313 lllibeNSlS
952 257 1040 312 elatu
1060 258 1225 322 quatuor.
1240 291 1275 301 —
1291 260 1354 318 lla.
1375 261 1421 316 lll.
1502 297 1506 303 -
1690 265 1744 323 210

74 396 188 463 naeniis,
204 397 270 469 quin
290 395 548 468 potiustragoediis,
568 393 729 449 auttalibus
747 408 808 465 quae
832 408 886 448 non
899 398 924 465 Α
939 393 1052 461 tionem,
1081 393 1229 449 necetiam
1258 395 1362 451 humile
1376 412 1541 467 responsum
1563 398 1741 456 mihiacco-

74 488 399 560 conveniuntepiscopo,
414 487 448 543 de
460 494 486 542 te
499 484 687 541 auditionibus
697 500 753 541 non
766 484 883 557 affligar,
937 481 1077 552 episcopis
1085 481 1355 539 nostrisexbibuisti.
1366 484 1431 540 Post
1439 485 1497 543 bac
1504 501 1580 543 more
1592 495 1645 544 tun
1656 488 1743 545 insta·

75 579 171 649 etjam
186 580 297 635 tandem
320 579 413 652 putavi
428 586 454 634 te
472 578 569 653 pigere
583 577 649 633 talia
662 577 795 647 exsequi,
821 590 882 631 curn
933 573 1049 629 bilitatis
1076 590 1108 629 ac
1124 575 1316 630 inconstantiae
1342 583 1437 632 eontra
1452 578 1583 634 domnum
1604 594 1697 654 regem
1712 579 1742 638 in

74 687 140 727 ecce
154 687 230 727 nunc
244 671 338 727 Idibus
356 669 517 727 Novembris
530 675 634 741 quarlae
648 669 808 725 indictionis
820 682 884 739 pro-
935 672 1042 721 tantum
1058 673 1084 720 te
1100 666 1159 723 sine
1183 668 1289 723 ratione
1305 670 1504 725 contumaciter
1528 671 1651 739 erexisti,
1667 680 1697 729 ut
1713 681 1743 730 et
1812 711 1814 714 ψ

73 763 236 819 finissimam
264 763 393 831 rotulam,
412 761 565 818 mendaciis
584 771 612 817 et
630 761 885 818 irrationalitatibus
934 758 1202 815 administrationem
1219 758 1378 830 palatinam,
1393 767 1421 815 et
1436 761 1523 831 ipsam
1539 763 1676 819 abbatiam
1691 765 1740 820 tibi

74 869 106 908 ac
121 853 299 925 improperiis
313 860 410 910 contra
427 853 571 909 veritatem
590 860 619 908 et
637 853 825 909 auctoritatem
841 866 886 907 re-
935 848 1067 916 auferret,
1082 857 1109 904 et
1122 864 1137 904 a
1152 858 1179 904 te
1199 857 1379 922 exaggeratus
1394 850 1505 906 duriora
1524 851 1676 925 ingerenda
1691 853 1741 908 tibi

73 945 177 1015 pletam
192 945 261 999 mihi
276 945 384 1001 misisti.
401 945 432 1000 lit
444 945 529 1001 miror
543 960 593 1000 cur
607 944 646 1000 sic
661 944 772 1000 exfrons
787 944 884 1013 factus,
936 952 1115 1013 proponeret.
1131 941 1208 997 Unde
1233 948 1261 996 et
1282 941 1403 1013 scriptis,
1419 948 1446 997 et
1473 943 1564 998 verbis
1576 959 1626 1015 pro
1637 953 1665 999 te
1684 955 1740 1000 sat·

74 1044 104 1093 ut
127 1037 163 1092 de
174 1022 273 1093 iudaea
296 1037 429 1092 Dominus
448 1037 583 1109 queritur,
611 1037 702 1092 nescis
721 1036 884 1092 erubescere
936 1046 1021 1106 egens
1035 1033 1111 1088 illum
1138 1032 1189 1088 tibi
1204 1032 1387 1088 reconciliavi.
1418 1034 1540 1106 indeque
1556 1034 1628 1091 sicut
1651 1035 1741 1092 sciunt

74 1131 136 1198 (fer.
150 1135 211 1186 vret
221 1130 289 1199 vrri),
300 1129 388 1185 ettibi
398 1129 883 1186 nonestnauseataliaettantaseri-
935 1127 1059 1199 plurimi,
1076 1133 1172 1182 contra
1187 1125 1263 1180 illum
1279 1132 1306 1181 te
1319 1126 1418 1181 iterum
1433 1127 1555 1195 erexisti,
1571 1135 1598 1183 et
1611 1129 1741 1184 mandata

72 1223 160 1290 bere,
185 1224 239 1278 nisi
263 1224 395 1296 quoniam
422 1220 588 1278 utilitatibus
613 1236 669 1276 non
692 1237 722 1277 es
744 1222 883 1289 intentus,
934 1231 998 1283 sua,
1010 1222 1041 1270 ut
1054 1214 1089 1268 ad
1104 1230 1167 1270 eum
1184 1214 1303 1278 venires,
1320 1223 1512 1282 coutemnens,
1527 1215 1598 1273 adeo
1612 1216 1690 1272 illum
1705 1217 1740 1273 ad

73 1331 168 1387 neque
176 1316 205 1370 in
218 1315 381 1372 necessariis
391 1320 540 1385 occupatus
549 1331 555 1368 :
565 1321 593 1369 et
607 1313 681 1370 utde
696 1315 756 1369 aliis
767 1324 882 1370 taceam.
935 1308 1104 1363 iracundiam
1117 1308 1282 1379 provocasti,
1291 1308 1361 1364 sieut
1375 1309 1507 1365 omnesin
1516 1310 1575 1365 istis
1581 1310 1742 1385 regionibus

71 1422 133 1479 quae
161 1407 184 1463 si
199 1422 232 1462 εχ
256 1407 354 1463 ordine
367 1406 480 1462 voluero
506 1405 650 1478 replicare,
667 1415 748 1461 antea
772 1405 883 1462 deficiet
934 1400 1035 1466 sciunt,
1049 1404 1079 1454 ut
1092 1405 1203 1455 coactus
1217 1406 1243 1453 te
1258 1414 1308 1468 per
1320 1398 1420 1455 fideles
1432 1416 1497 1456 suos
1511 1400 1581 1457 sicut
1599 1399 1740 1458 infidelem

71 1494 115 1548 lux
132 1495 246 1563 diurna,
269 1512 350 1567 quarn
374 1493 492 1569 legenda
514 1494 615 1549 exinde
633 1492 744 1550 deficiat
770 1495 881 1568 pagina,
932 1497 1085 1563 appeteret.
1101 1491 1139 1546 fu
1158 1497 1250 1546 autem
1270 1498 1333 1547 ante
1352 1492 1503 1547 inauditam
1518 1493 1741 1550 excommunica·

71 1583 214 1654 replicabo
224 1584 273 1640 tibi
288 1584 391 1656 aliqua,
401 1598 462 1656 quae
477 1599 533 1639 non
546 1585 624 1641 valeo
638 1601 690 1640 nec
704 1584 883 1639 debeosilen·
933 1587 1036 1642 tionem
1064 1584 1091 1639 in
1106 1599 1194 1650 meos,
1210 1592 1238 1639 ct
1257 1584 1405 1640 multorum
1420 1585 1690 1657 archiepiscoporum
1712 1591 1740 1641 et

69 1674 106 1730 tio
124 1675 280 1745 praeterire.
305 1675 436 1732 Videlicet
464 1677 527 1748 quia
555 1676 645 1731 statim
661 1683 691 1731 ut
712 1693 727 1731 a
757 1684 877 1747 paternae
931 1678 1124 1748 episcoporum
1144 1675 1336 1745 parochianos,
1363 1675 1411 1730 sed
1431 1685 1459 1731 et
1479 1676 1508 1731 in
1528 1676 1617 1747 ipsum
1644 1693 1737 1751 regern
1760 1707 1769 1717 ·

68 1763 136 1818 nido
153 1764 327 1821 educationis
342 1763 429 1820 faetus
443 1767 590 1837 episcopus
604 1765 729 1833 evolasti,
745 1775 772 1822 et
790 1784 835 1823 me
850 1775 877 1823 et
931 1772 992 1826 sine
1007 1785 1068 1825 mea
1083 1767 1253 1826 conscientia
1267 1775 1363 1824 contra
1377 1783 1470 1824 sacras
1480 1768 1588 1843 regulas
1598 1769 1737 1839 jaculasti.

68 1866 116 1906 eos
131 1852 181 1923 qni
199 1859 226 1907 te
241 1852 398 1908 nutrierunt
411 1853 568 1921 deseruisti,
584 1861 612 1908 et
625 1856 770 1911 saeculares
784 1857 881 1913 amici·
932 1864 1010 1920 finde
1028 1863 1130 1919 multos
1148 1859 1350 1928 scandalizasti,
1365 1871 1393 1917 et
1411 1862 1560 1917 maximum
1579 1863 1740 1920 scandalum

67 1944 119 1998 tias
146 1954 232 2016 atque
252 1943 452 2001 familiaritates
477 1946 611 2017 quaesisti,
635 1953 662 2002 et
677 1950 830 2021 acquisisti,
855 1961 881 2009 et
932 1971 987 2011 non
1003 1953 1092 2010 solum
1116 1952 1256 2018 Ecclesiae,
1274 1953 1323 2007 sed
1339 1953 1439 2027 stragi
1462 1969 1494 2009 ae
1511 1967 1596 2025 regno
1611 1952 1738 2016 intulisti,

64 2037 104 2092 sic
115 2038 240 2093 subinde
255 2038 325 2095 alios
338 2048 367 2094 et
381 2040 451 2095 alios
464 2039 597 2097 deserens
612 2050 640 2097 et
653 2042 809 2113 acquirens,
824 2060 880 2100 non
931 2063 993 2103 cum
1005 2048 1048 2102 lex
1059 2044 1224 2118 prohibebat
1237 2053 1267 2100 ut
1277 2062 1328 2116 per
1337 2046 1456 2101 alienam
1468 2061 1586 2102 messem
1602 2046 1740 2102 transiens

64 2129 157 2184 solum
168 2130 206 2185 de
216 2131 403 2202 comparibus,
414 2131 463 2187 sed
473 2132 555 2188 etiam
566 2141 594 2189 et
609 2133 643 2189 de
654 2134 704 2189 tibi
714 2136 878 2203 commissis,
930 2142 1028 2198 falcem
1039 2157 1095 2197 non
1104 2141 1207 2207 mittas,
1221 2141 1270 2195 sed
1285 2156 1369 2194 manu
1382 2140 1472 2211 spicas
1485 2148 1612 2196 conteras
1624 2149 1652 2197 et
1661 2156 1741 2196 man·

63 2221 94 2275 ad
112 2222 169 2277 boc
188 2222 336 2289 emersisti,
352 2231 381 2279 ut
405 2231 502 2280 eontra
516 2240 608 2280 sacras
633 2226 819 2283 Antiochenas
833 2244 879 2283 re·
929 2235 1014 2290 duces
1025 2234 1111 2303 [Dent.
1121 2248 1200 2299 xxur,
1216 2231 1271 2299 ibi.
1282 2232 1400 2297 falcem,
1417 2232 1505 2302 inquit
1519 2232 1617 2287 beatus
1635 2232 1739 2306 Grego-

63 2313 143 2383 t¹¹¹³⁸
158 2314 354 2383 Pfaecillissmes
373 2321 403 2370 1¹ss
416 2323 517 2387 ΡΐὶῐέῑθΓ
535 2332 579 2372 ¹¹¹0
594 2333 676 2390 agere
691 2318 760 2372 nihil
775 2319 878 2374 dfbeas
929 2330 996 2394 rius,
1009 2328 1226 2397 judieiimittere
1236 2343 1290 2383 non
1301 2333 1381 2398 potes
1394 2327 1422 2381 in
1433 2343 1466 2382 ea
1479 2337 1573 2402 segete
1581 2327 1665 2398 (Gneo
1679 2369 1686 2395 ,
1701 2330 1738 2384 ad

63 2399 175 2468 (ω’ῑᾰῖ·
188 2403 313 2457 milich·
331 2420 351 2466 ¹·
365 2419 428 2474 cop.
442 2404 481 2472 9),
495 2405 649 2460 Secundum
670 2407 812 2478 anti‘fuam
827 2408 878 2462 Pi·
928 2427 1089 2491 interrogat.
1104 2421 1244 2489 adaequatio
1254 2436 1324 2492 resp.
1337 2422 1375 2491 9),
1387 2422 1453 2492 quia
1463 2421 1543 2476 alteri
1555 2421 1663 2478 videtur
1675 2439 1737 2479 esse

64 2488 153 2543 tribus
166 2489 271 2544 nostris
295 2491 418 2566 regulam
433 2491 621 2559 constitutam,
638 2493 693 2548 nisi
712 2509 744 2547 ea
761 2502 877 2564 tantum,
929 2521 1085 2585 commissa,
1109 2519 1157 2573 sed
1178 2533 1228 2589 pe,
1246 2516 1374 2574 effectum
1399 2518 1465 2574 boni
1480 2517 1573 2589 operis
1599 2517 1736 2575 frumenta

64 2597 124 2653 fuae
138 2581 176 2636 ad
196 2588 269 2637 ‘⁰³¹⁰
291 2584 449 2655 P³f0⁰hi³m
464 2600 514 2656 per
515 2584 614 2651 fissssmr
633 2588 878 2661 P0⁸⁸⁰⁵⁵l⁰¹¹0⁵ql¹⁰
929 2611 1069 2667 bominiea
1082 2609 1210 2665 vitiorum
1225 2624 1338 2664 suorum
1353 2608 1440 2680 paleis
1454 2608 1588 2680 exspolia,
1603 2609 1672 2665 etin
1686 2610 1737 2665 lie-

64 2672 209 2741 subjectas
235 2671 380 2739 sinemea,
395 2672 440 2728 vel
463 2673 690 2745 coepiscoporum
720 2685 876 2733 nostrorum

64 2763 240 2818 conscientia
255 2764 524 2820 administrationem
538 2766 566 2820 in
579 2767 682 2836 palatio
697 2768 791 2824 domni
806 2772 878 2842 regis

65 2855 232 2921 obtinueris,
258 2871 340 2927 quam
360 2855 628 2912 administrationem
643 2857 692 2912 tibi
718 2874 808 2914 coram
824 2874 876 2915 eo-

64 2943 125 2997 dem
149 2943 258 2999 domno
277 2959 341 3019 rege
366 2943 470 2999 etaliis
495 2944 542 3015 qui
566 2943 716 3000 adfuerunt
737 2963 769 3001 ex
792 2947 877 3002 sacris

65 3032 169 3105 regulis
181 3032 327 3100 interdixi,
337 3033 530 3105 etaliquaudiu
542 3036 577 3089 ab
587 3034 684 3089 eadem
700 3035 876 3091 administra-

64 3122 139 3178 tione
156 3123 284 3179 cessasti.
307 3124 405 3179 Postea
419 3133 511 3180 autem
532 3140 581 3196 per
593 3131 712 3192 exteras,
726 3125 808 3181 idest
822 3140 876 3181 sae·

63 3211 173 3266 celares
188 3218 341 3283 potestates
354 3221 450 3269 centra
469 3213 648 3269 Sardicenses
662 3230 784 3270 canones
802 3216 870 3285 lcon-

63 3305 97 3358 rif
128 3305 218 3361 Snrd.
234 3322 293 3360 con.
315 3307 361 3377 15)
383 3307 508 3362 eamdem
524 3308 791 3363 administrationem
812 3324 872 3363 cum

63 3396 176 3450 abbatia
197 3397 322 3452 interlin
338 3400 480 3469 provincia
493 3399 565 3455 ultra
579 3401 743 3456 lismensem
760 3401 873 3471 provin-

63 3485 132 3539 tiam
147 3485 211 3541 siue
227 3502 288 3542 mea
312 3489 482 3545 conscicntia
496 3490 650 3546 obtinuisti.
666 3490 706 3544 ld
725 3507 807 3563 quam
823 3491 873 3545 ab·

63 3572 165 3627 baliam
178 3573 242 3629 sine
256 3590 318 3630 mea
333 3577 445 3633 licentia
459 3579 569 3650 quoties
586 3579 636 3635 tibi
650 3580 761 3651 placuit,
777 3596 878 3651 perre-.

62 3659 135 3728 xisti,
156 3669 188 3716 et
201 3663 325 3734 quandiu
342 3665 393 3721 tibi
415 3666 517 3737 placuit
532 3668 635 3724 ibidem
656 3668 730 3724 fuisti
747 3670 874 3725 immora-

62 3758 113 3816 tus,
141 3758 243 3808 contra
268 3753 362 3810 flilarii
388 3771 467 3827 papae
489 3756 599 3814 decreta
619 3758 736 3814 dicentis
758 3759 872 3830 (illurn,

61 3846 139 3912 epist.
156 3844 185 3914 8)
200 3861 207 3898 ε
225 3844 295 3901 illud
306 3862 362 3903 non
377 3850 518 3920 potuimus
526 3851 666 3921 praeterire
680 3853 754 3924 quod
769 3853 873 3908 sollici·

63 3935 158 3991 tudine
171 3935 352 4013 diligentiore
376 3943 529 4004 curandum
545 3952 597 4013 est,
623 3962 658 4000 ne
683 3955 782 4016 praeter
810 3961 869 4001 me·

63 4027 294 4096 tropolitanorum
315 4045 429 4086 suorum
454 4032 562 4090 litteras
583 4035 668 4106 aliqui
697 4036 821 4107 episcopi
838 4038 872 4091 ad

63 4118 215 4187 quamlibet
228 4122 397 4192 provinciam
410 4127 531 4183 audeant
546 4127 693 4198 proficisci,
705 4130 778 4201 quod
790 4131 872 4186 etiam

63 4208 183 4266 inomni
197 4228 301 4286 genere
323 4214 409 4272 officii
424 4219 560 4276 clericalis
575 4236 625 4292 per
648 4221 771 4297 singulas
790 4224 875 4281 debet

63 4305 193 4362 ecclesias
208 4308 352 4366 custodiri.

928 2703 1018 2758 clesive
1032 2716 1134 2772 corpus
1148 2699 1289 2757 monendo
1302 2709 1330 2756 et
1344 2701 1550 2772 persuadendo,
1565 2701 1643 2772 quasi
1657 2717 1737 2757 man·

928 2799 1031 2866 dando,
1046 2804 1185 2855 converte.

964 2896 1062 2951 «Post
1084 2910 1166 2966 quam
1194 2891 1450 2965 praesumptionem,
1478 2892 1611 2948 adhibitis
1625 2909 1733 2949 meeum

926 2992 1111 3049 confratribus
1126 2989 1238 3055 nostris,
1260 2996 1287 3044 te
1300 2995 1328 3043 et
1342 3004 1404 3043 cum
1419 3002 1453 3044 eo
1476 2985 1616 3056 pacificavi
1633 2994 1661 3044 ct
1675 2989 1736 3059 epi-

886 3088 1025 3158 Cseopis,
1042 3101 1159 3159 quorum
1180 3083 1364 3156 parochianos
1384 3084 1639 3151 excommunicasti,
1661 3092 1692 3140 ut
1705 3085 1733 3140 in

925 3187 951 3233 te
979 3176 1105 3248 synodali
1132 3173 1270 3230 sententia
1293 3188 1348 3228 non
1377 3173 1564 3241 inveherent,
1594 3175 1733 3245 persuasi3

924 3267 971 3323 sed
992 3275 1020 3321 et
1034 3265 1146 3321 eosdem
1166 3279 1182 3318 a
1201 3271 1228 3319 te
1241 3264 1503 3330 excommunicatos,
1523 3264 1588 3321 licet
1602 3280 1656 3320 non
1673 3265 1733 3321 sine

924 3355 1029 3421 labore,
1043 3351 1260 3408 adminiculante
1270 3358 1361 3407 tamen
1376 3350 1479 3407 domno
1496 3368 1571 3427 rege,
1588 3353 1732 3409 adversum

924 3457 950 3502 te
964 3445 1162 3516 conquiescere
1189 3442 1252 3498 feci.
1269 3442 1321 3498 Sed
1338 3450 1366 3498 tu
1386 3443 1492 3497 addens
1516 3444 1610 3514 pejora
1636 3445 1732 3515 priori·

923 3537 1034 3605 bus,sic
1044 3537 1177 3591 domnum
1192 3550 1296 3608 regem,
1311 3533 1382 3589 sicut
1394 3534 1583 3607 mihilongum
1599 3545 1641 3591 est
1651 3553 1732 3591 enar·

925 3645 995 3695 rare,
1010 3635 1038 3683 et
1059 3627 1138 3682 multi
1158 3629 1258 3695 sciunt,
1288 3629 1387 3683 iterum
1405 3629 1587 3700 exaggerasti,
1603 3638 1632 3686 ut
1650 3647 1733 3686 causa

924 3731 978 3778 tuae
1007 3721 1203 3795 castigationis,
1220 3729 1257 3789 te,
1283 3722 1342 3776 sine
1363 3736 1423 3775 mea
1451 3721 1602 3787 voluntate,
1617 3723 1734 3794 sineque

923 3832 986 3872 meo
1014 3831 1171 3882 consensu,
1219 3813 1420 3886 aliquantulum
1456 3816 1575 3872 detineri
1610 3817 1729 3886 iuberet.

922 3907 960 3962 Τιι
973 3921 1039 3962 vero
1056 3920 1138 3960 causa
1158 3909 1211 3958 tuae
1240 3903 1358 3972 injuriae,
1374 3920 1418 3960 me
1447 3906 1614 3975 inconsulto,
1631 3914 1657 3962 et
1670 3908 1731 3964 sine

922 4013 1059 4055 consensu
1083 3997 1310 4068 coepiscoporum
1331 3997 1476 4055 hamensis
1490 4002 1638 4072 provincia
1659 4003 1732 4058 sieut

924 4092 1019 4163 petitio
1042 4090 1178 4146 aelericis
1205 4089 1394 4146 laudunensis
1414 4091 1543 4147 Ecclesiae
1569 4094 1636 4148 mihi
1661 4111 1729 4166 por·

926 4192 998 4241 reeta
1018 4186 1198 4248 demonstrat,
1218 4185 1393 4256 presbyteros
1413 4195 1440 4241 et
1463 4188 1666 4245 comministros
1680 4207 1729 4247 ec·

924 4278 1015 4334 clesiae
1030 4293 1062 4333 ac
1081 4277 1217 4348 parochiae
1237 4277 1285 4333 tibi
1305 4279 1457 4335 commissa
1476 4283 1731 4352 excommunicasti,

925 4376 955 4424 ut
978 4385 1060 4425 nemo
1075 4368 1101 4424 in
1124 4369 1221 4423 eadem
1241 4370 1372 4439 parochia
1386 4372 1530 4428 missarum
1555 4373 1645 4431 officia
1658 4376 1732 4432 cele-

95 4464 106 4487 ·
129 4440 162 4496 fit
178 4441 221 4497 sic
239 4449 320 4498 antea
348 4445 471 4503 Zosimus
485 4449 599 4519 (Zosru,
618 4456 698 4524 epist.
714 4457 732 4511 5
753 4461 779 4510 et
792 4457 828 4524 9),
844 4460 911 4528 etl)
925 4460 1026 4525 braret,
1052 4459 1192 4513 neminem
1210 4458 1396 4527 parvufomm,
1417 4462 1499 4517 etiam
1520 4465 1547 4519 in
1568 4467 1664 4521 mortis
1685 4483 1732 4521 ur-

64 4541 156 4600 postea
174 4541 288 4590 sauctus
303 4536 451 4611 Gregorius
471 4543 613 4614 (cnecon,
633 4548 721 4615 tibur,
736 4553 812 4619 epist.
829 4552 875 4623 fil)

63 4621 254 4681 decreverunt.
281 4626 429 4700 Propterea
456 4650 569 4707 quoque
590 4637 675 4692 semel
700 4655 731 4695 ac
753 4641 874 4698 secundo

62 4714 163 4774 litteris
176 4719 321 4776 canonicis
336 4734 465 4793 evocatus
480 4727 515 4782 ad
530 4728 733 4786 ordinationem
748 4732 873 4806 episcopt

63 4804 87 4858 in
106 4807 235 4864 Ecclesia
251 4811 440 4869 cameracensi
469 4817 617 4887 provinciae
637 4825 737 4874 nostrae
764 4830 873 4892 pastore

63 4896 203 4966 destituta,
218 4903 292 4958 unde
313 4904 463 4975 apostolica
476 4909 558 4963 sedes
577 4926 622 4964 me
636 4920 801 4985 suggerente
817 4930 872 4969 non

65 4989 173 5045 modice
187 4990 334 5063 laboravit,
351 5002 404 5052 nee
415 4997 475 5069 ipse
490 5000 601 5067 venisti,
618 5018 669 5056 nec
685 5018 734 5072 pre
750 5011 775 5059 te
800 5005 873 5060 vica·

65 5075 129 5132 nam
147 5094 309 5150 personam,
335 5085 378 5138 vel
399 5084 503 5141 litteras
528 5088 567 5142 tui
583 5104 744 5156 consensus,
772 5100 801 5147 ut
829 5110 874 5148 re-

62 5165 131 5237 gulae
145 5183 233 5223 sacrae
250 5171 426 5243 praecipiunt,
439 5175 474 5229 ad
489 5192 533 5229 mc
548 5176 681 5233 direxisti.
697 5179 773 5235 Unde
789 5181 869 5252 Sym·

64 5259 177 5314 machus
191 5276 265 5332 papa
278 5264 312 5318 ad
328 5264 446 5322 lienium
462 5284 495 5324 ex
518 5271 603 5326 sacris
620 5272 723 5347 regulis
748 5275 871 5345 promul-

63 5352 136 5424 gavit
156 5352 248 5422 (Sura,
270 5373 312 5428 ep.
337 5359 381 5427 ll,
405 5361 444 5414 ed
462 5363 633 5434 cesariem),
659 5374 687 5419 ut
709 5367 731 5419 si
756 5368 874 5437 quilibet

63 5439 213 5512 episcopus
233 5447 448 5517 metropolitano
475 5451 686 5521 pontificijuxta
713 5456 872 5510 eanonicam

64 5529 257 5591 definitionem
279 5548 393 5594 vocatus
407 5541 599 5614 obtemperare
622 5546 751 5613 noluerit,
768 5549 875 5604 noverit

66 5624 876 5704 succidendumse,quodnonoptamus,ecclesiasticadis·

66 5712 179 5786 eiplina.
196 5716 291 5774 Sedet
302 5718 368 5776 binc
381 5738 398 5776 a
412 5733 628 5794 meconventus,

925 4550 1016 4626 gentis
1031 4549 1153 4620 periculo
1177 4549 1366 4616 constitutum,
1389 4551 1550 4622 baptizaret,
1574 4558 1680 4613 nullum
1696 4558 1731 4614 ad

925 4641 1116 4713 poenitentiam
1131 4640 1286 4712 quisquam,
1304 4657 1355 4696 nec
1374 4642 1455 4697 etiam
1470 4645 1583 4702 obeunti
1608 4665 1732 4706 eommu-

925 4736 1009 4791 nione
1023 4734 1119 4790 viatica
1134 4735 1256 4790 muneris
1270 4736 1447 4804 subveniret;
1476 4740 1543 4794 nulli
1558 4741 1689 4801 defuncte
1702 4746 1730 4803 in

923 4825 1086 4896 sepeliendo
1097 4825 1276 4880 humanitatis
1290 4826 1453 4899 obsequium
1469 4830 1624 4900 exhiberet;
1641 4835 1731 4893 donec

924 4929 1006 4976 auttu
1016 4921 1075 4992 ipse
1086 4921 1120 4975 ad
1135 4937 1183 4977 eos
1195 4921 1314 4989 venires,
1330 4931 1376 4977 aut
1391 4940 1406 4978 a
1420 4925 1486 4979 sede
1502 4930 1650 4998 apostoliea
1666 4931 1731 4987 inde

924 5013 1085 5068 relationem
1100 5013 1264 5085 reciperent.
1294 5013 1371 5078 Quod
1384 5015 1510 5084 audiens,
1526 5017 1623 5088 fateor,
1647 5023 1732 5078 vehe-

923 5115 1032 5162 menter
1051 5108 1189 5174 exhorrui,
1211 5115 1238 5163 et
1260 5110 1377 5179 proinde
1392 5111 1427 5166 ad
1453 5119 1489 5180 te,
1521 5115 1731 5187 metropolitana

923 5199 1121 5263 sollicitudine,
1139 5198 1243 5254 litteras
1258 5201 1330 5268 misi,
1347 5218 1464 5258 monens
1479 5212 1506 5259 et
1521 5205 1634 5261 herlans
1649 5215 1686 5275 te,
1702 5217 1732 5264 ut

924 5303 978 5350 tam
1002 5295 1169 5351 exitiabilem
1193 5299 1508 5354 excommunicationem
1532 5310 1559 5357 et
1583 5302 1732 5374 impietatis

924 5386 1129 5461 colligationem
1153 5387 1179 5441 in
1195 5395 1270 5442 tuum
1296 5397 1323 5443 et
1343 5392 1490 5446 multorum
1519 5394 1672 5464 periculum
1689 5397 1732 5450 in·

925 5483 1069 5541 tentatam,
1085 5479 1251 5547 quantocius
1271 5478 1402 5534 solveres.
1420 5481 1516 5535 Sedet
1537 5482 1570 5536 ad
1591 5483 1732 5537 ministros

926 5567 1116 5623 tardunensis
1140 5569 1278 5636 Ecclesiae,
1305 5557 1404 5626 timens
1436 5573 1556 5629 immane
1584 5574 1731 5630 multorum

926 5661 1051 5731 exitium,
1084 5663 1251 5719 certissimas
1271 5672 1298 5718 et
1327 5664 1529 5738 irrefragabiles
1556 5664 1732 5723 definitiones

637 5729 740 5784 ”unam
754 5729 877 5786 ⁸³¹i⁸s³⁰'
927 5757 1093 5831 evangelica
1106 5757 1238 5826 veritatis,
1251 5763 1279 5813 et
1287 5759 1445 5830 apostolicae
1453 5760 1634 5828 auctoritatis,
1647 5770 1731 5835 atquc
