3856 6112
108 292 167 351 569

107 436 171 492 Νοιι
180 433 247 490 hinc
261 430 393 511 egrediar
407 430 503 488 Christi
519 430 574 487 nisi
588 432 797 489 vernulaiactus

108 526 220 599 integer
230 521 377 579 exstitero.
396 543 406 569 v
424 520 572 576 Denuntiat
586 521 639 577 ista
649 522 746 577 diacon

108 616 254 681 Pontilici3
269 621 353 669 vocat
367 613 414 668 ille
430 628 529 668 novum
541 620 666 687 gnatum,
683 613 792 668 instruit
801 613 872 667 almo

111 717 258 792 Dogmata,
276 707 432 782 perlectum
444 707 549 763 laeions
563 707 839 780 baptismatesacrat;

107 808 244 877 Tempore
256 819 312 858 nec
324 803 413 858 multo
430 800 540 857 levitam
552 802 627 857 hunc
642 801 762 857 destinat
775 802 837 857 aris.

108 898 202 953 Gratia
218 901 357 968 praeterea
371 899 468 964 eontra
479 893 542 948 data
553 891 687 949 demonis
702 900 774 949 artos

108 987 209 1060 hiagna
218 982 331 1040 relulsit
342 980 510 1052 huieplures
523 979 621 1056 largita
629 980 762 1050 medelas,

109 1082 167 1136 Nec
177 1080 235 1135 diei
251 1076 328 1151 potis
343 1083 384 1132 est
399 1082 518 1150 quantas
533 1083 646 1149 operata
657 1076 769 1144 salutes,

109 1170 239 1242 lienique
255 1166 414 1240 presbyteri
431 1165 564 1221 virtutum
580 1166 699 1221 eulmine
713 1166 860 1230 scandens,

110 1263 302 1335 Doctrinaque
319 1260 422 1329 nitens,
439 1257 504 1315 fidei
519 1259 642 1333 percepit
652 1261 801 1329 honorem,

110 1352 235 1407 Praesule
249 1348 395 1417 defuncto,
415 1348 535 1420 sumpsit
550 1365 604 1421 quo
619 1365 696 1404 saera
712 1350 838 1417 lavacri,-

110 1440 241 1495 Praesulis
260 1437 387 1494 ollieium
402 1436 510 1492 meritis
523 1437 636 1492 sortitus
648 1438 783 1502 honestis,

107 1532 309 1602 tusttnamque
321 1529 371 1583 Dei
389 1526 519 1584 lamulam
531 1527 595 1585 lacit
610 1544 671 1584 esse
686 1527 842 1584 ministram

109 1623 223 1688 hilaris,
238 1621 285 1677 dat
298 1620 434 1696 virgineis
447 1619 615 1694 praefertque
627 1621 745 1676 choreis.

151 1710 288 1766 Cordibus
323 1708 389 1764 hinc
420 1707 561 1764 hominum
592 1708 688 1764 Christi
723 1707 789 1762 dum
828 1702 935 1760 semina

395 288 436 344 oa
454 274 639 344 rnrournrs
659 287 789 344 cnnrsrr
808 277 997 342 surrectum
1017 280 1133 343 casus
1153 285 1242 344 urunt
1262 286 1339 346 uuo.
1360 321 1395 334 -
1414 293 1479 349 ua.
1500 294 1522 348 1.

1736 280 1791 338 570

894 486 901 495 ἢ
941 407 1074 479 glimen
1090 420 1121 469 ut
1135 413 1228 469 ostioli
1248 415 1340 490 tetigit
1355 418 1494 475 resolutus
1509 417 1543 475 ab
1563 423 1633 481 arte,

978 498 1038 569 lpse
1058 500 1205 557 videbatur
1220 502 1319 558 nolens
1335 503 1494 577 Cyprianus,
1511 515 1538 562 et
1550 507 1667 561 horrens

978 579 1102 653 Qualiter
1112 593 1248 660 heladius,
1265 610 1362 665 passer
1374 596 1578 653 malelactusab
1593 595 1666 666 ipso,

978 682 1061 738 Tecta
1069 684 1271 756 supervolitans
1285 690 1456 756 superaverit
1466 689 1518 743 alta
1537 685 1648 758 puellae,

980 770 1035 827 Sed
1058 773 1183 828 residens
1199 771 1307 843 plumas
1326 775 1423 846 positis
1438 771 1624 831 amiseritalis

981 863 1084 920 invitus
1096 863 1399 938 juvenispropriosque
1414 862 1596 936 resumpserit
1610 864 1687 915 artus

982 953 1120 1024 Depositis
1135 953 1234 1024 pinnas
1248 952 1312 1007 talis
1326 953 1373 1025 qui
1394 955 1558 1010 ascenderat
1572 948 1640 1016 alis;

983 1048 1094 1120 Spicula
1104 1063 1166 1120 quse
1176 1047 1283 1102 dederit
1296 1047 1447 1119 replicans,
1462 1045 1535 1102 mala
1544 1050 1647 1115 quanta
1657 1045 1763 1116 pararit

983 1139 1145 1202 Fraudibus
1162 1143 1191 1192 ut
1205 1143 1299 1208 posset
1312 1135 1412 1191 iontem
1433 1140 1545 1206 captare
1558 1132 1689 1201 puellam,

984 1230 1127 1296 Quomodo
1142 1236 1240 1285 cuneta
1254 1227 1353 1282 videns
1368 1225 1472 1282 dimisti
1487 1228 1601 1278 vacuata
1613 1224 1708 1301 vigore

983 1324 1048 1378 Tela
1060 1323 1113 1389 sul,
1132 1330 1226 1379 centra
1240 1334 1302 1390 qure
1315 1317 1440 1391 virginis
1454 1321 1515 1370 aeta
1531 1315 1674 1386 pudorem,

982 1418 1097 1474 lustina
1111 1414 1193 1486 eoepit
1208 1411 1312 1468 crebris
1327 1408 1471 1463 extollere
1480 1420 1580 1463 nomen

984 1507 1120 1581 Eloquiis3
1134 1505 1252 1575 ideoque
1266 1495 1452 1572 lugientibus
1466 1492 1531 1552 inde
1546 1499 1679 1560 ministris

983 1595 1131 1668 Spiritibus
1143 1593 1196 1648 sibi
1210 1586 1362 1651 concessis,
1375 1584 1452 1656 quia
1469 1582 1539 1642 ferre
1553 1593 1701 1664 nequirent

985 1685 1108 1760 Egregie
1119 1698 1222 1739 nornen
1237 1679 1336 1733 saitem
1352 1687 1499 1730 resonare
1515 1681 1629 1749 puellae;

769 1793 893 1869 [spargig
941 1775 967 1841 ll
982 1776 1096 1847 impotis
1109 1785 1139 1830 ut
1156 1772 1229 1844 regis
1242 1765 1330 1842 magis
1344 1762 1419 1817 hinc
1431 1774 1693 1831 contemneremus

108 1889 153 1944 Pit
172 1901 280 1942 memor
295 1885 356 1957 ipso
370 1884 427 1952 sui,
443 1883 550 1941 Satanae
566 1902 635 1959 quas
650 1885 757 1941 vicerat
772 1890 845 1939 artes

108 1976 272 2044 Notilieans,
287 1975 350 2049 quis
360 1975 525 2047 squalluerit
538 1977 708 2033 constrictus
721 1975 836 2040 ahenis;

108 2070 262 2123 Accusator
273 2070 304 2120 ut
317 2071 360 2119 est
379 2064 478 2120 solitus
492 2064 550 2120 lieri
563 2067 616 2123 sibi
628 2065 735 2136 justus,

106 2160 227 2212 Accusat
242 2168 304 2209 sese
320 2152 396 2208 haud
411 2152 494 2208 luerit
509 2155 583 2225 quod
595 2155 717 2228 nequior
731 2151 818 2218 ullus,

108 2253 250 2306 Enarrans
263 2254 293 2303 ut
307 2263 371 2303 eum
381 2246 486 2304 Phoebo
499 2248 630 2305 addixero
646 2254 791 2320 parentes,

109 2342 202 2411 thue
213 2336 377 2394 ministrarit
392 2337 484 2392 Dianae
499 2336 526 2391 in
543 2345 637 2395 mente
653 2335 782 2392 draconi.

106 2432 170 2487 Non
186 2429 278 2487 oelans
290 2435 321 2485 ut
340 2427 512 2500 olympiacas
526 2430 641 2486 servivit
661 2428 697 2483 ad
714 2443 789 2493 aras,

109 2524 172 2580 lllie
185 2522 319 2597 sacrilego
341 2529 482 2592 promotus
496 2523 601 2582 honore
617 2524 764 2588 sacerdos,

106 2609 398 2666 baemonicasdiscens
407 2609 488 2677 vires,
500 2612 692 2681 phantasmata
704 2610 816 2673 divum,

107 2701 258 2773 aeriasque
268 2705 429 2772 potestates,
441 2699 593 2774 insanaque
608 2702 705 2769 verba,

111 2790 199 2855 Bella,
209 2804 299 2857 sonos,
310 2788 451 2860 strepitus,
463 2789 572 2858 herbas,
585 2791 745 2859 mendacia,
758 2788 891 2855 fraudes3

111 2880 164 2947 Qui
177 2878 264 2934 varias
276 2877 344 2934 varii
361 2884 510 2950 properant
519 2864 653 2937 seducere
665 2886 782 2957 gentes;

113 2971 149 3026 llt
162 2976 223 3041 post
236 2967 379 3044 lligyptum
400 2964 526 3023 Chaldaea
539 2969 668 3039 petiverit
682 2982 747 3024 arva

113 3065 204 3134 Atque
219 3059 440 3116 mathematicam
457 3069 589 3116 necturna
602 3077 652 3134 per
664 3068 738 3116 astra
752 3060 872 3126 notavit;

116 3154 356 3211 haemonicasillos
370 3162 478 3210 constat
492 3170 560 3228 quas
574 3173 686 3213 sumere
703 3157 817 3221 immas,

115 3248 212 3312 Actus,
224 3261 331 3302 errores
342 3245 457 3322 magicis
471 3245 623 3323 depingere
637 3248 730 3314 libris;

119 3339 153 3394 Ut
163 3338 276 3407 studuit,
288 3337 365 3394 tetris
382 3339 502 3394 imbutus
517 3337 786 3405 fraudibushorum3

118 3427 242 3501 Angelus
254 3435 284 3483 ut
299 3427 407 3483 Solane
422 3427 491 3483 lueis
503 3444 534 3484 se
548 3429 632 3486 comit
643 3430 767 3495 honore;

120 3518 245 3584 Qualiter
262 3518 353 3575 aerius
367 3519 497 3592 princeps
507 3536 536 3576 sa
549 3521 719 3592 prompserit
732 3518 784 3588 illi,

125 3609 268 3682 Colloquio
283 3617 415 3683 reputans
430 3612 543 3684 dignum
564 3612 688 3684 proprio,
704 3621 788 3684 atque
803 3612 937 3682 salutans,

123 3699 305 3772 astutumque
333 3716 445 3766 vocans,
479 3716 605 3771 puerum,
641 3701 831 3774 placitumque
858 3703 939 3759 mini·

795 3790 902 3862 latrum,

122 3880 200 3933 lnter
211 3877 345 3949 primores
358 3879 419 3948 ejus
433 3880 480 3951 qui
495 3879 597 3954 dignus
616 3879 712 3936 haberi

123 3972 281 4028 Promeruit
295 3975 409 4045 primas,
426 3981 453 4029 et
466 3973 539 4030 lilius
556 3975 622 4030 inde
638 3975 741 4042 vocari,

124 4065 158 4119 tu
173 4064 228 4118 sibi
239 4065 404 4135 promissum
420 4066 553 4137 compleri
567 4083 685 4140 quaeque
700 4067 822 4138 petisset,

124 4152 161 4206 Ac
182 4151 349 4208 desiderium
364 4152 415 4208 sibi
431 4153 506 4225 quod
522 4153 648 4210 libuisset
660 4155 819 4228 agendum:

125 4241 213 4312 lnque
227 4241 380 4297 ministerio
395 4241 490 4297 cuneis
506 4243 625 4314 stipatus
640 4245 748 4316 adeptis

123 4333 298 4399 Umbrarum,
313 4333 415 4410 gaudet
429 4349 560 4406 proceres
572 4335 676 4392 servire
690 4344 811 4408 paratos,

124 4424 258 4480 Mirantur
272 4424 319 4497 qui
335 4425 396 4480 talis
409 4426 473 4481 huic
488 4428 561 4500 quod
578 4428 670 4483 dedita
685 4429 783 4497 virtus,

117 4519 258 4589 ‚Argutnm
275 4513 349 4586 quod
364 4515 438 4586 apud
452 4532 544 4592 regem
558 4517 752 4575 lidueiatanta.

125 4602 307 4675 Prosequitur
317 4603 416 4675 quales
426 4621 473 4660 rex
483 4606 527 4661 hie
539 4606 593 4661 sibi
606 4606 691 4683 lingat
700 4608 830 4665 honores.

123 4693 156 4747 lit
169 4707 231 4763 quae
243 4708 314 4748 vana
327 4701 411 4759 creat,
428 4691 540 4750 fraudes
556 4710 611 4768 quo
628 4705 765 4769 preparat
776 4708 851 4766 astu;

123 4784 201 4849 Quos
216 4791 385 4856 quantosque
399 4785 479 4841 dolos
492 4785 608 4842 lustinae
623 4786 767 4844 intorserit
781 4790 859 4857 olim,

124 4874 216 4945 thue
232 4873 270 4928 illi
285 4873 337 4930 sibi
352 4883 496 4947 parentum
511 4879 695 4936 transmiserit
709 4896 820 4956 agmen,

125 4968 196 5022 lline
210 4967 298 5039 ipsum
309 4969 371 5024 tetri
388 4986 479 5046 regern
494 4988 555 5027 cum
575 4973 664 5029 milite
678 4974 743 5030 belli

122 5060 260 5131 Tempore
280 5070 418 5119 certamen
431 5075 535 5136 quanto
546 5068 695 5137 patraverit
709 5069 782 5126 istud
794 5087 801 5135 ;

123 5153 159 5208 Ut
168 5168 262 5227 regem
275 5154 375 5210 victum
388 5155 498 5212 undem
515 5157 569 5211 sibi
580 5159 693 5216 demere
708 5174 829 5218 amorem

123 5246 228 5314 oravit,
239 5262 320 5319 quom
335 5263 391 5304 non
405 5250 525 5305 validum
541 5251 668 5308 conferre
684 5255 818 5311 medelam

122 5336 285 5408 Opprobriis
300 5337 380 5410 petiit
392 5339 486 5396 multis
500 5358 657 5415 vanumque
672 5345 816 5415 probavit;

123 5429 228 5484 Versus
246 5438 276 5486 ut
289 5430 450 5506 inspeciem
466 5432 579 5490 lestines
594 5437 721 5508 apparuit
737 5438 786 5507 illi,

121 5517 211 5586 liuius
227 5524 257 5574 ut
271 5521 413 5592 accipiens
427 5536 530 5578 nomen
545 5522 660 5580 defluxit
672 5533 702 5581 ut
715 5525 829 5593 ambra;

121 5611 156 5668 llt
169 5612 334 5672 Zoroastren
348 5615 473 5672 diversas
487 5625 544 5674 arte
559 5618 660 5695 figuras

121 5705 260 5778 lnduerit‚
274 5708 374 5765 mulier
385 5709 429 5765 vel
448 5710 507 5767 avis
521 5710 619 5782 iactus,
635 5720 663 5770 et
682 5712 742 5783 eius

984 1861 1113 1932 Coeperit,
1125 1857 1295 1931 exprobrans
1308 1857 1336 1906 et
1346 1849 1569 1928 frivolasceptra
1584 1860 1716 1929 refutans,

984 1956 1120 2025 hhjurans
1135 1956 1211 2027 leges
1226 1959 1254 2004 et
1267 1945 1406 2018 principis
1421 1963 1499 2004 arma
1513 1952 1637 2021 nelandi,

986 2044 1063 2098 Vires
1075 2040 1258 2118 magnificans
1269 2034 1379 2102 Christi,
1398 2051 1558 2112 nomenque
1573 2042 1731 2116 decusque,

986 2135 1020 2190 Ut
1033 2150 1063 2189 se
1078 2131 1190 2207 flagitiis
1205 2128 1270 2183 duur
1286 2126 1403 2197 penitet
1418 2143 1480 2184 esse
1495 2131 1638 2188 subactum

986 2225 1090 2290 Tantis,
1106 2234 1246 2278 exacuens
1261 2233 1378 2288 serpens
1392 2221 1537 2276 molimina
1553 2223 1612 2278 dira

988 2318 1140 2391 ilggressus
1155 2308 1240 2364 nimia
1259 2308 1285 2362 vi
1295 2307 1429 2365 suffocare
1445 2312 1551 2382 paravit

933 2455 938 2467 ,
987 2404 1220 2469 Semineeemque
1234 2396 1322 2463 dedit,
1338 2397 1435 2454 Christi
1450 2401 1500 2455 sed
1516 2401 1629 2457 nomine
1641 2401 1727 2468 dioto,

987 2500 1072 2574 Signa
1086 2492 1177 2550 erucis
1192 2491 1307 2559 iaciens,
1322 2496 1440 2550 evaserit
1454 2511 1503 2552 ora
1515 2496 1644 2553 draconis

982 2585 1113 2667 igniferi,
1127 2582 1232 2639 rabidis
1251 2590 1394 2656 exemptus
1409 2585 1535 2642 faucibus
1554 2588 1661 2662 anguis.

987 2683 1019 2737 tlt
1035 2688 1150 2751 quoque
1165 2673 1251 2727 multa
1263 2671 1373 2727 minans
1386 2689 1417 2728 se
1433 2673 1580 2746 desperare
1594 2677 1712 2731 salutem

981 2768 1167 2843 compulerit,
1195 2784 1246 2824 nec
1280 2783 1343 2824 eum
1372 2778 1464 2826 tamen
1503 2770 1566 2826 hiuc
1597 2771 1649 2826 sibi
1677 2770 1799 2828 subdere

1652 2858 1763 2937 [quivit.

978 2960 1033 3027 Qui
1051 2971 1138 3027 super
1153 2955 1235 3012 istum
1251 2954 1425 3015 Christicolas
1440 2954 1677 3032 rogitavitamieos

951 3098 963 3120 ,
978 3057 1021 3111 Αιι
1045 3070 1077 3109 se
1088 3061 1144 3108 tam
1159 3053 1288 3109 miserum
1303 3053 1425 3111 clemens
1438 3051 1577 3108 miseratio
1593 3048 1691 3108 Christi

978 3146 1136 3204 Tantorum
1157 3152 1269 3219 cuperet
1282 3145 1416 3201 scelerum
1432 3144 1581 3200 vincimine
1596 3160 1706 3199 nexum.

978 3242 1059 3298 Tune
1073 3250 1157 3307 artes,
1174 3241 1294 3307 fraudes,
1311 3247 1423 3306 mortes,
1443 3247 1548 3312 stupra,
1560 3239 1617 3294 liba
1635 3239 1761 3308 revolvit,

980 3333 1070 3390 hiulta
1084 3348 1191 3389 venena
1205 3349 1320 3390 vomens
1335 3332 1463 3407 lacrymis
1477 3347 1588 3406 quoque
1602 3330 1717 3387 erimina
1733 3346 1799 3404 pur-

1701 3440 1751 3480 ans

988 3519 1111 3576 Offusum
1127 3520 1254 3594 lacrymis
1269 3520 1365 3578 dulces
1378 3522 1501 3578 solantur
1512 3520 1592 3576 amici
1672 3423 1699 3501 [g
1753 3464 1761 3492 l

989 3610 1079 3682 Elpia
1094 3611 1128 3666 de
1143 3613 1267 3670 bonitate
1282 3614 1331 3669 liei
1346 3614 1536 3688 paradigmata
1551 3618 1690 3683 promunt,

988 3705 1179 3778 httollnntque
1190 3709 1300 3765 animos
1313 3726 1414 3781 magno
1428 3709 1479 3765 suh
1494 3708 1566 3763 lasea
1581 3707 1714 3762 labantes.

989 3793 1130 3865 Praecipue
1146 3798 1266 3866 quodam
1283 3797 1370 3853 nitido
1384 3812 1512 3853 sermone
1526 3794 1631 3849 diserto

988 3885 1107 3942 Eusebio
1126 3888 1218 3963 dignis
1234 3890 1309 3944 illum
1322 3890 1484 3945 exhortaute
1501 3885 1625 3958 prolatis,

988 3978 1027 4033 td
1040 3992 1118 4048 spem
1135 3988 1278 4049 promotus
1297 3979 1407 4035 Domini
1420 3986 1450 4034 ut
1462 3978 1564 4049 pietate
1574 3976 1679 4032 levatur

988 4067 1116 4124 Solamen
1130 4071 1255 4142 capiens,
1273 4069 1390 4126 facunde
1402 4071 1454 4126 hoc
1470 4066 1637 4130 notificante,

989 4158 1138 4228 Scripturas
1154 4166 1182 4214 et
1195 4175 1280 4216 sacrae
1292 4160 1400 4216 diversa
1411 4157 1574 4232 probamina
1585 4157 1679 4222 dante,

989 4247 1103 4301 Dextera
1114 4247 1188 4303 celsa
1201 4249 1250 4303 liei
1268 4248 1363 4320 quales
1382 4248 1529 4305 mutaverit
1541 4254 1638 4315 aetus;

989 4334 1105 4391 Verterit
1119 4344 1149 4391 ut
1160 4352 1270 4407 pravos,
1284 4339 1403 4394 erexerit
1412 4337 1490 4394 ocius
1504 4337 1600 4393 almos.

990 4423 1089 4479 linctus
1104 4422 1132 4477 in
1148 4424 1292 4479 ecelesiam
1308 4427 1432 4497 percepit
1444 4425 1479 4481 ab
1491 4426 1555 4480 inde
1565 4425 1693 4489 salutem,

989 4514 1201 4586 Combussitque
1215 4515 1302 4572 libros
1320 4517 1387 4572 artis
1400 4516 1531 4591 figmenta
1544 4517 1676 4589 prolanae.

991 4605 1076 4676 idque
1092 4602 1140 4659 ubi
1151 4605 1281 4680 coguovit
1296 4604 1524 4674 laetum,lustina
1538 4604 1640 4661 dicavit

992 4701 1027 4756 Se
1043 4699 1160 4765 Christo,
1176 4700 1300 4756 vendens
1310 4700 1430 4771 pretiosa
1445 4699 1652 4756 moniliacultus

993 4796 1126 4863 Feminei,
1148 4813 1264 4870 quorum
1279 4797 1396 4870 pretium
1409 4796 1522 4873 largitur
1536 4796 1642 4872 egenis.

987 4890 1053 4948 Post
1068 4891 1165 4948 doctor
1177 4890 1265 4947 iactus
1285 4888 1448 4962 Cyprianus,
1463 4894 1490 4946 el
1504 4889 1601 4946 omnia
1613 4890 1727 4955 callens,

985 4982 1048 5038 Tela
1058 4980 1225 5037 venenifera
1240 4980 1326 5053 pestis
1339 4979 1452 5038 vitanda
1465 4981 1593 5048 docebat,

987 5071 1164 5148 anguigenas
1179 5069 1301 5140 fraudes,
1318 5071 1456 5129 anfractus
1472 5072 1544 5128 furta
1560 5073 1691 5130 notando.

1022 5163 1055 5218 ht
1068 5162 1150 5218 draco
1164 5160 1282 5230 virosus,
1298 5179 1419 5219 moerens
1433 5179 1483 5219 sna
1498 5162 1612 5220 erimina
1626 5163 1722 5235 pandi,

987 5256 1074 5327 htqm
1088 5269 1145 5310 sua
1158 5252 1193 5308 de
1206 5269 1236 5309 se
1251 5253 1351 5326 praedae
1364 5262 1489 5325 spectare
1505 5253 1674 5326 triumphum

988 5348 1071 5404 llulla
1086 5347 1193 5415 dolens,
1208 5347 1317 5425 Stygias
1331 5347 1562 5424 animosinstigat
1573 5350 1602 5406 in
1619 5351 1673 5406 iras

988 5439 1123 5512 Principis
1139 5437 1196 5506 Eoi,
1212 5449 1319 5513 quaerat
1334 5456 1389 5513 quo
1403 5441 1541 5517 dogmatis
1556 5441 1638 5512 huius

988 5528 1163 5603 Christiloqni
1179 5545 1279 5607 magno
1295 5528 1461 5603 Cyprianum
1472 5534 1535 5603 jure
1549 5533 1723 5609 magistrum,

987 5623 1037 5689 Qui
1051 5623 1164 5694 multas,
1176 5623 1273 5694 juncta
1284 5626 1404 5703 quadam
1419 5627 1472 5683 sibi
1488 5627 1605 5702 virgine,
1622 5626 1712 5686 lirmat

988 5714 1018 5770 ln
1033 5712 1130 5771 Christi
1146 5721 1269 5788 perstare
1283 5714 1338 5774 fide
1353 5732 1404 5774 nee
1416 5720 1517 5776 cedere
1535 5717 1638 5796 llagris.
