3840 6106
63 249 99 304 73
397 248 561 305 lllSTORIAE
581 250 746 307 ECCLESlAE
767 252 931 308 REMENSIS
952 253 1038 308 llBRl
1060 254 1223 318 QUlelitR.
1240 286 1273 294 -
1295 256 1355 308 ixit.
1379 256 1396 309 l⁴
1697 262 1734 313 'il

63 377 129 431 biae
141 377 317 432 abscederes?
330 377 384 433 Sed
398 381 465 448 quio
475 395 586 449 perpere
599 384 792 452 contempsisti,
803 383 873 436 alio-
885 387 910 455 Α
920 381 1048 452 fiscalini,
1063 393 1168 440 terrore
1178 385 1307 455 perculsi,
1320 386 1415 440 mortis
1431 385 1577 442 imminere
1591 387 1644 444 sibi
1659 391 1735 460 peri-

63 485 127 523 rum
142 469 327 539 deportatione
351 470 481 526 discedes.
499 472 532 527 Et
547 475 682 544 percussit
700 473 773 529 illam
797 474 872 548 virga

64 577 149 633 quam
169 561 281 617 tenebat
297 562 325 617 in
341 578 423 618 manu
451 580 512 635 quve
529 580 591 620 mox
608 566 635 620 in
652 566 800 621 maximum
815 574 872 622 toto

63 666 181 723 corpore
195 667 329 708 conversa
344 659 490 719 tumorem,
511 654 571 709 viro
585 671 646 719 suo,
664 657 737 728 quod
757 656 872 724 viderat,

63 741 183 813 aliisque
193 741 423 808 nonnullisdixit,
433 752 461 798 et
475 759 525 814 per
536 743 642 815 aliquot
657 745 718 800 dies
728 747 874 802 severissi-

64 848 108 887 me
128 830 353 898 cruciata,vitam
374 827 472 885 finivit.
490 831 572 900 Cujus
599 849 700 904 corpus
713 834 755 889 vir
770 835 830 903 ejus
845 835 873 889 in

63 922 183 978 ecclesia
195 902 222 975 S'.
239 919 356 991 Remigii
372 920 523 992 deportari,
539 929 566 976 et
580 920 683 976 ibidem
699 923 812 994 sepeliri
833 922 845 977 i
859 953 874 964 -

63 1016 111 1071 cit.
126 1014 205 1080 Quod
232 1020 325 1068 autem
340 1011 423 1067 lunas
442 1011 528 1082 ipsius
550 1012 577 1067 iu
593 1013 710 1069 ecclesia
728 1031 778 1069 sua
794 1015 874 1070 Pater

63 1107 110 1164 lxie
128 1107 219 1161 almus
243 1104 390 1176 receperit,
420 1120 475 1160 non
501 1105 570 1160 adeo
588 1105 742 1170 mirabitur,
760 1107 782 1161 si
809 1107 873 1179 quis

63 1199 148 1272 digne
163 1197 344 1270 perpenderit
357 1196 504 1268 quasaneti
514 1196 649 1253 vindictas
665 1198 692 1252 in
705 1199 873 1271 delinquen-

64 1295 108 1343 tes
117 1303 248 1343 exercere
263 1286 371 1341 soleam
390 1285 560 1341 intentione:
576 1286 704 1342 videlicet
718 1294 758 1352 ut,
775 1289 802 1343 si
814 1304 873 1359 poe-

66 1380 210 1445 nituerint,
234 1379 279 1434 hie
312 1378 446 1449 recipiunt
470 1377 544 1449 quod
572 1389 723 1449 merentur,
744 1397 778 1437 ne
812 1390 874 1456 post

63 1471 176 1528 aeternis
191 1470 336 1542 suppliciis
353 1470 526 1533 addicantur,
548 1479 577 1527 ut
593 1471 619 1526 in
638 1473 742 1548 Regum
758 1472 830 1530 libro
842 1476 876 1531 de

63 1563 321 1637 prophetalegitur,
333 1563 379 1635 qui
394 1563 435 1618 ori
449 1563 558 1618 Domini
584 1565 750 1621 inobediens
762 1569 876 1633 exstitit,

63 1663 90 1709 et
100 1655 208 1708 aleone
221 1652 491 1723 percussusinteriit,
502 1660 583 1724 atque
591 1661 655 1724 post
664 1653 800 1710 ultionem
812 1673 877 1726 per-

923 476 983 531 eula
998 475 1089 538 veriti,
1119 474 1287 544 tandemque
1304 475 1432 546 correpti,
1450 487 1594 533 cessarunt
1610 477 1642 532 ab
1659 479 1733 532 alili-

923 568 1014 623 ctione
1026 566 1155 639 pauperis
1175 567 1200 619 S.
1220 565 1347 638 Remigii.
1365 567 1418 621 Sed
1434 569 1498 638 quia
1527 586 1606 625 secus
1624 587 1733 626 amnem

923 659 1015 713 Suram
1031 660 1128 726 [Serrei
1144 659 1205 714 loeo
1222 659 1310 713 lutoso
1330 657 1470 726 manebat,
1487 677 1517 714 οι
1545 661 1573 716 in
1584 661 1643 717 suis
1655 660 1734 717 bubi-

924 753 1020 808 taeulis
1034 769 1049 807 a
1064 751 1244 823 serpentibus
1258 749 1414 805 molestiam
1432 768 1556 825 magnam
1566 754 1733 821 sustinebat,

925 841 1064 913 accipiens
1079 841 1230 911 pulverem,
1247 855 1330 911 quern
1355 856 1448 894 secum
1464 839 1498 893 ab
1514 841 1638 896 ecelesiae
1655 843 1733 913 pavi-

925 937 1018 985 mento
1031 929 1176 985 collectum
1195 928 1342 994 detulerat,
1362 944 1410 999 per
1440 927 1596 984 habitacula
1623 947 1672 985 sua
1688 947 1733 984 re-

923 1019 1042 1090 spersit;
1058 1026 1192 1089 acpostea
1208 1033 1323 1088 serpens
1338 1020 1364 1072 in
1374 1019 1479 1073 eisdem
1496 1018 1564 1073 locis
1576 1035 1630 1074 uon
1647 1036 1732 1090 appa-

924 1108 988 1162 ruit.
1005 1107 1181 1177 compertum
1197 1121 1307 1178 quoque
1324 1107 1439 1161 traditur
1453 1107 1528 1178 quod
1552 1106 1579 1160 iu
1605 1107 1735 1162 omnibus

924 1199 1049 1254 ecelesiae
1065 1198 1138 1252 beati
1167 1196 1284 1269 Remigii
1309 1198 1573 1269 circumjacentibus
1587 1198 1674 1263 atriis,
1693 1200 1734 1252 vel
1829 1214 1833 1221 ’

923 1287 1099 1353 coemeteriis,
1113 1286 1228 1342 coluber
1243 1287 1606 1358 nunquamsoleatinveniri
1622 1304 1629 1340 :
1645 1287 1736 1341 sedet

923 1378 946 1433 si
977 1379 1085 1434 delatus
1109 1379 1162 1433 hue
1181 1378 1358 1450 aliquomodo
1388 1378 1480 1442 luerit,
1506 1379 1664 1434 nullatenus
1693 1378 1737 1433 liic

928 1471 1020 1526 vivere
1036 1470 1133 1542 possit.

964 1562 1099 1633 Tempore
1114 1561 1616 1633 domnillincmaripraesulis,quidam
1635 1562 1737 1635 Blitga-

929 1650 985 1705 rius
1000 1650 1124 1706 ecelesia
1145 1667 1270 1705 mansum
1292 1650 1400 1704 invilla
1423 1650 1548 1716 Teuoilo,
1560 1651 1633 1720 apud
1650 1651 1737 1723 ipsius

62 1741 375 1821 ceptameorpusipsius
391 1740 522 1796 intactum
539 1740 622 1796 alera
634 1743 764 1798 remansit
777 1746 872 1814 (lRep.
891 1744 1054 1822 Beeelesiae
1070 1744 1213 1799 custodem
1230 1743 1387 1814 impetravit
1413 1743 1513 1813 pretio,
1530 1742 1604 1797 unde
1619 1741 1737 1799 famulos

62 1833 123 1898 nn)
139 1829 216 1895 Quod
223 1845 289 1885 vero
298 1830 467 1901 praemissam
474 1830 876 1895 mulieremteradmonereeu·

63 1926 175 1991 raverit,
189 1940 239 1979 nee
254 1940 315 1979 earn
336 1925 425 1996 primo
440 1924 483 1979 vel
496 1927 620 1981 seeundo
633 1927 758 1995 visitans,
772 1924 873 2000 pereu-

60 2023 121 2069 tere
136 2013 224 2069 voluit
247 2017 340 2086 (quani
360 2022 453 2068 tamen
469 2013 575 2069 ultione
590 2015 763 2086 plectendam
779 2025 874 2088 utpote

63 2106 118 2162 [leo
134 2106 301 2174 conjunctus
318 2121 372 2162 non
390 2106 532 2181 ignoravit)
550 2108 617 2179 quid
631 2109 707 2164 aliud
721 2128 803 2182 quam
821 2128 873 2182 pa-

62 2196 168 2252 tientiae
184 2194 265 2250 nobis
275 2196 400 2265 exempla
412 2195 580 2266 proposuit?
595 2214 630 2252 ne
642 2199 748 2254 seilicet
763 2201 797 2254 ad
810 2215 876 2272 pro-

63 2283 209 2339 ferendam
225 2285 253 2338 in
273 2299 411 2355 quemque
433 2284 576 2340 scientiam
602 2284 697 2341 faciles
712 2287 810 2354 simus,
827 2289 873 2359 qui

62 2373 118 2427 lleo
134 2389 186 2444 per
197 2373 305 2427 diversa
320 2373 516 2448 disjungimur,
532 2390 594 2429 curn
616 2382 643 2430 et
658 2392 722 2430 eum
738 2376 875 2446 patienter

60 2473 223 2536 exspectare
237 2465 397 2536 probemus,
426 2481 509 2537 quern
540 2466 596 2522 ileo
623 2468 773 2536 collatore,
790 2477 873 2541 atque

61 2573 124 2611 eum
142 2557 204 2627 ipso
220 2556 348 2625 judicare
358 2555 535 2613 confidimus.

95 2649 230 2705 ldoderuo
246 2649 491 2720 ternporeeolonus
507 2650 620 2722 quidam
636 2650 710 2707 villa
727 2651 873 2709 Remensis

61 2737 199 2809 episcopi,
227 2754 290 2809 quae
305 2738 435 2809 plumbea
465 2739 586 2795 Fontana
615 2740 725 2808 dicitur,
757 2759 873 2797 manens

60 2829 138 2896 juxta
152 2828 222 2903 regii
245 2828 338 2883 villam
355 2828 425 2895 fisci,
442 2846 525 2901 quarn
542 2831 671 2886 Rosetum
694 2840 803 2900 vocant,
819 2848 871 2886 ne-

62 2934 116 2989 que
131 2933 262 2983 messem,
280 2934 371 2990 neque
397 2928 516 2990 pratum.
543 2926 706 2975 caeterumve
722 2921 870 2990 peculium.

63 3017 178 3078 propter
193 3005 378 3062 fiscalinorum
409 3006 624 3074 infestationem,
653 3008 756 3063 habere
779 3011 873 3082 quiete

926 1838 1014 1891 saneti
1032 1837 1148 1911 Remigii
1166 1838 1248 1906 eiecit
1262 1854 1324 1894 cum
1350 1838 1476 1911 flagellis,
1495 1838 1736 1894 conclamantibus

924 1928 964 1983 eis
980 1929 1005 1983 S.
1024 1929 1177 2002 Remigium
1192 1930 1245 1984 sibi
1267 1930 1338 1985 terre
1357 1930 1524 1985 subsidium.
1547 1929 1736 1996 Quibusidern

925 2021 1072 2096 Blitgarius
1087 2038 1148 2076 eum
1166 2022 1294 2078 irrisione
1308 2022 1393 2077 dixit:
1410 2023 1603 2092 Modoporebit
1617 2023 1738 2093 qttuiiter·

924 2126 970 2165 uos
990 2116 1100 2166 sanetus
1120 2115 1257 2179 Remigius
1276 2112 1429 2182 adiuvabit.
1454 2113 1548 2167 Videte
1562 2112 1694 2182 quoarodo
1707 2114 1736 2165 iu

925 2203 1097 2272 uttjutorium
1111 2207 1229 2257 uestrum
1242 2206 1324 2258 corito.
1350 2203 1465 2275 Moxque
1482 2203 1554 2259 inter
1565 2205 1624 2259 huie
1639 2203 1735 2268 verba,

927 2292 1046 2346 maximo
1074 2291 1195 2346 elamore
1229 2292 1436 2366 ingemiscens,
1471 2293 1590 2348 mirabili
1626 2301 1736 2367 turgore
1770 2328 1776 2335 ·

925 2383 1062 2439 distentus
1078 2384 1215 2445 intumuit.
1234 2391 1261 2438 et
1274 2384 1404 2455 expirans
1420 2384 1528 2456 crepuit
1542 2385 1661 2440 medius.
1679 2385 1736 2451 Qua

924 2472 1046 2529 vindicta
1061 2473 1420 2550 commonemur'ultionem
1449 2473 1571 2527 divinam
1600 2474 1733 2544 pertime-

925 2578 1013 2628 scere,
1027 2560 1177 2618 crudeliter
1200 2561 1413 2617 ecclesiasticam
1435 2577 1490 2617 non
1518 2569 1633 2617 tractare
1651 2562 1734 2616 iami-

924 2650 999 2715 liam,
1014 2658 1040 2705 et
1056 2651 1084 2704 iu
1099 2651 1184 2705 Deum
1201 2667 1232 2706 ae
1251 2660 1361 2706 sanctos
1370 2650 1431 2719 ejus
1443 2666 1620 2723 summopere
1636 2667 1734 2706 cavere

925 2738 1135 2809 blasphemiam.

959 2829 1064 2884 Nostris
1081 2829 1146 2884 olim
1163 2827 1262 2885 diebus
1278 2828 1390 2900 quidam
1406 2827 1567 2882 Waruerius
1583 2828 1645 2900 pagi
1668 2828 1737 2883 Vor-

925 2918 1062 2972 macensis
1084 2933 1184 2973 euntes.
1203 2934 1247 2972 res
1262 2919 1349 2973 sancti
1376 2918 1495 2990 Remigii
1525 2920 1691 2990 pruinissas,
1708 2920 1735 2973 ia

925 3009 1030 3081 Vosago
1046 3007 1122 3074 sitas,
1137 3006 1282 3070 invadens,
1299 3007 1460 3063 hominibus
1473 3009 1733 3065 suisdislribuerat.

64 3094 287 3150 valebattunde
313 3110 388 3166 saepe
413 3096 548 3165 Justitiam
579 3097 652 3168 apud
676 3079 1181 3154 ministerialesCVoniensamemu
1219 3097 1360 3171 Remigius
1374 3098 1409 3152 ad
1428 3098 1601 3173 llerigarium
1619 3098 1736 3171 llogun-

64 3188 153 3264 regios
167 3188 224 3243 sibi
250 3188 310 3244 lieri
323 3189 411 3260 petiit,
437 3206 489 3246 noe
503 3190 631 3246 obtinere
653 3193 750 3264 potuit.
766 3193 873 3249 invenit
924 3193 969 3248 tiae
985 3193 1145 3264 praesulem,
1160 3192 1189 3246 in
1205 3192 1310 3248 somnis
1323 3191 1348 3246 ei
1371 3193 1448 3247 visus
1461 3192 1690 3265 est,praeeipiens
1704 3200 1734 3249 ut

65 3292 153 3338 autem
183 3283 295 3338 tandem
324 3283 377 3338 sibi
399 3284 510 3339 salubre
534 3285 690 3340 eonsilium.
720 3286 874 3342 Namcoxit
925 3285 978 3340 iret
993 3284 1027 3339 ad
1042 3284 1197 3340 conradum
1227 3300 1528 3358 regem,eomm0nens
1555 3300 1617 3338 eum
1634 3286 1734 3353 iubere

66 3392 147 3445 panes
169 3385 198 3431 et
211 3392 319 3443 carnes,
349 3385 377 3432 et
388 3386 504 3448 accepta
517 3379 661 3442 cerevisia,
690 3380 872 3450 proutvisum
924 3376 977 3430 sibi
993 3375 1126 3443 subjectis
1146 3381 1284 3446 quatenus
1299 3373 1472 3428 dimitterent
1500 3383 1670 3430 terramsuae
1690 3377 1734 3428 di·

66 3464 122 3532 init,
137 3466 166 3520 in
189 3466 316 3533 vasculis,
345 3465 403 3520 bac
430 3468 523 3522 omnia
548 3467 688 3527 vehiculo.
707 3484 770 3540 quae
790 3469 872 3543 vulgo
924 3468 1008 3524 tionis
1039 3469 1088 3534 Qui
1102 3483 1273 3541 consurgens
1295 3483 1310 3520 a
1336 3480 1444 3530 somno,
1470 3465 1534 3520 licet
1558 3465 1676 3520 miratus
1701 3466 1735 3520 de

67 3554 154 3610 benna
169 3555 433 3626 dicitur,imposuit,
449 3563 476 3610 et
497 3556 601 3624 junctis
625 3556 869 3614 bobussdbasili-
922 3562 1040 3626 visione,
1056 3561 1113 3636 regi
1142 3567 1234 3614 tamen
1259 3557 1353 3613 omisit
1382 3557 1516 3612 indicare.
1547 3556 1653 3611 Rursus
1673 3565 1735 3627 post

67 3663 119 3702 cam
134 3648 225 3703 sancti
243 3648 371 3722 Remigii,
387 3647 531 3704 candelam
548 3665 631 3704 manu
650 3649 752 3717 serens,
769 3669 872 3724 prope·
923 3652 1027 3724 aliquot
1043 3650 1103 3705 dies
1118 3664 1255 3721 apparens
1266 3648 1291 3702 ei
1307 3648 1335 3702 S.
1346 3647 1489 3721 Remigius
1501 3645 1643 3719 redarguit
1657 3662 1732 3712 eum,
1794 3702 1796 3705 .

67 3741 138 3795 ravit.
156 3741 216 3806 Quo
244 3740 419 3812 perveniens,
447 3739 560 3796 cibariis
582 3759 645 3813 qum
658 3743 757 3799 detulit
775 3745 870 3800 matri·
922 3760 1008 3815 quare
1035 3742 1165 3796 mandata
1191 3757 1247 3796 non
1277 3739 1458 3810 adimplesset
1478 3737 1563 3801 illius,
1581 3739 1735 3792 admonens

67 3832 184 3887 eutarius
205 3831 289 3902 pavit,
315 3831 350 3885 ad
368 3830 526 3902 sepulerum
550 3832 640 3887 sancti
661 3833 804 3888 candelam
821 3850 872 3905 po·
922 3835 1020 3891 iterum
1036 3851 1070 3888 ne
1084 3831 1192 3887 differat
1212 3833 1279 3902 quin
1296 3830 1354 3902 regi
1375 3831 1452 3898 jussa
1477 3829 1633 3883 denuntiet.
1650 3831 1729 3892 item,

66 3922 124 3987 suit,
142 3931 172 3977 et
183 3921 245 3990 ejus
269 3919 402 3975 auxilium
418 3927 512 3976 eontra
529 3935 594 3976 suos
622 3936 806 3992 oppressuros
816 3939 867 3977 ex·
922 3941 973 3980 eeu
990 3922 1076 3994 prius,
1090 3921 1134 3975 ille
1150 3919 1239 3974 visum
1255 3926 1385 3989 reputans
1397 3918 1490 3979 inane,
1508 3915 1629 3987 neglexit
1649 3916 1733 3987 perii-

68 4012 152 4081 petiit.
165 4010 311 4067 Pulverem
325 4024 434 4081 quoque
449 4009 483 4064 de
498 4010 655 4080 pavimento
671 4011 867 4067 ecclesiaeeol·
919 4033 981 4075 cere
993 4015 1158 4087 jussionem,
1174 4011 1264 4067 Tertio
1293 4012 1367 4066 hunc
1383 4011 1439 4079 jam
1460 4027 1523 4066 cum
1534 4009 1643 4082 flag0110
1659 4028 1729 4066 sau.

67 4103 163 4179 ligeffi,
180 4117 273 4175 panno
283 4101 433 4175 colligavit,
459 4107 487 4157 et
508 4101 536 4156 iu
561 4101 691 4174 praedicta
706 4102 797 4158 benna
814 4119 866 4174 po·
919 4116 979 4165 ctus
993 4105 1101 4171 adiens,
1118 4103 1206 4175 ipsius
1221 4101 1375 4170 increpavit
1394 4100 1607 4166 contumaciam,
1624 4117 1728 4172 quem-

69 4208 141 4260 ueus,
171 4193 288 4248 linteum
319 4192 440 4263 desuper
459 4193 500 4263 (ut
526 4207 610 4263 supra
636 4208 737 4265 eorpus
766 4193 866 4248 mortui
919 4216 972 4273 que
1003 4214 1051 4269 per
1078 4193 1221 4250 brachium
1238 4190 1489 4262 comprehendens,
1507 4191 1579 4245 lecto
1600 4191 1674 4246 visus
1687 4201 1732 4246 est

68 4287 130 4343 solet
144 4284 214 4354 fierit
222 4283 386 4356 composuit,
411 4292 439 4339 et
465 4283 499 4338 ad
514 4284 626 4356 propria
641 4301 763 4341 remeare
774 4288 866 4359 coepit.
919 4287 1077 4344 extraxisse.
1098 4285 1199 4356 Sieque
1221 4280 1341 4355 ilagello,
1358 4281 1432 4353 quod
1449 4280 1571 4346 tenebat,
1590 4297 1653 4336 eum
1667 4299 1733 4337 ver-

69 4373 92 4428 Si
115 4376 165 4447 qui
191 4389 258 4430 vero
291 4374 326 4429 de
354 4372 532 4430 obviantibus
562 4389 626 4428 eum
659 4374 1148 4472 interrogabautDberans,aeriter
1176 4393 1277 4431 cesum
1294 4374 1399 4430 dimisit
1412 4383 1439 4429 et
1466 4374 1652 4429 humiliatum.
1670 4377 1731 4433 Non

72 4466 128 4534 quid
145 4465 173 4519 iu
188 4464 237 4520 illo
252 4479 330 4520 carro
350 4463 472 4532 duceret,
486 4464 672 4536 respondebat
686 4480 716 4520 se
731 4465 757 4519 S.
777 4466 870 4523 Remi·
922 4469 1041 4540 amplius
1052 4469 1126 4523 enim
1139 4467 1195 4536 jam
1210 4476 1332 4521 temnere
1343 4466 1419 4534 jussa
1434 4481 1615 4535 praesumens,
1636 4481 1730 4540 regern

73 4556 136 4627 giam
150 4558 263 4613 ducere.
281 4556 449 4612 Rlirabantur
480 4564 571 4612 autern
590 4572 687 4612 omnes
703 4556 730 4610 in
746 4557 828 4612 dictis
843 4568 871 4613 et

75 4646 142 4706 lectis
152 4650 240 4713 illius,
255 4658 394 4705 amentem
409 4649 483 4705 hune
498 4649 698 4707 esseiereutes.
716 4653 746 4705 ln
763 4660 870 4721 pratum

75 4751 128 4795 vero
142 4755 224 4795 suum
240 4739 418 4810 perveniens,
439 4748 563 4809 pastores
576 4739 646 4794 inibi
659 4740 694 4796 dc
714 4740 815 4796 Roseto
825 4740 869 4794 di-

78 4832 134 4886 versi
157 4831 271 4909 generis
295 4831 425 4887 animalia
439 4840 584 4904 pascentes
608 4832 722 4889 invenit.
748 4834 796 4888 Ast
823 4833 869 4888 ubi

80 4918 98 4972 S.
109 4923 263 4996 Remigium
278 4921 349 4979 ferre
363 4921 418 4978 sibi
440 4922 569 5000 suffragia
589 4925 743 4994 postulans,
759 4923 872 4978 invoca·

81 5009 116 5078 vit,
129 5028 238 5085 crepere
249 5013 345 5083 boves,
372 5014 451 5080 birci,
467 5029 613 5086 capraeque
630 5014 748 5071 invicem
764 5032 795 5070 se
806 5031 870 5071 cor-

84 5100 148 5160 uibus
156 5105 303 5178 impetere,
316 5106 391 5177 porei
407 5121 473 5162 cum
485 5105 576 5177 porcis
595 5105 757 5179 confligere,
774 5122 871 5162 verve-

84 5204 117 5246 tes
127 5211 184 5252 cum
198 5196 363 5253 vervecibus
373 5212 403 5252 se
412 5196 557 5262 collidere,
569 5203 693 5268 pastores
706 5212 735 5252 se
750 5196 873 5253 fustibus

85 5291 102 5336 et
126 5290 222 5362 pugnis
240 5297 337 5345 mutuo
363 5297 519 5360 percutere.
541 5288 714 5360 Maximoque
741 5297 873 5363 surgente

83 5375 173 5433 turbiue
187 5385 314 5451 pastores
335 5379 483 5448 ejulantes,
505 5378 635 5434 animalia
654 5394 783 5450 quaeque,
797 5379 872 5446 jnxta

80 5477 150 5534 genus
161 5485 254 5535 suum,
270 5484 369 5544 magno
388 5469 481 5525 sonitu
492 5469 707 5540 perstrependo,
725 5469 762 5526 ita
777 5486 872 5540 coepe-

78 5563 126 5609 runt
138 5557 268 5614 Rosetum
284 5574 379 5614 versus
392 5557 501 5632 ingere,
517 5574 549 5614 ae
570 5559 593 5614 si
609 5559 757 5616 multitudo
771 5576 870 5631 perse-

76 5647 207 5712 quentium
221 5646 469 5722 ilagrisvideretur
475 5647 613 5704 insistere.
634 5649 712 5713 Quod
723 5658 871 5705 cernentes

214 5748 356 5811 Parnoi.
381 5747 548 5812 CXXXV.

921 4578 982 4617 mox
998 4561 1064 4625 adit,
1081 4567 1217 4615 secretum
1234 4559 1312 4630 petit,
1343 4567 1446 4612 vestem
1468 4559 1594 4629 deponit,
1617 4558 1730 4612 lividum

920 4671 1021 4725 corpus
1034 4653 1165 4716 ostendit,
1182 4659 1209 4707 et
1223 4652 1296 4707 dicta
1308 4652 1350 4706 vel
1367 4659 1426 4707 acta
1441 4650 1560 4706 fideliter
1581 4667 1612 4705 ex
1633 4651 1730 4705 ordine

921 4743 1026 4814 pandit.
1043 4742 1148 4797 Accidit
1168 4747 1271 4807 autem,
1288 4746 1318 4794 ut
1338 4740 1434 4795 eadem
1452 4740 1497 4794 die
1514 4740 1620 4814 legatus
1634 4739 1729 4794 domni

921 4833 1048 4904 praesulis
1063 4832 1148 4887 nostri
1159 4821 1270 4892 Ririvei',
1280 4830 1392 4886 nomine
1403 4830 1572 4892 Tendoinus,
1587 4829 1729 4885 abeodem

920 4926 1031 4980 seniore
1047 4940 1097 4980 suo
1125 4941 1175 4996 pro
1204 4924 1271 4994 ipsis
1298 4923 1382 4978 rebus
1410 4924 1572 4994 repetendis
1586 4923 1621 4977 ud
1636 4939 1729 4996 regem

921 5029 983 5069 cum
1004 5015 1167 5069 intineribus
1193 5014 1348 5095 deveniret,
1377 5021 1459 5087 atque
1475 5016 1582 5079 horam,
1597 5029 1652 5083 qua
1672 5013 1729 5088 regi

922 5105 1084 5174 praesentari
1099 5104 1195 5176 possit,
1212 5112 1289 5159 extra
1316 5113 1392 5159 stans
1407 5111 1588 5176 exspectaret.
1607 5102 1731 5176 Cumque

925 5212 981 5252 rem
999 5206 1104 5273 gestam
1121 5213 1166 5252 rex
1194 5197 1356 5265 admiratus,
1384 5199 1490 5271 requiri
1514 5197 1693 5271 precepisset
1707 5199 1729 5250 si

924 5290 985 5359 quis
1002 5289 1060 5344 illic
1073 5289 1146 5343 inter
1161 5305 1226 5344 suos
1242 5288 1312 5344 iorte
1329 5291 1430 5345 nostris
1445 5305 1460 5344 e
1480 5289 1608 5362 partibus
1624 5289 1731 5343 inveni-

924 5389 1007 5446 retur,
1024 5378 1072 5432 ille
1087 5393 1136 5449 pro
1153 5378 1204 5433 liae
1219 5379 1355 5435 eademre
1372 5380 1439 5437 loris
1454 5383 1596 5436 sustinens
1624 5378 1731 5449 reperi-

923 5476 966 5523 tur
981 5469 1088 5536 adesse,
1114 5468 1170 5538 regi
1189 5468 1341 5536 nuntiatur,
1357 5485 1391 5524 eo
1404 5469 1519 5538 jubente
1533 5483 1624 5525 coram
1643 5465 1731 5520 dedu-

922 5561 1003 5626 citur,
1015 5570 1043 5616 et
1054 5561 1078 5615 ei
1098 5575 1141 5615 res
1169 5577 1231 5631 quae
1255 5563 1396 5633 propalata
1417 5563 1503 5617 iuerat
1532 5562 1665 5632 aperitur.
1685 5558 1732 5612 Rie

921 5652 1129 5725 gratiasagens,
1146 5667 1197 5721 pro
1207 5653 1368 5723 rebusipsis
1379 5670 1409 5708 se
1425 5654 1538 5709 missum
1552 5650 1661 5725 retegit,
1677 5666 1731 5714 res,

1566 5755 1586 5815 3
