3840 6106
487 249 673 308 ltobohttbt
693 250 847 308 chhohtet
867 247 1032 306 ebhthsts
1053 244 1223 305 opuscula
1242 244 1398 303 batales.

858 383 964 440 CAPUT
988 383 1041 438 xit.

802 483 841 543 De
853 491 957 545 sancto
975 480 1097 542 Thomu.

118 601 246 666 Thomas,
266 596 312 669 qui
330 596 473 668 Didymus,
489 594 561 651 latns
576 595 744 651 inscrutatur
757 602 883 668 apertum
939 604 961 667 g
977 594 1072 650 Omnis
1090 601 1118 650 et
1132 594 1160 649 in
1174 600 1268 649 nostra
1282 598 1394 649 curatur
1407 597 1501 648 mente
1517 590 1645 659 cicatrix,

118 695 148 747 ln
163 707 245 747 eruce
257 689 357 746 confixi
371 704 503 745 mucrone
523 688 649 744 satellitis
662 689 748 764 ligni:
848 730 852 737 .

118 784 176 847 Quo
192 781 347 847 dubitante,
364 777 434 833 fides
447 777 529 834 nobis
541 775 665 833 firmatur
678 777 786 845 herilis,

118 877 190 951 Lege
202 875 278 930 neeis
293 873 427 929 Christum
443 872 506 929 vitae
527 887 667 927 remeasse
681 872 784 937 soluta;

119 968 242 1039 Dumque
256 965 399 1020 cicatrices
413 963 492 1037 digiti
510 963 701 1019 moderamine
720 969 829 1032 tractat,

119 1059 376 1115 llaximasanantur
391 1056 543 1112 dubitantis
555 1055 669 1111 vulnere
684 1056 785 1124 cordis,

979 689 1046 745 bum
1062 690 1149 761 patuit
1163 688 1300 744 Christum
1316 703 1380 743 vora
1394 703 1456 743 eum
1472 702 1555 743 carne
1566 687 1689 742 redisse.

979 783 1057 839 llune
1070 783 1181 852 ubijam
1196 782 1303 837 Parthis
1316 781 1444 837 aellodis
1462 780 1569 836 semina
1584 779 1666 836 uerbi

979 874 1133 950 ltesporgit,
1147 890 1198 946 pro
1216 889 1280 948 rege
1294 889 1344 929 sno
1357 873 1432 928 ridet
1448 873 1525 929 ludia
1540 888 1668 944 passum,

980 969 1056 1025 Unde
1070 970 1162 1041 pmbae
1175 969 1267 1026 studio
1281 970 1442 1025 translatum
1458 967 1548 1039 plebis
1561 967 1713 1022 Edessem.

979 1061 1073 1116 Fertur
1088 1076 1190 1133 eorpus
1204 1061 1288 1116 humo
1302 1059 1373 1116 coelo
1388 1075 1466 1114 meus
1476 1058 1582 1115 inditur
1596 1055 1666 1112 alto.

858 1185 962 1244 CAPUT
985 1190 1051 1244 llll.

753 1288 792 1348 be
806 1298 907 1351 soracte
922 1291 1146 1351 Bur-tholomeo.

120 1404 322 1478 Suspendentis
336 1419 423 1476 aquas
437 1410 530 1458 natum
544 1418 627 1475 quem
647 1404 734 1477 gratia
750 1403 824 1472 feeit,

119 1502 318 1557 bartholomaee
332 1515 419 1566 sacer,
434 1515 505 1555 rerae
521 1506 550 1554 tu
565 1499 628 1556 titis
642 1500 753 1555 haberis

119 1592 281 1651 l'ruetiiicus
296 1593 411 1665 palmes,
431 1592 497 1648 huie
517 1592 683 1649 indiscissus
698 1593 843 1649 adhaerens

120 1685 318 1758 Fecundosque
337 1683 431 1740 ferens
446 1690 510 1755 apto
525 1700 574 1755 pro
590 1693 714 1756 tempore
733 1684 841 1752 botros,

121 1779 199 1834 Unde
213 1793 319 1833 merum
339 1774 405 1831 hdei
421 1776 504 1851 longe
524 1776 634 1848 lateque
649 1776 811 1848 propinans,

123 1873 178 1928 lloc
192 1870 294 1927 sobriis
308 1869 383 1945 large
398 1868 516 1941 tribuis;
538 1870 613 1943 quod
627 1877 656 1926 et
674 1870 752 1926 india
767 1869 895 1942 sumpsit,

983 1409 1013 1463 ln
1028 1424 1083 1480 qua
1093 1406 1245 1483 glorificum
1262 1420 1312 1477 pro
1325 1405 1422 1461 Christi
1437 1403 1550 1459 nemine
1565 1419 1679 1459 cursum

983 1500 1182 1556 Consummans
1197 1498 1298 1571 gladio,
1314 1498 1376 1553 eoeli
1391 1503 1498 1552 secreta
1518 1495 1621 1567 petisti.

983 1591 1084 1658 insula,
1099 1604 1181 1661 quarn
1205 1587 1325 1659 liparim
1338 1586 1437 1642 dietam
1458 1584 1542 1640 Siculi
1559 1584 1646 1639 maris
1660 1583 1745 1640 undae

982 1685 1062 1750 Dant,
1074 1689 1124 1751 tua,
1133 1680 1254 1751 suscepit
1268 1687 1340 1736 terra
1356 1676 1508 1753 Gangetide
1527 1677 1665 1744 membra,

983 1775 1108 1850 insignes
1122 1773 1214 1830 valida
1223 1770 1354 1828 referenti
1362 1777 1468 1826 amorte
1480 1768 1651 1840 triumphos,

982 1867 1047 1932 Quae
1062 1866 1287 1922 beneventanam
1301 1869 1424 1919 tutantur
1443 1859 1566 1936 tegmine
1584 1858 1706 1932 plebem.

856 1996 961 2054 CAPUT
983 1996 1062 2053 llllll.

747 2102 786 2162 De
799 2100 912 2163 sanctis
925 2099 1047 2162 Simone
1063 2105 1088 2158 et
1100 2096 1191 2157 tudo.

125 2222 220 2277 Simon
236 2220 352 2286 Zelotes,
369 2218 539 2273 Clrananaens
559 2217 688 2291 idemque
704 2224 811 2286 vocate,

124 2310 233 2365 Scilicet
246 2307 299 2363 hoe
314 2308 373 2362 vieo
384 2307 489 2361 ‹lueens
504 2322 671 2382 cognomen,
687 2322 820 2378 aquarum

124 2402 157 2457 In
173 2417 229 2473 quo
239 2399 378 2466 materies,
394 2399 423 2453 in
441 2398 499 2453 nini
519 2414 598 2453 versa
612 2398 745 2471 vigorem,

125 2490 250 2546 Ostendit
275 2487 409 2544 Christum
431 2504 521 2543 rerum
536 2487 681 2543 beluinum
702 2504 764 2543 esse
783 2493 934 2559 potentem.

124 2580 267 2653 AEgyptns,
281 2583 406 2634 veterum
423 2576 509 2631 saeris
524 2576 660 2632 maculata
673 2577 799 2644 deorum,

124 2671 203 2726 'letra
218 2669 301 2724 dente
314 2669 388 2740 capit
399 2668 455 2722 nim
470 2666 552 2723 Verbi
564 2667 626 2736 jure
643 2667 783 2737 perennis.

126 2763 159 2813 ht
172 2757 243 2813 luda
259 2756 367 2822 iacobi,
382 2755 488 2811 Tadeus
501 2770 612 2828 quoquae
626 2756 673 2828 qui
689 2755 817 2811 vocitaris

128 2852 231 2924 (longe
246 2850 280 2904 nb
294 2865 327 2906 ee
349 2849 455 2904 distans
475 2849 621 2905 Dominum
635 2849 683 2922 qui
706 2849 828 2922 prodidit
843 2849 936 2919 orbisl,

128 2938 275 2994 Lebbaeum
287 2938 335 2994 sed
352 2938 425 2994 enirn
441 2944 611 2994 memorante
632 2938 714 2994 eorde
730 2944 866 3005 vocatum,

129 3032 258 3089 Corculus
272 3032 301 3087 in
317 3037 410 3086 nostra
424 3030 507 3086 latum
528 3030 602 3103 quod
621 3046 688 3086 voce
710 3031 831 3099 sonabit,

130 3121 252 3178 Luminis
270 3120 411 3193 aspersisti
427 3121 568 3176 interduo
582 3120 696 3176 llnmina
712 3136 808 3176 semen

129 3218 168 3273 be
183 3217 275 3275 medio
288 3215 381 3289 patriae
391 3215 537 3272 lluviorum
552 3231 655 3273 nomen
668 3215 793 3273 habenti.

949 2217 1005 2288 ΒΑ
1020 2221 1130 2288 pastore
1151 2214 1223 2268 trono
1238 2226 1359 2284 vereque
1381 2217 1493 2283 potente
1508 2211 1642 2286 magistro

986 2307 1075 2364 dmbo
1088 2306 1221 2362 doctrinae
1235 2304 1379 2375 capientes
1392 2319 1507 2359 munera
1521 2320 1619 2371 sacrae,

987 2397 1031 2452 Sal
1049 2402 1128 2450 terrae
1143 2393 1217 2455 lacti.
1233 2392 1349 2448 stolidas
1363 2392 1477 2448 condire
1497 2392 1585 2463 parati

987 2487 1102 2554 Montes,
1113 2486 1159 2540 lun
1173 2483 1251 2554 dieti,
1264 2482 1393 2539 tenebras
1409 2482 1551 2554 depellere
1567 2482 1651 2540 docti.

988 2583 1059 2647 Quas
1068 2580 1114 2636 nbi
1129 2579 1246 2635 diversis
1257 2578 1422 2654 regionibus
1432 2594 1479 2634 ore
1494 2577 1621 2652 ingestis,

987 2675 1109 2732 Persidis
1127 2673 1246 2750 ingressi
1262 2672 1414 2745 penetratis
1433 2688 1518 2748 regna
1532 2672 1659 2741 minacis,

988 2765 1065 2820 Sicut
1081 2778 1147 2819 ores
1163 2762 1283 2835 prompti
1293 2764 1321 2817 in
1337 2762 1430 2818 medio
1442 2778 1591 2834 properare
1606 2762 1733 2834 lupomrn

987 2856 1052 2910 hstu
1068 2852 1207 2926 serpentis
1216 2868 1277 2908 eum
1293 2852 1471 2926 simplicitate
1486 2853 1624 2911 columbae

989 2950 1135 3017 Callentes,
1150 2950 1197 3022 qui
1213 2950 1292 3020 plura
1307 2950 1364 3005 beo
1379 2949 1443 3005 dum
1460 2949 1537 3006 lucra
1552 2951 1676 3022 parastis,

990 3041 1136 3096 lnnumero
1147 3038 1244 3094 Christi
1259 3038 1361 3110 populo
1375 3038 1421 3111 pia
1435 3038 1486 3095 sub
1498 3039 1566 3115 juga
1581 3041 1673 3107 ducto,

989 3131 1106 3204 llartyrii
1121 3131 1232 3186 domum
1247 3131 1333 3207 digno
1348 3131 1500 3187 certamine
1516 3148 1627 3188 cursum

990 3218 1148 3292 Expientes,
1158 3220 1265 3277 animas
1277 3221 1347 3278 eoelo
1362 3221 1447 3292 datis,
1463 3236 1525 3279 ossa
1538 3221 1682 3295 sepulcris.

858 3347 961 3406 eleba
980 3350 1072 3407 xvltt.

808 3452 848 3513 De
861 3459 965 3514 retecto
981 3453 1119 3512 tinentia.

131 3569 242 3625 llatthia
254 3583 369 3624 numero
383 3567 514 3640 splendes
529 3567 617 3624 eleeto
633 3567 776 3640 replendo,

130 3661 295 3718 hntelerens
307 3661 394 3731 justo,
412 3660 521 3716 Domini
536 3676 617 3732 quem
633 3660 721 3736 gratia
736 3661 834 3729 sanxit,

132 3753 211 3808 Sorte
224 3751 369 3807 ministerii
383 3751 507 3826 dignum,
525 3764 581 3823 quo
595 3751 698 3826 gaudia
709 3750 786 3821 pacis

131 3843 271 3899 Prolerres
285 3841 400 3909 muodo,
421 3840 558 3897 duodenae
578 3839 653 3896 aedis
671 3841 788 3913 adeptus

132 3936 161 3990 ln
182 3934 259 3990 cortis
273 3934 391 4006 apicem,
407 3932 509 3988 cecidit
528 3948 583 4005 qua
597 3933 723 4003 proditor
736 3940 811 3990 atron

133 4029 267 4097 ductoris,
283 4028 402 4100 propriae
417 4042 528 4099 quoque
541 4027 704 4099 perditionis
721 4033 835 4083 amator.

957 3569 1112 3643 CSpiritus
1127 3567 1241 3623 irradiat
1255 3573 1368 3624 sanetus
1379 3575 1407 3623 te
1424 3567 1541 3641 pignore
1554 3569 1661 3626 donans

992 3660 1113 3716 hiuneris
1124 3659 1227 3716 excelsi
1243 3667 1271 3716 et
1289 3676 1391 3732 supere
1406 3659 1572 3717 charismate
1586 3660 1702 3727 firmans,

993 3754 1025 3809 th
1039 3754 1116 3810 testis
1135 3752 1244 3809 homini
1258 3752 1345 3809 lactus
1355 3754 1389 3808 de
1404 3761 1492 3810 morte
1509 3755 1660 3827 triumpho,

994 3846 1055 3901 Visa
1069 3845 1142 3901 ieras
1153 3846 1241 3902 oculis
1253 3845 1355 3918 passim
1369 3845 1501 3902 miracula
1520 3846 1632 3914 Christi,

994 3939 1083 4012 thue
1093 3938 1261 3996 uocasetelis
1273 3939 1374 3996 Judaae
1389 3940 1481 4015 gentis
1493 3940 1630 4007 alumnos,

995 4026 1189 4086 Coelcstissolii
1206 4036 1352 4101 prouectus
1371 4030 1477 4087 tronore
1492 4029 1625 4102 quiescis.

867 4155 973 4213 eleut
997 4156 1070 4213 lllll.

735 4254 774 4314 De
791 4260 904 4318 canterus
920 4257 1034 4319 Christi
1055 4258 1196 4319 testitbus.

133 4376 248 4431 Culmen
268 4371 413 4446 apostolici
424 4370 608 4446 transegimus
622 4369 729 4425 ordinis
741 4370 836 4439 altum,

133 4465 253 4523 Eximios
264 4464 373 4522 modica
383 4462 478 4519 titulos
488 4460 774 4531 recinente-Camena,

132 4558 249 4616 Nomina
259 4559 401 4633 signantes
416 4554 546 4610 duodeno
559 4554 668 4628 singula
680 4570 770 4610 versu.

132 4651 165 4703 ht
178 4664 251 4703 nrrne
270 4646 396 4702 militiam
412 4644 475 4700 eoeli
487 4643 609 4716 fideiqne
622 4650 736 4715 tropaea,

132 4740 298 4812 llultipliees
312 4737 418 4811 palmas
428 4735 634 4809 infinibilesque
647 4751 774 4803 coronas,

133 4840 195 4890 Arte
210 4834 322 4907 quidem
336 4841 429 4889 nostra
444 4832 530 4888 multo
544 4832 648 4902 majora
663 4847 805 4897 canamus,

134 4926 165 4983 Ct
178 4943 239 5000 quae
247 4925 392 4983 llaeonium
411 4924 519 4982 valeant
539 4923 667 4980 evincere
680 4928 768 4978 vatem

994 4373 1117 4441 Materia,
1134 4372 1200 4446 quin
1216 4379 1244 4429 et
1259 4381 1383 4429 nostrum
1397 4388 1529 4445 superare
1544 4372 1694 4437 ldaronem,

994 4464 1070 4519 Bella
1090 4471 1181 4519 tamen
1197 4479 1259 4536 quai
1272 4463 1334 4535 quis
1347 4463 1431 4539 gessit
1450 4463 1580 4518 detexere
1594 4462 1680 4519 nostri

994 4560 1052 4616 Non
1068 4567 1108 4616 est
1123 4560 1268 4632 propositi,
1285 4576 1347 4615 cum
1364 4575 1415 4616 nec
1430 4575 1577 4616 numerare
1591 4552 1735 4632 queamus*

994 4651 1040 4706 Vel
1057 4650 1117 4706 loca
1132 4665 1188 4721 prae
1203 4650 1297 4705 stricto
1316 4654 1358 4704 sat
1373 4650 1424 4704 erit
1437 4649 1604 4721 meminisse
1612 4649 1697 4704 relata

934 4725 942 4739 ⁰
995 4746 1122 4812 Quaedam
1140 4744 1304 4801 athletarum
1316 4744 1424 4800 bomini
1441 4743 1625 4800 celeberrima
1639 4739 1729 4804 bustis:

996 4836 1069 4890 lnter
1082 4850 1143 4907 quar
1159 4834 1274 4906 reliquis
1293 4833 1444 4890 venerabili
1457 4834 1526 4889 AElia
1539 4839 1652 4905 praestat

993 4922 1106 4980 llirisreo
1120 4922 1202 4997 ltegis
1220 4930 1403 4979 monumento
1422 4930 1522 4979 cuneta
1534 4920 1666 4998 regentis.

872 5054 981 5113 ‘CAPUT
1007 5057 1060 5112 llll.

732 5156 771 5216 De
786 5155 896 5231 Dnoid,
911 5154 1050 5217 Simeone
1064 5163 1090 5215 et
1105 5155 1205 5216 Aaou.

132 5281 180 5336 llic
193 5279 336 5335 citharista
355 5284 433 5334 catus
446 5277 531 5345 mitis,
548 5276 610 5349 pius
623 5282 705 5348 atque
720 5274 822 5343 fidelis,

130 5368 185 5423 ilex
202 5368 298 5435 David,
314 5367 393 5437 cuius
407 5365 493 5423 voluit
506 5365 541 5421 dc
552 5365 658 5422 semine
669 5364 802 5433 Christus,

126 5462 191 5517 lure
205 5461 349 5533 pudicitiae
362 5475 473 5515 sacrans
492 5458 545 5514 sibi
561 5458 681 5534 Virginis
696 5458 797 5523 altum,

127 5551 244 5606 Sumere
264 5548 393 5606 mortales
408 5547 520 5604 humani
534 5548 657 5621 eorporis
676 5556 761 5617 artus,

126 5643 154 5697 ln
165 5643 315 5704 mausolaeo
334 5640 435 5717 legitur
449 5641 726 5713 loeuplotcleeatus;

949 5279 978 5349 D
992 5274 1047 5330 Sed
1063 5273 1180 5330 bomine
1193 5273 1414 5346 Phlegetoutaeas
1429 5272 1568 5329 referente
1584 5271 1690 5344 rapinas

992 5370 1107 5439 Raptus,
1123 5377 1150 5423 et
1164 5368 1285 5423 aetlterea
1298 5368 1417 5422 donatus
1435 5366 1558 5424 ereditur
1577 5366 1648 5422 aula.

992 5461 1040 5516 llic
1054 5461 1136 5515 otiam
1151 5458 1253 5530 plnres,
1266 5475 1336 5532 quos
1347 5458 1447 5515 sarcula
1462 5458 1552 5530 prisca
1564 5458 1689 5520 tulerunt,

993 5549 1113 5604 illustres
1130 5548 1214 5621 positi
1232 5564 1311 5624 reges
1331 5547 1475 5619 sanctique
1494 5547 1648 5618 prophetae.

992 5640 1040 5696 llic
1055 5641 1173 5712 Symeon
1185 5641 1286 5710 justus,
1299 5640 1374 5697 celso
1389 5639 1435 5711 qui
1457 5637 1581 5695 Flamina
1595 5637 1685 5699 clerus,
