3856 6112
111 264 165 320 325
438 258 605 317 bestente
625 255 794 316 ECCLESlAE
814 255 986 314 Rbbeusts
1008 261 1103 318 LIBRI
1125 260 1294 325 QUATUOR.
1307 295 1343 306 —
1364 267 1427 326 LlB.
1440 271 1483 327 tv.
1765 281 1818 339 326

107 418 173 457 cum
184 400 316 472 precibus
326 408 353 456 et
366 401 518 474 gratiarum
533 400 701 465 actionibus,
718 394 931 453 immaculatum
947 401 972 468 Α
987 399 1054 470 setl,
1072 397 1266 468 rediissetque
1280 402 1404 473 tandem,
1418 409 1474 464 beo
1487 409 1605 478 jubente
1618 415 1816 488 tranquillitas,

107 492 167 547 Deo
182 491 302 546 reddens
322 490 463 561 spiritum,
480 507 512 546 ac
537 490 710 560 triumphans
725 484 930 550 adversarium,
985 494 1161 564 presbyter,
1178 490 1225 560 qul
1241 496 1345 551 sanctis
1356 498 1540 574 deserviebat,
1551 517 1578 561 et
1590 509 1624 562 ad
1642 512 1815 582 propriajam

109 582 181 638 inibi
198 583 260 638 laeta
274 582 355 654 petiit
374 583 487 640 eoelum.
503 583 608 655 Corpus
637 583 695 651 ejus
709 577 784 634 haud
801 575 932 648 procula
984 583 1097 639 dudum
1120 582 1215 638 redire
1231 588 1371 659 cupiebat,
1386 597 1549 654 acceleravit
1575 610 1733 657 sanctorum
1742 620 1816 660 mar·

108 671 174 728 loco
192 672 241 727 ubi
270 687 351 743 passa
372 681 426 741 est,
442 682 509 730 tuuc
524 672 628 728 exstitit
655 664 931 724 tumulatumlllulta
983 682 1206 755 0000010000
1228 685 1427 750 00110ον0000
1453 690 1574 745 dicatum
1591 692 1750 750 sibilocum
1768 713 1814 753 re·

108 781 176 821 ‘'f-‘⁰
192 765 553 836 P0⁵l³1¹¹¹⁰l¹¹ffl⁰¹¹sr50u¹³
568 758 810 820 Ouislambubfflffl
834 756 930 827 pelli·
983 769 1070 826 ferre.
1092 771 1222 841 Postque
1238 772 1377 830 celebrata
1406 777 1553 832 missarum
1567 779 1703 836 solemnia
1717 783 1815 841 leuau-

109 857 393 929 Sl⁰ss0m10⁰usilll¹0
416 857 672 930 beatissimalisgO
702 849 928 918 ⁰011dil³f¹¹0ffib
983 859 1285 916 turasacerclotibus
1311 870 1417 918 sacrata
1451 864 1559 921 Christo
1579 883 1705 938 corpora,
1731 882 1815 945 atque

107 950 188 1019 juxta
204 951 352 1022 quamdam
369 951 397 1005 iu
415 952 523 1008 bonore
539 952 614 1006 beati
625 949 731 1005 blartini
741 953 929 1004 constructam
982 963 1178 1020 cummagno
1206 951 1372 1020 populorum
1391 954 1514 1009 referum
1530 957 1680 1012 mmmm„
1695 968 1813 1019 0000000

110 1044 272 1110 ecelesiam,
285 1044 426 1099 revelatus
439 1051 491 1099 est.
515 1046 545 1099 lu
558 1059 612 1116 quo
632 1043 691 1098 visu
708 1041 885 1105 admonetur,
900 1044 930 1092 ut
982 1037 1119 1108 Contigit
1136 1046 1229 1093 autem
1246 1041 1318 1096 diem
1331 1043 1417 1109 illam,
1430 1060 1491 1115 quae
1504 1045 1648 1100 [torniuioa
1658 1048 1817 1105 scilicetba-

109 1150 216 1204 corpus
234 1132 557 1206 sacratissimaeiirginis
577 1133 648 1188 iutra
677 1129 819 1202 prefatam
841 1126 932 1182 eccle·
981 1129 1290 1191 bebatur,ueutorum
1326 1138 1392 1190 flatu
1423 1135 1508 1190 fuisse
1539 1137 1708 1205 nimbosam,
1736 1141 1773 1198 ita
1787 1151 1817 1199 ut

109 1224 180 1278 siam
196 1222 403 1278 reconderetur
418 1220 659 1284 honorificentius,
684 1226 822 1290 quatenus
834 1216 933 1271 iucolis

111 1311 240 1381 ejusdem
256 1310 321 1375 loci,
335 1316 423 1381 prout
448 1310 575 1377 decebat,
601 1310 788 1364 innotesceret
802 1305 933 1361 manifes-

110 1401 176 1456 tius.
193 1399 273 1466 Quod
289 1405 318 1454 et
337 1414 404 1454 mox
429 1415 445 1454 a
470 1397 537 1454 viris
566 1398 620 1453 [leo
649 1396 816 1451 amabilibus
830 1410 931 1471 magno

109 1502 221 1550 constat
235 1501 382 1567 peractum
404 1492 518 1548 decore.
536 1493 565 1546 ln
592 1506 647 1562 quo
662 1492 751 1548 donec
774 1489 931 1547 venerabile

110 1601 214 1657 corpus
229 1585 291 1655 ejus
304 1582 457 1655 requievit,
475 1581 596 1656 insignia
625 1597 673 1652 per
696 1581 784 1652 ipsius
799 1581 932 1636 interces-

110 1676 220 1732 sionem
229 1682 295 1732 suut
304 1680 413 1746 patrata
426 1673 571 1730 miracula.
587 1672 627 1727 lbi
646 1674 711 1728 caeci
725 1673 826 1741 visum,
841 1671 932 1728 claudi

984 1237 1089 1278 omues
1105 1223 1245 1292 candelae,
1263 1243 1324 1299 quae
1338 1228 1371 1282 ad
1386 1227 1552 1299 obsequium
1569 1241 1727 1288 sanctorum
1744 1233 1816 1291 fere-

984 1314 1109 1379 bantur,
1128 1314 1155 1368 vi
1172 1319 1548 1394 turbinisexstinguerentur.
1566 1320 1689 1395 Cumque
1698 1341 1817 1398 carpen-

984 1413 1027 1459 tes
1047 1403 1108 1457 iter
1127 1415 1233 1474 partem
1264 1409 1387 1465 fluminis
1413 1409 1531 1464 luissent
1560 1411 1689 1486 ingressi,
1719 1431 1816 1472 cereus

982 1496 1127 1570 quiante
1157 1512 1314 1558 sauctorum
1344 1503 1462 1578 pignora
1487 1503 1631 1560 ferebatur
1650 1508 1813 1580 exstinctus,

983 1591 1110 1656 repente
1125 1589 1234 1646 eoelitus
1257 1607 1401 1654 aecensus,
1419 1590 1550 1646 omuibus
1571 1594 1670 1649 mirum
1687 1599 1815 1656 exhibuit

982 1681 1200 1751 spectaculum.
1221 1684 1320 1756 Sicque
1334 1683 1407 1739 iuter
1420 1687 1582 1743 commistos
1596 1691 1732 1762 grandine
1747 1694 1816 1748 uim-

109 1784 248 1844 ssfsssssumi
264 1766 342 1822 surdi
359 1764 502 1826 aulmum·
521 1762 638 1820 ὓθῐῃῑΰθ
653 1763 712 1832 elus
742 1763 856 1820 Oblesslu
873 1764 931 1818 lar·
945 1731 970 1800 B
982 1772 1044 1839 bos,
1058 1776 1090 1825 ct
1107 1783 1254 1832 ventorum
1269 1777 1350 1832 flatus
1363 1778 1398 1832 ad
1410 1785 1529 1849 quatuor
1541 1779 1598 1837 fere
1608 1783 1694 1838 millia
1704 1784 1814 1842 duravit

110 1857 205 1930 fleme
216 1862 445 1927 llfflmesuefflffi·
477 1851 644 1908 Pmssfldemi
659 1867 725 1907 Ves⁰
753 1859 877 1924 lempffle
892 1854 934 1909 Vir
983 1878 1016 1918 ex
1024 1859 1165 1921 miraculo
1178 1865 1298 1920 ssanrma.
1308 1865 1448 1937 Disposuit
1460 1867 1688 1942 deniquepostea
1699 1875 1814 1946 prosby-

111 1948 225 2020 quidam
234 1953 539 2003 strenuussauetarum
549 1944 678 2000 fundator
688 1945 932 2015 etcultoraedium,
985 1965 1026 2011 aer
1039 1970 1155 2013 cereum
1168 1959 1259 2030 ipsum
1275 1959 1302 2013 in
1320 1959 1464 2014 meliorem
1482 1959 1597 2016 formam
1613 1964 1754 2020 deeadem
1767 1982 1812 2021 pe.

111 2043 225 2098 nomiue
241 2041 397 2114 baugulfus
414 2041 446 2112 [lv
469 2038 644 2115 Dangulfusl.
664 2038 725 2108 ejus
735 2039 782 2094 ubi
794 2056 871 2096 nunc
884 2058 933 2097 vc·
986 2046 1068 2104 ficere
1086 2064 1159 2105 cera.
1178 2050 1304 2122 Cumque
1321 2050 1348 2104 id
1363 2067 1377 2105 a
1392 2051 1587 2108 sacerdotibus
1602 2055 1656 2109 sibi
1677 2057 1809 2126 subiectis

114 2128 937 2201 ueratur,fuudavittemplum,iuquoilliussacratissima
987 2136 1155 2206 alliceretur,
1173 2140 1274 2194 mirum
1289 2140 1364 2195 dictu
1400 2141 1473 2196 iuter
1493 2159 1592 2198 uranus
1605 2159 1702 2200 corurn
1718 2148 1809 2203 mollis

113 2224 255 2279 transtulit
270 2223 409 2290 membra,
426 2230 565 2298 regnante
579 2237 679 2295 magno
701 2221 869 2293 imperatore
886 2223 936 2280 Ca·
987 2228 1208 2299 ecapitcreseere
1220 2240 1325 2297 cera,et
1336 2234 1364 2287 iu
1381 2251 1508 2308 maguam
1517 2236 1703 2307 grandescere
1720 2255 1807 2310 quau-

114 2314 172 2369 rolo
190 2313 260 2379 ;ubi
276 2328 333 2369 uon
362 2312 479 2367 minima
495 2326 621 2384 quoque,
638 2312 755 2369 Domino
775 2322 936 2386 prestante,
988 2300 1104 2355 mamm·

114 2421 186 2477 saepe
202 2404 339 2460 miracula
355 2414 529 2478 peraguntur
546 2403 611 2476 (26).
629 2403 715 2468 Quam
735 2423 824 2477 nuper
838 2407 932 2462 eccle-

115 2498 193 2561 siam,
217 2503 347 2569 tempore
378 2496 491 2552 scilicet
530 2497 734 2567 persecutionis
761 2499 932 2573 burgariae,

118 2590 201 2645 iidem
216 2590 329 2645 barbari
344 2589 518 2646 succendere
549 2588 704 2659 cupientes,
722 2607 835 2647 acervos
847 2608 934 2663 quos·

122 2680 182 2735 dam
203 2679 314 2754 frugum
328 2695 455 2753 magnos,
473 2679 522 2751 qui
549 2677 647 2750 parieti
670 2681 793 2748 ejusdem
805 2682 932 2737 adhese-

122 2781 190 2838 rant,
207 2771 372 2839 incendunt,
387 2770 553 2843 exustisque
566 2771 719 2843 segetibus,
749 2772 858 2828 flamma
869 2773 934 2829 licet

124 2864 244 2918 eeclesiae
259 2872 333 2919 tecta
348 2863 503 2927 lambente,
534 2862 660 2917 eamdem
677 2871 768 2919 tamen
781 2865 933 2920 accendere

127 2957 316 3027 nequiverunt.

440 3025 547 3082 CAPUT
564 3025 619 3080 Lll.

211 3120 248 3172 De
267 3119 368 3173 soractis
383 3119 483 3186 delfino
499 3120 525 3170 et
540 3116 648 3170 Valerio
669 3120 847 3186 arrortpribos.

164 3227 266 3283 Eodem
282 3234 408 3299 ternpore
433 3242 489 3298 quo
522 3227 580 3281 baec
605 3243 682 3281 sacra
697 3227 774 3302 virgo
795 3236 934 3299 passaest,

136 3319 278 3375 lancinator
292 3321 354 3389 ejus
378 3320 554 3375 Rictiotarus
583 3335 631 3389 per
658 3319 754 3375 urbem
786 3321 935 3376 llcmorum

139 3412 275 3477 transiens,
288 3420 315 3467 et
328 3412 463 3483 quosdam
479 3411 651 3467 Christianos
662 3411 696 3466 ad
707 3412 843 3468 culturam
864 3413 935 3468 deo·

140 3520 188 3558 rum
202 3505 381 3576 compellens,
394 3514 424 3560 ut
439 3521 487 3560 eos
501 3520 635 3576 superare
649 3506 785 3576 nequivit,
804 3505 936 3561 trucidari

141 3600 266 3669 pracepit.
285 3599 316 3652 Et
331 3615 460 3674 egressus
475 3599 541 3653 iude
558 3598 739 3669 reperitduos
751 3599 935 3670 quosdamui·

143 3702 177 3741 ros
195 3687 317 3743 tufiuum
331 3697 357 3743 et
372 3689 522 3754 Valerium,
547 3686 601 3741 fide
620 3687 719 3742 Clrristi
741 3689 877 3753 robustos,
892 3704 936 3743 re-

147 3779 233 3851 galium
245 3787 338 3835 tamen
362 3781 521 3835 horreorum
547 3780 686 3835 custodes.
717 3780 789 3844 Quos
804 3795 935 3851 eompre-

149 3868 244 3938 lcusos,
253 3871 300 3925 ubi
317 3870 452 3940 comperit
463 3869 718 3923 Clrristidilectioue
731 3868 937 3924 etcoufessioue

150 3955 314 4026 firmissimos,
332 3959 421 4030 plagis
436 3958 554 4013 afflictos
574 3958 702 4013 diuturna
714 3958 832 4014 carceris
847 3974 937 4013 maee-

152 4054 204 4106 rasit
213 4054 379 4108 retrusione:
396 4051 443 4106 ubi
468 4050 593 4124 angelica
620 4051 778 4106 visitatione
791 4065 823 4106 ac
837 4066 938 4106 conso·

152 4140 235 4197 latione
248 4141 361 4198 relevati
374 4151 401 4196 ct
413 4139 558 4196 confortati
573 4146 647 4194 suut.
664 4139 708 4193 Sic
719 4139 812 4195 inuicti
826 4139 936 4194 taudem

154 4234 244 4302 reperti,
259 4233 403 4305 capitalem
430 4231 524 4287 subire
550 4230 726 4286 senteutiam.
744 4230 866 4302 Cumque
881 4246 937 4286 uon

154 4334 200 4391 post
212 4326 289 4402 longa
305 4326 439 4397 temporis
465 4324 608 4381 intervalla
623 4324 658 4379 ad
674 4325 769 4379 urbem
790 4325 936 4380 Remorum

155 4416 314 4471 sacratissima
333 4415 538 4471 deducerentur
561 4431 658 4470 eorum
685 4413 809 4468 membra
828 4412 938 4467 feretris

1295 2374 1399 2431 CAPUT
1422 2377 1488 2431 Llll.

1128 2464 1166 2516 De
1178 2465 1317 2518 miracolis
1324 2467 1476 2521 carneadem
1491 2473 1656 2524 sanctorum.

1021 2577 1144 2650 Cumque
1160 2577 1200 2632 illi
1218 2586 1370 2650 stupentes,
1386 2583 1612 2657 admirantesque
1636 2595 1801 2659 perstrepe-

984 2680 1055 2737 rent,
1070 2672 1214 2745 iugressus
1230 2676 1384 2746 presbyter,
1401 2679 1533 2733 etuideus
1544 2687 1651 2734 auctam
1663 2681 1703 2736 sic
1714 2680 1799 2737 fuisse

983 2781 1074 2821 ceram
1090 2767 1210 2822 credidit
1226 2784 1274 2822 eos
1290 2769 1371 2823 aliam
1388 2786 1479 2826 ceram
1494 2772 1543 2837 illi,
1559 2773 1637 2843 quod
1652 2788 1707 2828 uon
1724 2789 1798 2842 pree-

983 2863 1104 2927 ceporat‚
1122 2857 1266 2926 adjecisse.
1283 2859 1337 2913 Sed
1357 2861 1469 2934 cognito
1486 2863 1598 2917 tandein
1614 2879 1629 2916 a
1644 2862 1800 2918 sacerdoti-

987 2944 1050 3012 bus,
1067 2945 1142 3017 quod
1156 2947 1305 3014 acciderat,
1335 2949 1478 3012 miraculo,
1495 2951 1550 3007 llco
1563 2953 1666 3025 gratias
1681 2952 1749 3027 egit,
1770 2959 1798 3008 ot

987 3051 1077 3091 ceram
1091 3036 1118 3090 iu
1134 3037 1294 3092 ecclesiaad
1306 3039 1467 3093 memoriam
1479 3046 1561 3095 tautae
1571 3041 1610 3094 rei
1625 3041 1798 3112 reposuitlle

953 3108 1042 3198 Cqua
1056 3143 1119 3180 cera
1135 3126 1258 3181 llicullus
1271 3127 1449 3182 Suessionum
1465 3129 1634 3183 venerabilis
1649 3131 1798 3201 episcopus

987 3214 1118 3285 reliquias
1133 3214 1186 3269 sibi
1201 3215 1302 3269 delerri
1316 3215 1409 3282 jussit.
1424 3216 1478 3269 Sed
1495 3223 1521 3270 et
1537 3217 1688 3271 vicinarum
1704 3217 1797 3273 ecole-

986 3304 1089 3359 siarum
1106 3303 1229 3378 religiosi
1247 3303 1553 3374 presbyteriexiudeob
1568 3306 1742 3361 devotionem
1753 3322 1800 3361 ex·

987 3399 1087 3471 petitas
1101 3398 1252 3468 particulas
1266 3397 1293 3451 iu
1308 3396 1435 3451 eeclesiis
1450 3396 1648 3452 venerabiliter
1664 3398 1798 3452 condide-

986 3496 1060 3544 runt.
1074 3488 1133 3542 ntia
1150 3498 1241 3543 autern
1256 3488 1325 3554 vice,
1342 3487 1448 3542 cumde
1464 3488 1629 3543 Suessonioa
1644 3488 1798 3543 ciuitateiu

987 3596 1040 3651 qua
1055 3579 1089 3633 ob
1103 3579 1221 3633 similem
1236 3578 1458 3649 persecutionem
1473 3579 1556 3633 delati
1572 3579 1691 3646 luerunt,
1704 3581 1738 3634 ad
1756 3581 1798 3637 lo-

987 3686 1049 3726 cum
1066 3669 1208 3740 proprium
1221 3669 1399 3734 referrentur,
1416 3670 1653 3741 claudusquidam
1665 3687 1727 3725 eum
1740 3687 1796 3726 eae-

988 3760 1055 3815 teris
1068 3760 1116 3829 qui
1132 3767 1411 3827 sauctorumcorpora
1426 3759 1526 3813 devoto
1541 3758 1798 3814 coruitabauturob-

988 3850 1096 3921 sequio,
1114 3848 1303 3918 reptabundus
1319 3847 1418 3900 auuisu
1435 3863 1490 3917 quo
1508 3857 1623 3918 poterat,
1637 3848 1793 3903 incedebat.

988 3944 1047 3998 Non
1063 3942 1176 4013 quidem
1192 3942 1263 3994 lruuc
1291 3947 1388 3993 natura
1408 3939 1537 3994 claudum
1554 3941 1730 4010 produxerat,
1746 3943 1795 3997 sed

989 4050 1021 4088 es
1032 4032 1201 4102 tenqioreilli
1215 4031 1793 4100 accesseratgressuumdolendadebilitas.

989 4127 1110 4197 Cumque
1126 4127 1160 4180 ad
1175 4124 1279 4193 uillam,
1294 4140 1355 4195 quae
1380 4123 1497 4179 insacia
1516 4124 1626 4191 dicitur,
1643 4125 1794 4195 venisseut,

988 4231 1050 4270 mox
1063 4214 1162 4269 nativae
1189 4211 1346 4268 rectitudini
1370 4212 1524 4278 restitutus,
1551 4212 1681 4284 proiectis
1707 4213 1796 4269 admi-

988 4304 1089 4360 niculis
1103 4306 1161 4359 suis
1176 4303 1259 4373 coepit
1273 4302 1372 4357 vadere
1386 4301 1498 4372 plantis,
1510 4310 1537 4356 ct
1550 4303 1635 4357 Deum
1652 4304 1680 4357 iu
1693 4304 1796 4359 sanetis

987 4398 1044 4452 suis
1063 4393 1218 4450 mirabilem
1239 4409 1286 4448 ore
1301 4393 1458 4448 collaudare
1472 4393 1600 4468 gratanti.
1619 4395 1752 4451 Praeterea
1768 4395 1796 4451 lu
1814 4387 1816 4391 ¹

156 4501 269 4575 mpsim,
284 4507 310 4561 jn
334 4507 395 4562 1000
422 4506 480 4573 5110,
514 4505 561 4560 010
583 4520 657 4560 nunc
668 4502 801 4558 tumulata
816 4483 975 4571 ipsosumD
989 4487 1094 4558 eosqui
1107 4501 1222 4540 sacrum
1238 4485 1327 4539 locum
1354 4485 1456 4540 violare
1472 4493 1499 4540 et
1516 4501 1559 4541 res
1573 4486 1678 4541 sanctis
1693 4497 1794 4559 marty-

68 4620 71 4625 ·
155 4601 309 4669 requiescunt
327 4615 400 4665 ossa,
421 4599 457 4654 ila
481 4606 546 4654 tuuc
572 4597 671 4653 feretra
686 4595 790 4666 suut[e.
807 4598 825 4649 i.
837 4593 935 4650 seruu-

68 4707 69 4711 .
155 4686 191 4757 tar]
205 4696 355 4765 aggravata,
371 4698 401 4743 ut
415 4701 588 4758 nequaquam
605 4687 665 4740 loeo
682 4684 786 4740 moveri
800 4684 934 4741 ualerent.

154 4772 283 4834 ltitalleo
299 4777 416 4848 jubente
443 4774 544 4830 factum
572 4791 632 4829 esse
664 4773 807 4844 probatur,
832 4782 862 4830 ut
888 4775 935 4829 ubi

153 4866 489 4937 pauperibuselcemosyuae
504 4863 701 4918 distribuerant
711 4863 935 4938 largitatem,ibi-

152 4956 321 5016 demsuorum
342 4973 487 5028 corporum
512 4964 615 5032 gratam
636 4955 936 5027 percipereutrequic·

151 5048 245 5105 tionem.
261 5049 313 5104 Sed
326 5049 391 5103 dum
415 5062 504 5118 nuper
531 5060 599 5119 gens
614 5043 731 5100 barbara
744 5043 935 5100 Nordmauno·

148 5156 195 5196 rum
204 5143 326 5198 saevitura
341 5138 470 5195 seGalliis
486 5136 642 5203 infudisset,
653 5135 688 5191 ob
700 5135 837 5190 vitandam
850 5135 933 5203 liujus

146 5227 332 5293 persecutionis
359 5227 518 5300 procellam,
546 5240 641 5282 eorum
658 5225 772 5301 pignora
787 5223 821 5278 acl
836 5224 932 5279 urbem

144 5328 197 5372 suut
210 5319 371 5376 Remeusem
386 5317 487 5382 delata,
504 5315 649 5387 positaque
665 5314 694 5369 in
714 5315 787 5369 beati
805 5313 874 5369 Petri
890 5330 933 5370 cc-

142 5406 223 5476 clesia,
238 5418 265 5467 et
278 5428 329 5484 per
340 5410 400 5465 dics
413 5408 546 5481 plurimos
567 5407 669 5462 ibidem
685 5408 736 5462 sub
753 5409 858 5464 honore
872 5425 931 5464 sor·

139 5505 200 5555 rata.
215 5500 247 5556 lt
258 5517 319 5556 eum
331 5501 389 5570 jam
404 5499 526 5566 demum,
537 5497 661 5552 barbaris
680 5498 887 5567 recedentibus,
903 5500 931 5554 iu

138 5600 183 5643 uos
199 5587 330 5646 bacchata
348 5587 395 5642 diu
409 5592 559 5657 tempestas
588 5584 745 5642 desedisset
759 5586 930 5657 [i‚desaeris-

166 5698 220 5772 (ab)
239 5698 310 5756 Loco
325 5713 437 5754 nomem
457 5704 499 5752 est
512 5696 621 5752 flames.
697 5691 706 5709 ⁶

987 4580 1064 4635 ribus
1079 4579 1222 4654 delegatus
1238 4578 1388 4648 pervadere
1407 4578 1627 4650 nituntur,quam
1638 4581 1794 4637 citocliviua

987 4677 1055 4732 ultio
1070 4685 1205 4742 exeratur,
1230 4690 1286 4728 uno
1302 4674 1429 4744 exemplo
1456 4673 1575 4729 sufficiat
1590 4675 1793 4731 demonstrare.

986 4768 1120 4839 'ferurpore
1131 4783 1186 4839 quo
1203 4767 1275 4822 iuter
1289 4783 1368 4840 roges
1383 4768 1505 4821 Orionem
1521 4775 1548 4821 ct
1559 4767 1793 4843 llarolumgraves

986 4862 1139 4936 agebantur
1155 4861 1319 4915 Francorum
1336 4861 1363 4914 iu
1379 4876 1463 4933 regno
1490 4861 1646 4929 discordiae,
1661 4878 1710 4932 per
1722 4862 1793 4916 banc

985 4955 1158 5011 occasionem
1172 4954 1247 5009 licito
1268 4953 1371 5024 rapinae
1395 4962 1423 5009 ct
1438 4954 1659 5024 depredationes
1676 4954 1791 5023 fiebant,

984 5043 1130 5099 confusum
1146 5052 1203 5099 erat
1232 5043 1328 5116 fasque
1355 5043 1488 5116 nefasque
1503 5062 1511 5110 ;
1528 5061 1665 5116 nusquam
1682 5046 1730 5102 Dei
1744 5057 1792 5102 aut

984 5132 1164 5188 humanarum
1180 5133 1261 5189 timor
1276 5134 1380 5207 legum,
1396 5135 1444 5188 secl
1456 5134 1481 5188 ri
1493 5140 1519 5189 et
1528 5137 1651 5205 potentia
1663 5135 1791 5191 universa

983 5223 1164 5288 constabant3
1178 5222 1327 5293 aliquando
1343 5223 1377 5276 acl
1391 5223 1495 5291 sillam,
1512 5240 1572 5296 quae
1589 5225 1704 5279 Basilica
1720 5225 1790 5280 clici-

983 5321 1027 5369 tur
1043 5314 1352 5387 praedonesaclfucrunt,
1363 5326 1562 5387 ceperuntque
1578 5331 1675 5373 omnes
1686 5333 1790 5388 paupe-

983 5425 1043 5463 rum
1059 5409 1257 5464 substantiolas
1271 5407 1390 5462 auferre.
1400 5408 1474 5464 Tunc
1488 5409 1613 5480 quaedam
1628 5410 1789 5465 muliercula

982 5516 1045 5556 cum
1064 5500 1229 5571 supellectili
1244 5516 1293 5555 sua
1303 5500 1412 5575 lugiens
1427 5501 1460 5555 ad
1471 5501 1616 5556 ecclesiam
1630 5509 1787 5556 sanctorum

981 5597 1142 5661 martyrum,
1158 5606 1239 5645 cursu
1265 5589 1439 5660 rapidissimo
1460 5589 1602 5644 tendebat.
1619 5590 1703 5655 Quam
1723 5586 1785 5659 qui-
