3840 6106
122 285 192 340 tots
391 275 394 278 ¹
533 251 535 254 >
663 285 689 338 S.
711 285 863 341 UlldLRlCl
883 285 1069 342 AUGUSTle
1089 284 1245 341 EPlSCOPl.
1719 285 1781 344 tttt

122 417 295 490 negotiorum
310 416 475 473 commercia
489 416 653 473 adalberoni
673 417 886 482 commendavit,
903 425 931 474 et
940 419 969 489 Α
982 417 1112 488 cipieute.
1129 439 1144 469 a
1158 416 1206 473 Cui
1221 416 1290 473 dixit
1303 416 1451 494 episcopus
1466 433 1474 471 ε
1489 436 1503 468 ι
1528 417 1633 481 Frater,
1647 416 1719 470 bene
1736 416 1784 472 tibi

122 507 290 580 episcopalis
305 509 439 564 honorem
461 508 599 565 cathedras
618 520 681 581 post
693 511 775 566 vitam
792 510 927 583 episcopi,
981 517 1076 563 notum
1090 514 1132 563 est
1143 506 1312 563 desiderium
1325 522 1429 573 meum,
1441 522 1541 562 enema
1556 507 1624 572 boc,
1638 505 1784 561 etobsecra

123 597 147 652 si
162 597 235 652 lleus
247 597 342 664 vellet,
355 598 381 652 ei
395 598 499 655 donare
515 597 651 670 promisit,
672 606 700 654 et
726 599 928 670 insupermnl-
978 605 1117 653 uteorum
1137 596 1261 653 consiliis
1275 603 1303 652 et
1332 596 1576 667 permissionibus,
1592 596 1651 649 lleo
1664 594 1782 662 juvante,

124 687 249 745 tislibris
263 688 321 744 auri
336 688 498 761 episcopum
528 691 659 746 donatum
685 691 842 747 amabiliter
853 690 929 747 abire
979 686 1116 757 expletum
1131 685 1186 740 liat.
1203 708 1216 735 ι
1226 684 1303 741 Tunc
1313 684 1444 755 praelalus
1458 681 1745 739 clericnsGerbardus
1759 683 1782 736 in

125 778 261 852 permisit,
278 786 306 835 et
319 779 380 851 ejus
392 780 552 835 mansiones
574 796 635 836 cum
662 781 716 836 alio
743 782 856 838 servitio
881 797 930 838 ne·
981 779 1127 850 prasentia
1146 778 1268 834 omnium
1287 777 1356 832 dixit
1374 794 1404 830 :i
1425 774 1784 847 Excellentissimiimpera-

126 867 257 932 cessario,
277 884 338 923 cum
358 867 415 923 suis
428 866 558 923 fidelibus
585 884 674 941 usque
698 870 732 924 ad
754 869 837 925 linem
857 869 932 926 illius
981 874 1065 933 tores,
1081 872 1109 922 et
1123 864 1321 940 religiosissimi
1335 864 1483 930 antistites,
1495 863 1670 919 desiderium
1686 863 1784 918 domini

128 955 277 1028 provinciae
287 959 365 1012 cente
381 956 527 1028 disposuit.
556 985 558 989 <
982 957 1037 1013 mei
1053 965 1095 1014 est
1108 957 1267 1029 relinquere
1291 956 1434 1023 saeculum,
1447 962 1475 1011 et
1493 957 1651 1011 secundum
1672 955 1785 1030 regulam

163 1048 241 1104 xllll.
268 1048 422 1121 Episcopus
446 1056 538 1105 autem
565 1057 593 1106 et
627 1049 756 1122 prefatus
784 1051 932 1120 adalbero,
982 1045 1069 1101 sancti
1083 1043 1224 1100 Benedicti
1239 1053 1361 1100 sanctam
1389 1043 1567 1112 inirevitam,
1583 1052 1613 1100 et
1627 1045 1656 1099 in
1672 1055 1788 1100 contem·

128 1154 191 1195 cum
200 1137 350 1194 laetabundi
383 1144 587 1194 reverterentur
601 1138 634 1194 ad
650 1137 798 1206 civitatem,
819 1140 934 1196 honori·
984 1136 1085 1208 plavita
1094 1137 1149 1192 vita
1160 1135 1234 1192 diem
1246 1146 1407 1207 exspectare
1421 1136 1577 1192 obitussui.
1591 1137 1623 1190 ln
1634 1136 1787 1191 indumento

129 1225 182 1282 tice
197 1226 269 1281 sicut
282 1226 376 1281 decuit
388 1227 510 1298 susecpti
523 1233 598 1294 suut,
614 1235 642 1282 et
656 1243 754 1284 omues
769 1229 816 1301 qui
838 1230 875 1284 ibi
885 1226 935 1284 in·
985 1242 1034 1298 pro
1046 1225 1241 1283 certohabitus
1255 1227 1410 1296 exterioris,
1432 1227 1548 1299 potestis
1562 1242 1734 1303 cognoscere
1748 1242 1790 1282 vo

130 1319 205 1374 venti
215 1325 290 1383 suut,
302 1325 443 1391 comperta
466 1334 562 1375 eorum
582 1335 717 1392 prospera
732 1321 893 1378 reversione
909 1330 936 1378 et
985 1322 1119 1378 luntatem
1133 1321 1218 1376 animi
1228 1321 1376 1377 interioris.
1392 1323 1477 1377 »lstis
1488 1330 1517 1378 et
1527 1320 1754 1377 aliisratiouibus
1765 1322 1787 1374 in

131 1408 362 1464 honorificatione
377 1408 411 1463 ab
427 1408 593 1480 imperatore
609 1410 650 1466 eis
660 1409 741 1479 sacta,
756 1411 835 1467 valde
850 1409 937 1467 laetili·
985 1415 1127 1472 voluntate
1139 1413 1244 1471 domiui
1260 1416 1303 1470 sui
1324 1415 1352 1470 in
1366 1414 1450 1470 tinem
1473 1413 1616 1478 deductis,
1633 1421 1707 1470 terra
1721 1422 1791 1468 tenus

110 1556 113 1561 .
131 1500 184 1558 cati
206 1509 280 1556 sunt.
296 1501 446 1558 Tuncvero
455 1501 585 1572 praelatus
600 1502 748 1571 ddalbero,
763 1504 937 1580 congregatis
987 1507 1088 1562 cecidit
1102 1516 1165 1561 ante
1179 1506 1264 1577 pedes
1280 1506 1477 1578 imperatorum
1491 1512 1520 1562 et
1529 1506 1699 1572 antistitum,
1719 1504 1792 1562 obse·

131 1593 267 1649 militibus
279 1591 417 1664 episcopi,
428 1592 595 1649 desideravit
610 1594 674 1649 utel
687 1603 859 1651 sacramenta
869 1594 937 1650 lido-
988 1613 1067 1653 crans
1081 1605 1111 1652 ut
1125 1596 1288 1668 petitionem
1301 1598 1407 1653 domini
1419 1599 1461 1653 sui
1473 1599 1631 1654 secundnm
1643 1598 1692 1653 bei
1705 1597 1790 1653 volun

132 1687 217 1743 litatis
228 1688 366 1756 jurarent,
378 1686 453 1758 quod
468 1695 495 1742 et
508 1687 646 1749 {iecerunt
674 1690 701 1744 in
717 1691 864 1761 praesentia
877 1691 939 1762 epi·
968 1739 974 1763 ,
990 1698 1073 1746 tatem
1090 1691 1205 1762 implere
1216 1706 1272 1745 non
1287 1690 1514 1765 dedignarentur.
1526 1690 1579 1755 Qui
1592 1689 1790 1761 simulrespon·

133 1779 211 1851 scopi
228 1778 377 1843 ;similiter
399 1785 427 1834 et
450 1777 554 1834 familie
582 1796 632 1851 per
647 1789 734 1838 totum
749 1782 937 1854 episcopatum
964 1767 976 1804 ³
990 1778 1074 1835 dendi
1085 1778 1210 1834 inducias
1224 1794 1313 1850 usque
1329 1779 1356 1833 in
1372 1779 1522 1835 crastinum
1538 1778 1628 1849 diemj
1645 1778 1792 1850 postulave-

136 1869 210 1925 lecit.
224 1868 376 1939 Episcopus
391 1876 482 1923 autem
498 1869 661 1926 indumento
685 1886 762 1926 more
784 1872 938 1927 monacho·
989 1881 1064 1938 runt,
1078 1879 1205 1943 etpostea
1220 1871 1291 1926 inter
1305 1887 1335 1927 se
1357 1871 1567 1926 aestimaverunt
1583 1870 1706 1942 qualiter
1720 1885 1789 1925 eausa

136 1973 198 2012 rum
227 1955 343 2012 formato
369 1956 545 2026 induebatur,
577 1974 695 2030 quorum
716 1966 798 2016 autes
817 1960 939 2033 regulam
990 1965 1171 2021 adalberonis
1198 1965 1401 2021 terminaretur.
1428 1962 1543 2028 Quidam
1572 1976 1639 2017 vero
1655 1961 1790 2034 episcopo

136 2046 307 2105 multimodis
331 2047 479 2104 virtutibus
502 2050 582 2122 sequi
611 2059 800 2108 consueverat.
818 2052 942 2124 Cumque
992 2076 1050 2115 rum
1066 2058 1206 2127 adjutores
1220 2056 1403 2113 adalberonis
1415 2054 1537 2121 luerunt,
1552 2069 1589 2108 ue
1602 2069 1718 2124 prorsus
1730 2069 1791 2124 aspe

138 2138 198 2192 liaec
213 2137 251 2192 ita
263 2144 420 2210 agerentur,
440 2145 554 2210 propter
577 2141 760 2212 quorumdam
777 2142 940 2199 clericorum
991 2143 1357 2216 episcopalisordiuationis.
1375 2150 1437 2214 post
1450 2143 1534 2197 vitam
1551 2142 1686 2197 avunculi
1704 2142 1791 2198 saier-

137 2227 351 2296 aemulationem,
365 2229 412 2301 qui
427 2246 458 2286 se
472 2231 646 2290 aestimabant
660 2240 723 2305 post
736 2235 841 2291 obitum
855 2237 942 2291 sancti
993 2237 1158 2294 cluderetur.
1175 2237 1239 2292 llaec
1251 2252 1314 2292 cum
1329 2235 1400 2291 iuter
1412 2250 1442 2290 se
1461 2232 1731 2300 sermocinarentur,
1744 2234 1793 2289 ulti·

138 2320 273 2392 episcopi,
290 2321 427 2393 imperiali
449 2323 615 2380 celsitudine
635 2325 816 2395 concedente,
833 2327 943 2399 episco·
993 2341 1038 2381 ma
1050 2326 1079 2380 in
1094 2341 1179 2381 unum
1200 2324 1305 2380 ratione
1319 2322 1479 2389 coadunati,
1494 2337 1597 2377 omnes
1616 2321 1703 2375 simul
1718 2319 1795 2376 fima-

138 2421 232 2484 patum
248 2427 328 2485 posse
354 2414 509 2486 acquirere,
531 2414 646 2472 femiam
678 2418 864 2490 episcopalem
891 2436 944 2491 pu·
993 2427 1092 2477 verunt
1109 2418 1215 2491 [quod],
1229 2416 1652 2474 uisiddalberosesacramento
1665 2425 1792 2471 excumret

139 2506 212 2563 blice
227 2515 337 2579 portare
351 2511 538 2581 presumpsit,
547 2520 577 2567 ιιι
587 2512 628 2568 eis
641 2519 698 2568 tota
706 2529 771 2584 spes
783 2513 945 2586 acquirendi
995 2513 1069 2585 quod
1084 2528 1140 2568 non
1156 2511 1241 2566 sciret
1267 2510 1393 2566 haeresim
1415 2523 1527 2564 manere
1542 2509 1608 2580 qnia
1620 2508 1794 2579 episcopalem

141 2599 317 2672 episcopatus
329 2600 506 2657 adimeretur.
995 2602 1144 2674 potentiam
1156 2617 1218 2658 cum
1235 2600 1334 2656 baculo
1355 2598 1482 2670 arripnit,
1499 2597 1576 2653 nullo
1591 2598 1678 2653 modo
1693 2598 1796 2653 ulterius

175 2691 267 2747 lllllll.
283 2692 382 2750 Postea
400 2709 466 2750 vero
494 2694 696 2753 revertentibus
707 2698 741 2754 de
753 2698 830 2755 ltalia
853 2699 945 2771 impe·
996 2689 1279 2765 legaliterepiscopus
1306 2686 1366 2742 fieti
1393 2685 1539 2758 Ρῡῑιιίθῦθῑ·
1564 2685 1659 2740 *illm
1674 2699 1736 2740 ιθιθ
1759 2684 1796 2738 dit

142 2785 289 2854 ratoribus‚
301 2792 378 2858 patre
392 2786 498 2844 scilicet
510 2797 537 2845 et
550 2788 638 2861 ipsius
646 2791 734 2862 prole,
748 2791 782 2846 ad
793 2791 945 2861 franciam,
996 2798 1058 2839 cum
1073 2781 1206 2853 episcopo
1221 2780 1304 2837 etism
1319 2779 1454 2835 adalbero
1466 2778 1596 2850 synodali
1615 2777 1798 2834 interluitcol-

141 2874 213 2930 tacta
228 2882 270 2930 est
284 2876 408 2948 synodus
435 2878 463 2932 in
483 2877 544 2936 loco
569 2878 616 2951 qui
641 2879 743 2936 dicitur
762 2882 946 2954 lngilunbeim
997 2872 1101 2944 loquio.
1118 2878 1152 2928 el·
1179 2888 1241 2927 cum
1264 2872 1290 2926 ei
1305 2870 1468 2942 ptoediclum
1487 2869 1595 2924 crimen
1611 2868 1797 2940 impumtatis·

142 2967 209 3039 (54),
226 2968 358 3041 adquam
379 2967 582 3040 archiepiscopi
608 2985 670 3025 cum
694 2972 801 3027 caeteris
816 2972 874 3027 suis
888 2970 947 3028 sni·
998 2963 1091 3020 multis
1103 2960 1307 3032 objectionibus
1328 2961 1500 3016 diversorum
1523 2958 1732 3031 colloquiorum
1743 2973 1796 3013 cun

142 3057 281 3134 lragaueis
312 3064 438 3114 sanctum
476 3059 631 3115 Udalricum
669 3076 731 3115 cum
759 3061 818 3116 suis
850 3060 948 3136 legatis
998 3056 1055 3112 suis
1066 3054 1410 3127 adiutoribusapraedicto
1420 3052 1538 3110 crimine
1553 3051 1743 3108 sedeleudere
1757 3058 1803 3105 sta·

143 3146 498 3202 honorilioeinvitaverunt.
514 3147 771 3220 ddelberonemque
784 3149 845 3219 ejus
860 3167 950 3223 nepo·
1000 3146 1059 3203 tuit.
1072 3146 1203 3202 lloccum
1222 3144 1248 3201 ei
1263 3145 1393 3200 adunatio
1409 3142 1534 3199 omnium
1550 3142 1803 3214 episcoporumnon

143 3242 199 3290 tem
213 3249 274 3289 cum
291 3249 324 3290 eo
340 3234 436 3289 venire
449 3233 641 3291 decreverunt.
656 3235 723 3292 llluc
733 3253 797 3293 vero
813 3253 875 3293 cum
886 3253 949 3309 per·
1000 3239 1179 3306 consentiret,
1191 3238 1343 3295 secandum
1354 3252 1409 3308 pre
1419 3236 1519 3290 dictam
1527 3233 1748 3289 destinationem
1755 3231 1805 3303 epi-

144 3324 282 3393 venirent,
297 3334 324 3382 et
342 3327 479 3382 antistites
501 3326 606 3382 ibidem
627 3329 786 3404 congregati
799 3329 950 3386 adalbero·
1000 3346 1147 3403 scoporum
1160 3339 1362 3387 sacramentum
1380 3325 1805 3400 perleoit.pernomenPatris,et

144 3429 207 3469 nem
221 3413 348 3471 baculum
371 3414 555 3487 episcopalem
585 3417 696 3487 publice
714 3425 825 3490 portare
844 3434 950 3494 cogno·
1001 3422 1070 3489 Filii,
1086 3414 1800 3492 etSpiritussanctisuperquatuorEvangelialunc

75 3528 79 3532 ·
144 3504 256 3569 vissent,
272 3503 334 3559 irati
349 3513 413 3560 suut
425 3514 521 3561 contra
533 3521 606 3574 oum,
623 3513 650 3562 et
661 3507 793 3563 dicebant
807 3514 949 3576 ut,contra
1001 3516 1101 3572 iterum
1113 3514 1262 3586 episcopus
1279 3512 1422 3568 Udalricus
1436 3509 1583 3583 petitionis
1597 3526 1658 3566 suae
1675 3525 1806 3581 responsa,

144 3597 285 3654 canonicae
311 3598 486 3655 rectitudinis
511 3601 646 3675 regulam,
670 3602 698 3656 in
714 3603 840 3658 baeresim
856 3605 950 3675 lapsus
1001 3622 1061 3678 qnae
1092 3602 1181 3676 pridie
1207 3602 1408 3675 procrastinata
1432 3598 1559 3668 fuerunt,
1586 3600 1805 3674 perpraedictum

67 3768 69 3772 .
145 3686 253 3756 inisset,
275 3694 303 3743 et
328 3687 404 3760 qnod
427 3688 593 3760 pontillcalis
623 3691 758 3747 honorem
773 3692 952 3750 sublimitatis
1001 3714 1081 3754 enum
1098 3695 1229 3752 clericum
1239 3695 1381 3767 expetivit,
1399 3694 1464 3766 quia
1480 3691 1805 3764 desideravitutpraedic·

144 3782 255 3840 vivente
272 3783 405 3855 episcopo
432 3783 485 3839 sibi
498 3784 561 3856 plns
572 3785 648 3856 justo
661 3786 824 3855 vindicaret,
844 3795 873 3844 et
887 3788 951 3845 ideo
1002 3800 1119 3849 tussuus
1132 3806 1220 3863 nepos
1235 3789 1583 3862 episcopusordinaretnr,
1608 3796 1637 3845 et
1659 3789 1807 3855 ille,secnn

145 3874 293 3930 ultreeum
309 3875 471 3947 episcopum
496 3877 618 3932 ordinari
633 3893 689 3936 uou
710 3878 830 3936 deceret.
848 3881 952 3947 Quibus
1003 3887 1068 3942 dum
1083 3886 1206 3958 regulam
1222 3885 1309 3940 sancti
1324 3883 1477 3949 Benedicti,
1510 3883 1540 3937 in
1567 3882 1738 3939 monasterio
1755 3895 1804 3936 cun

145 3962 191 4019 ille
205 3963 317 4031 auditis,
337 3963 424 4035 prima
446 3964 492 4021 die
507 3966 641 4038 synodale
652 3968 821 4041 colloquium
848 3971 953 4026 intrare
1005 3994 1102 4034 eorum
1122 3992 1260 4033 consensu
1282 3975 1424 4032 deservire
1447 3982 1615 4031 mereretur.
1634 3972 1759 4045 Episcopi
1768 3986 1804 4025 au·

146 4054 286 4120 devitavit,
315 4062 342 4111 et
363 4055 393 4109 in
421 4057 475 4113 alia
505 4057 587 4113 domo
612 4074 675 4114 cum
712 4061 822 4116 caeteris
845 4060 955 4117 clericis
1006 4065 1261 4139 aem‚quamviseis
1280 4081 1312 4120 ex
1332 4071 1389 4120 toto
1414 4078 1470 4119 non
1487 4063 1625 4133 placeret.
1642 4059 1803 4133 aperteeiiu

146 4151 270 4223 episcopi
285 4153 453 4208 remanebat.
468 4153 588 4209 dutistes
602 4161 693 4211 autem
709 4171 772 4212 cum
786 4156 883 4228 paucis
896 4154 955 4211 suis
1007 4157 1112 4228 synodo
1122 4156 1312 4212 contradicere
1332 4153 1445 4210 noluere
1469 4153 1638 4226 petitionem
1656 4168 1732 4208 suem
1747 4169 1753 4216 ;
1767 4149 1802 4205 sed

146 4240 298 4313 capellanis
318 4241 453 4313 synodum
468 4241 588 4299 intravit.
605 4242 728 4315 Cumque
741 4245 855 4301 interse
867 4244 957 4316 ponti·
1007 4246 1204 4320 sapientissimi
1220 4262 1253 4301 en
1268 4244 1346 4316 ipsis,
1364 4259 1426 4300 oum
1455 4242 1574 4299 consilio
1601 4243 1728 4308 aliorum,
1745 4247 1803 4295 erm

146 4331 213 4388 sices
238 4333 376 4405 colloquia
402 4333 505 4388 babere
541 4334 702 4406 coepissent,
734 4336 955 4409 uniuscuiusque
1008 4336 1144 4408 synodum
1168 4350 1232 4390 enin
1259 4333 1403 4388 ambulare
1432 4348 1494 4389 cnm
1515 4331 1572 4386 illis
1604 4333 1802 4404 postulavemnt,

147 4423 281 4479 rationem
301 4440 352 4496 per
379 4424 523 4481 latinitatis
551 4426 718 4483 locutionem
738 4429 887 4486 voluerunt
901 4437 956 4485 ter·
1009 4428 1104 4500 ibique
1116 4442 1178 4482 cum
1204 4441 1237 4481 eo
1256 4433 1285 4481 et
1308 4440 1371 4480 cum
1397 4424 1454 4480 suis
1479 4423 1593 4479 clericis
1612 4419 1804 4495 sapientissimis

147 4511 248 4567 minari
262 4529 269 4578 ;
284 4528 403 4584 cumque
418 4529 500 4570 causa
518 4515 605 4571 sancti
625 4514 744 4572 Udalrici
759 4516 855 4574 suisset
869 4487 996 4575 venti·D
1010 4531 1145 4580 secretam
1162 4522 1332 4578 locutionem
1341 4520 1473 4586 habuere,
1484 4519 1613 4574 dicentes
1624 4539 1654 4573 :a
1667 4514 1805 4575 llererenle

148 4603 241 4670 landa,
256 4612 283 4659 et
297 4604 353 4672 ille,
374 4621 422 4676 pro
436 4605 598 4663 infirmitate
621 4607 684 4679 (55),
703 4614 757 4664 tam
773 4625 874 4666 sonora
889 4600 957 4667 voce
1009 4614 1099 4680 Pater,
1114 4612 1158 4667 cui
1176 4618 1243 4667 nota
1257 4618 1300 4666 est
1311 4609 1434 4665 omnium
1454 4608 1710 4665 ecclesiasticorum
1740 4605 1807 4662 libro

149 4702 177 4751 ιιι
189 4702 246 4751 tota
258 4697 381 4768 synodus
388 4698 486 4754 audire
510 4699 656 4771 potuisset,
683 4700 818 4757 rationem
833 4701 957 4773 prolerre
1008 4720 1067 4759 rum
1084 4701 1221 4770 normula,
1237 4701 1284 4774 qui
1298 4716 1408 4772 semper
1422 4700 1524 4756 callem
1542 4699 1723 4761 rectitudinis
1733 4696 1807 4753 amba·

148 4801 204 4844 non
215 4795 320 4859 posset,
337 4788 522 4847 advocabatur
536 4806 610 4846 anns
624 4807 691 4847 snus
710 4791 827 4848 clericus
843 4793 957 4849 nomine
1008 4793 1069 4848 lasti
1083 4806 1139 4848 non
1150 4791 1299 4858 deviando,
1322 4805 1378 4846 uon
1391 4789 1472 4844 decet
1491 4797 1520 4845 ut
1549 4804 1637 4857 nuuc,
1655 4790 1735 4845 istam
1748 4785 1803 4843 rim

148 4877 314 4948 Gerbardus,
332 4880 381 4952 qui
395 4889 470 4938 extra
481 4882 618 4954 synodum
633 4899 696 4939 cum
722 4884 958 4941 adelberonem·
1008 4899 1090 4955 quam
1106 4897 1216 4953 semper
1245 4880 1357 4937 tenuisti
1379 4878 1521 4943 omittens,
1551 4877 1805 4934 seminarinmente

148 4972 289 5043 manebat,
300 4979 330 5028 ut
354 4989 403 5044 pro
417 4990 451 5030 eo
462 4974 593 5031 desiderii
616 4976 659 5031 sni
674 4976 809 5033 rationem
822 4993 873 5049 per
895 4977 956 5033 lati·
1007 4981 1097 5030 sumat
1110 4974 1172 5030 talis
1193 4988 1281 5042 error,
1303 4979 1334 5027 nt
1352 4970 1421 5026 alius
1436 4970 1469 5026 ‘in
1496 4970 1560 5026 loco
1589 4977 1650 5035 tuo,
1666 4979 1693 5025 te
1707 4969 1811 5026 urente.

149 5062 243 5119 uitatis
260 5064 429 5121 locutionem
456 5064 657 5122 manifestaret.
687 5067 809 5141 Cumque
834 5069 889 5136 vix,
909 5084 959 5140 pro
1009 5065 1263 5137 ordinetur3quia,
1287 5063 1311 5120 si
1335 5080 1369 5120 ex
1398 5071 1425 5119 te
1446 5062 1508 5118 talis
1530 5057 1806 5129 consuetudoinoipit

149 5156 285 5212 densitate
303 5157 468 5225 multidiuis,
488 5157 516 5212 in
536 5158 692 5229 fpraeseurta
720 5160 918 5232 imperatomm
933 5168 961 5217 et
1010 5157 1172 5231 perpetrari,
1193 5156 1222 5211 in
1237 5163 1376 5228 posterum
1398 5155 1490 5210 multis
1515 5155 1682 5210 reverendis
1697 5164 1723 5210 et
1742 5150 1808 5208 bonis

150 5246 343 5318 episcoporum
360 5263 482 5320 praesens
497 5246 630 5314 stetisset,
656 5248 881 5327 interrogabatur
893 5252 960 5325 qnid
1011 5252 1159 5324 episcopis,
1181 5251 1215 5305 ab
1227 5266 1325 5306 eorum
1340 5248 1488 5320 nepotibus
1506 5253 1535 5302 et
1543 5247 1657 5303 clericis
1668 5248 1732 5303 talia
1745 5243 1803 5301 desi

150 5334 322 5392 desideraret
335 5336 465 5392 dominus
484 5351 561 5391 suus.
577 5335 681 5401 nutans
697 5337 961 5414 interrogationibus
1011 5341 1181 5407 derantibus,
1197 5340 1283 5395 multa
1306 5344 1490 5395 concrescunt
1508 5334 1640 5391 adversa.
1663 5334 1757 5391 blelius
1770 5328 1809 5386 tibi

150 5422 349 5495 multiplicatis,
365 5426 434 5481 dixit
452 5442 481 5480 :-
499 5426 559 5482 Non
589 5426 681 5483 debeo
696 5427 961 5504 interrogationibus
1011 5439 1052 5488 est
1071 5438 1101 5486 nt
1118 5430 1146 5484 iu
1160 5445 1194 5485 eo
1207 5427 1372 5494 ministerio,
1384 5426 1413 5481 in
1438 5440 1493 5497 quo
1506 5423 1630 5496 coepisti,
1649 5425 1706 5480 beo
1720 5421 1806 5479 mian

150 5525 249 5575 vestris
262 5521 433 5592 respondere
446 5537 495 5593 pro
520 5522 634 5580 domino
657 5537 732 5591 meo,
751 5522 804 5578 nisi
818 5524 865 5580 illo
888 5541 961 5596 prae·
1012 5538 1184 5595 permaneas,
1199 5535 1291 5593 quam,
1313 5527 1388 5574 tuam
1407 5518 1579 5574 voluntatem
1603 5532 1739 5589 sequens,
1761 5511 1808 5568 aliis

152 5651 380 5782 Γοξξᾞιιιόιῖιὲιε
394 5653 658 5727 lngilunheimeusis
677 5654 707 5714 in
729 5670 812 5715 causa
837 5656 961 5714 ddelbe·
1048 5655 1102 5726 (55)
1116 5655 1217 5730 agebat
1227 5668 1332 5712 annum
1342 5650 1565 5730 octuagesimum
1577 5648 1742 5706 secundum.

232 5763 240 5792 ,
289 5766 296 5782 .
364 5766 371 5783 .
