3840 6106
205 279 259 333 tls
585 269 770 330 rtouotuut
790 269 942 328 canonici
964 269 1128 327 nadadsts
1148 269 1317 325 opuscula
1337 266 1495 325 battuta,
1821 265 1871 320 720

207 410 257 474 tini
273 408 378 463 salvare
388 421 477 460 meam
491 406 590 477 polerit
600 405 622 460 si
638 403 842 475 faveroprolcrn
857 402 872 456 f
1027 409 1050 472 ,t
1066 399 1141 454 llunc
1153 401 1235 454 simul
1249 399 1400 470 expediens
1414 399 1512 454 ambos
1528 397 1658 470 perducit
1671 397 1699 450 in
1715 395 1793 449 redes

206 499 286 570 Atqui
300 497 348 569 (ait
365 496 421 561 ille)
435 496 506 550 Deus
519 495 590 550 valet
614 495 679 550 binc
695 511 774 551 mcus
788 494 917 550 omnibus
930 500 1012 565 atque
1065 496 1123 561 Quo
1139 510 1228 564 nuper
1240 494 1295 550 laeti
1307 495 1377 549 rotis
1389 500 1416 548 et
1430 493 1511 549 laude
1526 493 1663 548 vacabant

207 588 298 643 Pennis
314 587 432 657 eripere,
447 592 475 640 at
488 593 597 656 praestat
610 591 713 641 certare
723 585 844 640 duellum
1064 587 1190 643 Consiliis
1205 586 1313 642 munire
1324 600 1410 640 novos
1424 585 1584 641 caelestibus
1597 599 1698 658 agnos.

205 681 331 747 Fortiter,
346 689 478 735 aeternum
493 687 523 734 ut
536 679 641 734 valeam
657 688 768 749 captare
778 679 957 750 triumphum.
1064 676 1230 747 Praecipiens
1245 682 1306 746 post
1321 675 1371 730 hac
1382 674 1490 729 censori
1505 674 1639 730 accedere
1652 673 1736 727 duro.

206 770 321 826 Credere
336 769 358 824 si
379 785 422 825 me
436 769 487 833 sis,
500 777 604 832 custos,
618 768 769 842 geminabo
781 774 903 833 catenas,
1064 769 1227 823 albescente
1238 768 1302 837 polo
1317 767 1408 822 noctis
1421 765 1485 820 dum
1501 770 1571 820 tetra
1586 763 1736 827 recedunt,

205 859 241 916 fe
252 875 364 932 quoque
377 860 404 914 in
422 858 476 913 ima
491 859 666 914 tenebrarum
677 860 729 915 sub
740 860 849 916 vincula
864 860 952 915 solum
1064 859 1212 932 Dispositis
1228 861 1375 915 luctatores
1389 862 1554 928 repetuntur
1567 853 1602 908 ab
1618 852 1719 908 antris.

207 953 360 1008 detrudens
372 964 463 1005 caveae
476 949 692 1006 claustraomnia
705 961 762 1008 tuta
776 953 941 1026 relinquam,
1065 954 1147 1019 Queis
1158 955 1271 1009 minime
1282 948 1632 1019 inventis,drtcnsiusipse
1636 946 1756 1016 jubetur

206 1040 340 1096 Omnibus
351 1051 378 1095 et
387 1040 509 1105 credam,
521 1039 544 1093 si
557 1048 583 1095 te
594 1040 666 1095 fleus
681 1049 760 1096 eruet
771 1041 832 1098 istis
858 1065 868 1092 ι
1065 1045 1180 1111 llrctari,
1197 1052 1280 1116 atquc
1293 1041 1354 1097 deis
1368 1055 1445 1096 sacra
1461 1037 1664 1094 ferrclitamina
1677 1035 1755 1109 cogi,

207 1134 256 1188 flat
275 1132 370 1186 Petrus
384 1146 526 1186 assensum
541 1147 571 1186 sc
586 1132 646 1200 ejus
661 1139 774 1188 testatur
786 1133 821 1187 ad
835 1133 908 1187 aedes
1065 1135 1145 1191 Stans
1160 1134 1212 1190 sub
1227 1135 1334 1190 bonore
1345 1133 1392 1187 llei
1403 1148 1465 1187 cum
1481 1131 1561 1203 prole
1572 1146 1604 1185 ac
1618 1129 1744 1200 conjuge
1758 1125 1835 1181 fortis

207 1225 368 1292 Venturum,
383 1241 437 1280 non
451 1226 484 1280 ad
500 1225 615 1280 libidum
630 1226 787 1282 tentaminis
801 1225 913 1298 linquit)
1066 1228 1176 1284 Radere
1191 1227 1337 1282 mandatur
1348 1225 1452 1293 junctis
1466 1223 1609 1280 affectibus
1624 1220 1704 1286 abdi,

208 1317 237 1374 ld
252 1319 298 1373 liet
312 1318 435 1380 hnmani,
450 1319 518 1389 quin
531 1318 565 1374 ad
578 1319 690 1375 deitatis
704 1321 766 1374 lesu
1066 1319 1185 1375 Caeditur
1196 1320 1255 1390 ipse
1267 1319 1379 1391 quidem
1396 1317 1488 1390 gladio
1504 1333 1554 1389 per
1567 1316 1665 1370 limina
1681 1319 1786 1384 crypta

207 1408 321 1463 lumina
336 1408 471 1462 demersis
485 1409 627 1464 bominum
644 1410 793 1480 pandenda
805 1410 942 1466 tenebris.
1067 1408 1135 1464 Pilia
1150 1425 1213 1465 cum
1226 1413 1314 1464 matre
1327 1407 1444 1478 abjectae
1457 1407 1589 1478 saxisque
1599 1411 1706 1460 notatur

207 1502 266 1566 lile,
280 1508 363 1570 caput
377 1499 506 1572 quatiens
521 1518 528 1554 z
545 1501 638 1556 nimiis
652 1501 750 1557 delirat
764 1502 810 1559 bic
825 1511 902 1558 actus
1067 1498 1180 1554 lllortem
1195 1499 1346 1554 eradentes
1359 1497 1544 1568 capiuntsine
1558 1495 1647 1551 limite
1658 1493 1759 1560 riam,

206 1592 363 1648 formensis
375 1590 455 1660 liufrt)
471 1610 478 1658 ς
494 1602 632 1665 properat,
650 1604 799 1666 narratque
809 1595 906 1670 jugali.
1067 1593 1198 1648 finctores
1207 1591 1373 1660 esseifaniis
1387 1598 1451 1647 aute
1463 1605 1512 1646 ora
1522 1590 1648 1644 ferentes

208 1687 245 1741 En
261 1688 355 1742 subito
366 1687 464 1752 noctis,
480 1688 567 1742 solem
575 1688 769 1744 claudentibus
782 1689 898 1756 umbris,
1067 1686 1211 1742 Terrorem
1225 1686 1373 1752 incutiunt,
1389 1685 1509 1742 comitati
1519 1684 1601 1756 plebe
1616 1680 1760 1754 frequenti

208 1779 304 1832 Petrus
318 1778 408 1842 adest,
421 1778 580 1834 veneranda
594 1781 684 1835 crucis
693 1780 835 1855 signacula
847 1787 958 1852 gestans
974 1798 981 1844 ;
1029 1777 1216 1874 Bfarnifrces
1230 1778 1283 1850 ipsi
1297 1777 1451 1833 retinentur
1461 1774 1642 1845 etinterccpti

210 1869 250 1923 llli
265 1870 326 1937 ejus
340 1869 417 1924 strati
435 1871 552 1940 pedibus
563 1871 682 1926 clamare
696 1888 847 1943 supernum
1069 1873 1158 1940 Stant,
1170 1887 1247 1927 sacra
1262 1871 1327 1925 dum
1352 1871 1497 1926 celebrans
1527 1876 1710 1922 consummat
1726 1864 1779 1920 rite
1789 1878 1868 1919 sacer·

210 1958 275 2014 Esse
289 1975 431 2031 unumque
446 1961 543 2028 Deum,
571 1961 715 2016 [lominum
740 1961 801 2017 sine
816 1961 929 2038 tigmine
941 1962 1019 2018 Chri·
1778 1958 1841 2030 [dos.

892 2059 982 2130 [stum.
1071 2063 1102 2114 dt
1115 2057 1289 2114 confessores
1300 2056 1352 2111 sibi
1365 2058 1422 2126 jam
1434 2053 1545 2110 differre
1555 2069 1691 2110 erronem

209 2142 275 2196 Pilia
286 2159 348 2198 mox
359 2143 468 2214 plenam
481 2145 565 2201 sumit
578 2144 690 2200 Paulina
703 2147 832 2216 salutem,
1072 2151 1219 2206 llorrentes
1232 2156 1346 2220 partam,
1361 2146 1495 2218 populum
1509 2145 1643 2201 secedere
1652 2144 1797 2204 mandant,

210 2235 240 2290 Et
256 2235 402 2302 Christum,
419 2251 488 2308 quos
508 2237 553 2291 illa
563 2238 662 2293 domus
675 2239 823 2306 retinebat,
835 2241 971 2297 adorant:
1071 2240 1106 2294 Sc
1121 2238 1219 2294 rinelis
1229 2239 1311 2303 ultro,
1326 2236 1426 2312 gladiis
1441 2252 1473 2291 se
1487 2243 1589 2306 sponte
1608 2235 1743 2289 ferentes.

210 2325 338 2380 flaemone
353 2341 384 2380 se
399 2326 507 2381 bomini
518 2326 666 2398 profitente
680 2328 776 2402 vigore
790 2328 947 2387 subactum.
1072 2331 1141 2403 Ergo
1156 2347 1241 2387 canes
1253 2329 1341 2385 rabidi
1356 2329 1433 2384 nulla
1447 2327 1597 2384 dulcedine
1608 2327 1678 2383 moti

208 2413 341 2483 vulgatur
356 2415 571 2486 circumpositis,
593 2417 732 2489 curritque
748 2417 868 2474 virorum
1070 2420 1230 2477 Praenrissos
1244 2420 1292 2477 ubi
1308 2419 1471 2485 dilacerant,
1485 2426 1647 2489 acuuntque
1657 2415 1779 2472 furorem

209 2504 360 2560 tercentus
374 2505 461 2573 major
475 2522 591 2573 cuneus,
611 2525 750 2580 sexusque
762 2512 877 2567 meandi
1071 2515 1130 2569 flou
1145 2521 1253 2584 ponunt
1266 2527 1406 2584 proceres,
1415 2517 1518 2566 aterna
1533 2509 1660 2580 trophaea
1673 2514 1803 2579 petentes

211 2594 332 2665 amplior
346 2595 625 2666 irrumpitnumerus,
636 2600 794 2670 spectacula
807 2602 879 2657 clara
1071 2605 1190 2661 Nexibns
1201 2605 1344 2672 invadunt,
1356 2604 1493 2675 nodisque
1508 2603 1542 2659 ad
1558 2601 1662 2659 robora
1672 2601 1806 2674 jungant,

210 2681 300 2737 Vis-uri
315 2682 468 2755 dantesque
483 2686 532 2740 llei
547 2686 685 2757 praeconia
700 2689 809 2743 summi.
1071 2697 1205 2770 Quodque
1234 2695 1323 2752 ferant
1351 2694 1457 2751 lethum
1480 2699 1633 2766 properant
1662 2691 1785 2766 rogitare
1798 2688 1868 2761 magi·

210 2770 277 2826 Tum
290 2770 384 2835 Petrus
400 2774 586 2830 Marcellinum
601 2777 779 2849 cupientibus
795 2779 850 2835 illis
1746 2782 1841 2855 [strum

212 2866 294 2921 Sacra
307 2867 400 2923 subire
409 2876 499 2937 vocat,
516 2879 630 2927 cunctos
640 2872 700 2944 qui,
716 2874 861 2948 presbyter
874 2875 974 2945 almus,
1074 2878 1098 2932 ls
1111 2884 1207 2934 monet
1220 2875 1322 2933 abduci
1337 2875 1366 2930 in
1379 2874 1483 2946 sylvam
1498 2891 1561 2947 qu·
1575 2874 1670 2932 Niara
1684 2880 1783 2929 vocata

212 2958 305 3014 abluit
319 2960 483 3033 ablutosque
500 2962 546 3033 pio
558 2965 698 3020 connectit
712 2966 778 3022 orili
1073 2970 1199 3028 Candida
1212 2969 1282 3024 facta
1292 2968 1347 3039 piis
1357 2982 1481 3035 nemora,
1497 2975 1580 3038 atque
1594 2964 1650 3022 sub
1666 2964 1763 3021 abdita
1773 2963 1840 3021 credi.

211 3050 390 3122 sacratosque
407 3053 570 3128 reosJungit
588 3056 702 3113 custode
719 3059 836 3125 solutos,
1072 3061 1224 3118 Obscurum
1235 3061 1310 3117 ducti
1326 3061 1355 3117 in
1365 3060 1465 3117 saltum
1479 3060 1615 3130 lucesque
1630 3057 1684 3114 sub
1702 3056 1775 3113 altos

212 3139 332 3195 flexibus
347 3149 501 3212 exemptos,
517 3143 670 3217 vitiisquos
684 3148 796 3219 expedit
810 3150 884 3205 atris.
1033 3174 1059 3244 C
1074 3155 1179 3210 nrulsis
1194 3153 1312 3226 spatium
1328 3154 1412 3210 caedis
1427 3151 1482 3208 sibi
1497 3150 1626 3205 sentibus
1641 3157 1751 3221 aptant,

214 3233 393 3304 comperiens
411 3250 510 3291 censor
520 3236 633 3292 mandat
643 3238 696 3293 sibi
709 3239 802 3296 sistier
814 3239 921 3307 anrbos,
1075 3245 1161 3317 lnquc
1176 3244 1265 3300 ricem
1281 3243 1413 3314 suplices,
1428 3241 1505 3314 pacis
1514 3240 1610 3298 sibiut
1623 3240 1723 3297 oscula
1735 3239 1823 3303 libant,

212 3324 408 3396 Presbyterum
424 3332 506 3399 atque
522 3329 695 3398 exorcistam,
712 3329 838 3404 fatusque
848 3333 980 3389 sacerdos
1072 3334 1139 3389 Vota
1152 3348 1225 3408 genn
1240 3333 1338 3389 dantes
1348 3333 1437 3403 posito
1451 3331 1502 3388 sod
1520 3331 1717 3396 cordelevato,

212 3414 290 3481 Pera,
311 3415 357 3470 nbi
371 3417 558 3490 prosequitur,
571 3418 692 3475 dictante
707 3418 799 3478 furore
807 3423 921 3491 iubetur
1074 3425 1240 3481 Letbiferum
1256 3433 1385 3497 prompta
1393 3424 1513 3499 gladium
1525 3422 1636 3480 cervice
1646 3427 1795 3494 receptant.

212 3503 375 3560 Carnificum
390 3506 554 3562 saeristundi
568 3508 736 3579 perviscera
751 3512 862 3587 pugnis.
1076 3520 1210 3592 Virgineae
1222 3519 1341 3594 gemmis
1355 3518 1456 3574 animae
1475 3517 1603 3574 visuntur
1616 3523 1723 3583 clamo

212 3594 349 3653 fledcinnt
364 3598 441 3667 lanii,
457 3614 536 3654 sacer
551 3599 747 3672 insuperabilis
763 3610 843 3660 astat.
1075 3609 1215 3665 Praeculte
1225 3609 1319 3681 specie
1336 3624 1443 3680 superse
1455 3608 1611 3666 cultoribus
1624 3607 1697 3663 aulea

212 3690 371 3758 Seiunctnm
385 3690 450 3747 inde
466 3691 544 3748 Petro
559 3694 674 3750 densata
693 3695 808 3768 cuspide
820 3699 882 3754 vitri
1076 3701 1153 3757 Celsa
1172 3701 1268 3757 subire
1284 3701 1352 3772 poli,
1367 3700 1468 3758 eoelum
1479 3709 1630 3772 penetrare
1646 3714 1698 3770 per
1709 3710 1794 3761 auras,

214 3778 284 3833 Trux
299 3778 402 3834 nudum
414 3779 495 3849 jubet
508 3781 625 3838 insterni
640 3785 778 3858 caecisque
793 3786 905 3844 latebris
1078 3789 1205 3845 Carnifici
1216 3791 1276 3846 baec
1290 3806 1424 3847 concessa
1437 3789 1507 3846 truci
1520 3795 1648 3861 spectare
1664 3786 1794 3848 feruntur,

216 3871 338 3927 Luminis
350 3873 480 3928 auxilium
494 3875 596 3931 auferri
613 3876 772 3951 rictumque
788 3881 883 3955 negari
1078 3878 1128 3945 itui
1144 3879 1210 3935 dum
1224 3879 1282 3934 risa
1298 3878 1394 3947 refert,
1407 3877 1493 3934 torvis
1505 3876 1570 3933 dum
1586 3875 1709 3948 poenitet
1722 3872 1794 3935 actis,

216 3960 331 4033 lngemit
344 3961 455 4036 abjungi
472 3962 567 4020 Petrus
580 3980 707 4038 saevoque
723 3975 839 4037 tyranno
857 3986 864 4022 :
1074 3968 1135 4023 lam
1149 3968 1242 4024 senior
1253 3968 1316 4024 ritae
1330 3967 1431 4024 meruit
1445 3982 1522 4022 sacra
1537 3966 1613 4022 dona
1626 3981 1679 4037 per
1692 3964 1783 4020 undu.

218 4073 227 4098 ι
246 4051 310 4106 Cum
324 4054 571 4125 recitentsubjecti
587 4057 698 4129 (inquit)
714 4067 741 4114 te
756 4058 824 4116 forte
840 4076 970 4117 serenum
1074 4060 1162 4134 [tigno
1175 4060 1265 4116 danda
1279 4059 1340 4116 solo
1347 4067 1477 4134 retegunt
1495 4073 1546 4113 sua
1556 4057 1685 4113 membra
1702 4053 1779 4115 beati.

216 4167 230 4196 a
247 4146 362 4203 Nubilus
377 4164 408 4203 es
424 4165 473 4219 per
486 4159 585 4206 cuncta
595 4151 649 4207 tuis
661 4152 824 4209 tenebrosas
840 4158 977 4212 etactis.·
1074 4153 1137 4216 ltuae
1153 4150 1273 4207 Firmius
1288 4150 1359 4206 levat
1373 4147 1532 4222 pariterque
1545 4146 1662 4215 Lucilla,
1676 4152 1788 4202 vennas
1901 4215 1905 4225 ι

214 4233 259 4288 Sic
279 4250 389 4307 quoque
404 4237 556 4312 constringi
568 4238 627 4308 ipse
642 4239 732 4306 datur,
747 4242 788 4297 sie
804 4244 921 4300 nexibus
933 4246 991 4303 indi
1078 4239 1217 4314 Sanguine
1230 4246 1373 4309 matronas,
1388 4237 1490 4294 mentis
1503 4235 1705 4311 magelamine
1719 4232 1795 4294 dara,
1897 4242 1903 4321 ,’

215 4324 375 4396 arctarique
391 4325 479 4397 pedes
496 4327 563 4402 ligni
578 4331 730 4400 pressantis
744 4331 830 4389 biatu.
1077 4334 1297 4407 Admonitaeque,
1312 4349 1397 4405 specu
1411 4332 1518 4405 positus
1531 4330 1677 4388 Tiburtius
1689 4327 1764 4386 almis

216 4415 354 4490 Astrigera
373 4416 498 4474 desolato
517 4419 637 4478 celestis
649 4423 778 4481 alumnus
1077 4428 1134 4491 Qua
1149 4427 1228 4484 deret
1238 4427 1347 4484 meritis
1358 4425 1503 4483 sacratain
1518 4434 1599 4495 septa
1614 4421 1772 4480 recondunt

217 4506 380 4579 Presbytero
395 4510 494 4565 summi
510 4511 618 4587 legatur
631 4513 666 4568 ab
680 4531 743 4572 arce
752 4520 883 4584 wnantis.
1035 4475 1065 4545 D
1079 4523 1211 4579 Damasus
1224 4523 1284 4579 haec
1297 4523 1440 4595 quondam
1454 4536 1517 4594 quae
1530 4534 1697 4591 percussore
1706 4515 1796 4574 issue
1898 4512 1903 4517 ’

217 4598 302 4674 Erigit
315 4600 391 4658 hunc
402 4602 501 4678 plagis,
515 4606 628 4677 proprio
639 4607 793 4671 circumdat
805 4613 919 4681 amictu,
1078 4615 1255 4688 compererat
1267 4615 1361 4673 stricto
1376 4614 1441 4674 lieet
1454 4613 1529 4671 edita
1537 4613 1665 4670 carmine
1679 4610 1771 4686 vulgat

216 4687 334 4762 Proripit
348 4693 377 4748 in
392 4692 513 4766 cippoac
526 4694 599 4754 ferro
613 4713 668 4771 qus
682 4699 779 4758 Petrus
791 4704 912 4777 agebat3

966 4836 1072 4894 attur
1091 4839 1135 4895 Xl.

816 4967 856 5028 De
872 4968 988 5031 duodus
1003 4974 1116 5034 sanclis
1133 4972 1294 5033 Felieibus.

216 5094 372 5167 Presbyteri
388 5095 481 5151 diviua
496 5097 551 5153 duo
565 5115 616 5171 per
628 5116 705 5157 sacra
716 5103 851 5172 nitebant,
1076 5109 1170 5178 Cujus,
1183 5118 1215 5168 ut
1227 5109 1338 5167 insuffat
1351 5111 1477 5183 patribus
1491 5110 1629 5182 suplicata
1643 5112 1753 5170 cetastis

216 5185 458 5254 NomineFelices,
473 5187 569 5244 felices
583 5191 794 5262 actibusambo,
1078 5201 1139 5268 Ora,
1153 5203 1322 5259 relutrento
1337 5202 1443 5271 folium,
1453 5212 1528 5260 vasta
1547 5219 1604 5260 aera
1622 5204 1768 5263 labascunt.

216 5279 323 5334 Fratres
335 5280 395 5353 lege
410 5280 470 5346 Pei,
487 5297 618 5356 germano
637 5287 774 5361 sangnine
795 5287 901 5345 fratres.
1080 5288 1147 5345 ilinc
1157 5290 1224 5346 alias
1235 5291 1322 5349 victor
1336 5292 1420 5348 simili
1432 5292 1570 5353 deductus
1583 5294 1619 5350 ad
1630 5310 1693 5352 aras

216 5369 363 5441 correptus
377 5371 473 5426 senior
485 5387 631 5442 procerum
642 5375 762 5431 dictante
775 5377 868 5434 furore
1080 5380 1193 5438 insultat
1206 5381 1274 5450 idaia
1288 5381 1383 5458 genito
1396 5382 1495 5439 virtute
1506 5383 1601 5451 reliso,

214 5461 321 5516 indicis
336 5461 476 5518 invehitur
489 5470 596 5520 secreta
611 5466 644 5521 ad
660 5467 774 5523 numina
789 5469 902 5527 flraccbi
1080 5471 1135 5527 Nec
1149 5472 1201 5528 dea
1214 5472 1338 5529 venatrix
1349 5489 1469 5546 arcuque
1480 5481 1508 5530 et
1526 5477 1665 5535 arundine
1675 5487 1772 5536 terrens

216 5556 312 5612 AEreus
325 5556 442 5632 urgebat
457 5558 567 5616 Pelusia
580 5578 659 5619 sacra
674 5562 786 5636 Serapis
1078 5562 1137 5617 Oris
1152 5561 1239 5618 flabra
1250 5564 1290 5635 pii
1305 5572 1408 5621 restare
1422 5564 1457 5621 sd
1470 5566 1564 5624 tenuis
1584 5569 1673 5627 fortis.

217 5645 348 5703 flabraeos
358 5645 425 5702 olim
444 5647 515 5706 duce
525 5652 573 5724 qui
586 5650 712 5710 fricante
724 5654 844 5730 subegit,
1077 5656 1223 5716 ludicisad
1236 5660 1332 5717 sedem
1349 5669 1411 5734 post
1421 5661 1493 5719 clara
1508 5664 1633 5753 trophaea
1646 5666 1776 5729 manem
