3840 6106
212 219 264 278 tile
872 219 1007 275 ioannis
1028 221 1089 276 ltili
1109 221 1212 278 PAPAE.
1623 229 1626 234 '
1832 224 1883 283 sie

211 347 309 418 synodi
334 362 416 401 causa
431 347 459 400 in
481 345 606 409 Galliam,
628 346 838 402 Germaniamve
864 348 1019 407 destinatus
1030 358 1055 426 Α
1069 353 1238 420 studuerint,
1261 352 1467 409 benedictionis
1492 355 1606 427 gretiam
1635 363 1664 412 et
1682 352 1897 414 misericordie·

151 509 153 512 y
211 436 592 510 luerit,Trevirensispraesul
613 437 836 509 postquemiibet
845 440 1015 498 ordinarium
1068 444 1270 513 plenitudinem
1286 443 1314 497 in
1331 443 1491 499 coelestibue
1513 444 1611 500 castris
1636 445 1715 500 inter
1734 445 1880 502 electorum
1898 424 1901 437 ¹

211 532 330 604 legatum
345 531 414 584 d.S·.
438 531 556 601 primurn
572 531 644 586 inter
662 531 732 587 alios
758 533 904 603 pontilices
926 536 1016 592 locum
1068 549 1211 588 numerum
1236 531 1385 588 eliicaciler
1404 531 1550 589 aiiomino
1570 533 1629 589 beo
1657 535 1798 606 consequi
1825 551 1880 591 me·

211 619 345 676 obtineat.
372 620 403 675 Et
421 620 444 673 si
468 620 569 674 missus
594 621 723 676 llomanae
743 621 872 676 Ecclesia
887 621 1016 687 deluerit,
1067 631 1190 679 reantur.

210 709 338 765 similiter
367 718 429 781 post
457 710 652 782 imperatorem
679 711 737 767 sive
767 728 860 786 regem
889 712 1016 781 sedendi,
1103 714 1240 785 Scriptum
1261 729 1311 783 per
1330 730 1442 769 manum
1465 714 1600 786 Stephani
1624 715 1729 772 notarii
1746 725 1776 772 et
1795 718 1886 790 regio:

210 798 376 853 seutentiam
391 798 533 864 edicendi,
549 806 577 854 et
590 799 723 870 synodale
734 798 871 868 judicium
883 801 1017 857 canonice
1068 806 1137 861 narii
1153 813 1181 861 et
1193 805 1328 862 scriniarii
1344 813 1446 861 sanctae
1461 806 1721 878 sedisapostolicae
1737 807 1766 862 in
1788 824 1876 864 menae

211 890 415 963 promulgandi,
430 891 575 961 primatum
597 891 713 960 babeam
730 898 825 964 utpote
839 894 867 948 in
884 893 938 949 iilis
953 911 1016 966 par·
1067 898 1197 955 ianuario
1217 908 1244 956 et
1265 900 1363 956 indici.
1391 917 1440 956 xri.
1462 901 1528 956 lisia
1546 918 1573 956 xi
1590 901 1710 957 Kalend.
1728 901 1873 967 Februarii,

210 983 525 1039 tibusvicariusnostrre
535 984 782 1056 sedisapostolicae
802 986 900 1041 merito
916 986 1018 1041 consti·
1070 1007 1120 1060 per
1142 1007 1253 1046 manum
1269 991 1392 1047 Siccouis
1407 991 1530 1063 episcopi
1560 1001 1665 1048 sanctae
1690 991 1724 1047 N.
1743 992 1875 1065 [blerana]

211 1077 294 1125 iulus.
308 1070 402 1142 Neque
413 1070 487 1126 enirn
498 1071 614 1145 dignum
628 1080 669 1127 est
683 1080 713 1128 nt
726 1072 799 1128 illiue
812 1073 937 1129 ecclesia
947 1088 1020 1145 prte-
1071 1078 1198 1134 Ecclesiae
1208 1079 1243 1133 ad
1252 1079 1340 1134 vicem
1353 1079 1487 1135 Guidouis
1498 1079 1624 1152 episcopi
1640 1081 1874 1137 etbibliotbecarii

210 1161 253 1216 sul
273 1162 366 1234 aliquo
386 1169 509 1234 tempore
534 1164 640 1220 caeteris
655 1179 710 1220 uon
731 1164 866 1221 babeaiur
879 1165 1018 1238 praelatus,
1070 1168 1436 1239 sanctaesedisapostolicae.
1452 1171 1541 1234 Anno,
1558 1169 1616 1226 lieo
1636 1170 1774 1241 propitio,
1789 1173 1874 1242 ponti·

211 1253 290 1322 cujus
306 1252 394 1308 bonor
412 1252 441 1306 in
461 1253 515 1308 iliis
530 1254 655 1324 partibus
674 1255 725 1309 sub
742 1255 804 1326 ipso
828 1257 1015 1327 apostolorum
1068 1255 1165 1311 licatus
1180 1256 1286 1312 domini
1304 1255 1421 1311 ioannis
1436 1256 1577 1328 pontilicis
1591 1262 1620 1313 ei
1640 1259 1810 1315 uniuersalis
1823 1261 1872 1315 ilill

212 1343 338 1414 principe
355 1343 640 1414 exstititprimiiiius.
655 1345 717 1401 Pari
731 1362 843 1418 quoque
859 1347 941 1403 modo
954 1363 1019 1402 san·
1068 1363 1146 1418 papas
1173 1347 1202 1401 in
1233 1347 1418 1403 sacratissima
1446 1349 1513 1403 sede
1540 1348 1572 1403 il.
1608 1349 1685 1405 Petri
1712 1351 1829 1422 apostoli
1853 1369 1875 1406 ur

210 1435 298 1490 cimus
326 1449 423 1491 omnes
446 1437 582 1506 parochiis
610 1436 672 1505 ejus
697 1438 832 1512 <legentes
857 1439 914 1493 sire
941 1438 1018 1493 ordi·
1070 1438 1128 1509 [oi.,
1144 1438 1181 1510 ιιι]
1206 1439 1256 1506 lii),
1282 1438 1389 1510 imperii
1411 1447 1504 1495 autern
1530 1440 1872 1513 domin10ttonismaj0·

211 1525 351 1580 nationem
377 1533 405 1580 ei
438 1528 639 1596 promotionem
661 1529 810 1600 cujuslibet
838 1529 1018 1585 ecclesiastici
1071 1527 1109 1581 ris
1122 1544 1171 1589 ιιι.
1183 1526 1298 1583 minoris
1309 1543 1376 1583 vero
1390 1544 1420 1594 ιι,
1436 1535 1464 1583 et
1483 1528 1579 1585 indict.
1595 1546 1642 1586 ιιι.

209 1615 346 1689 gredusa
369 1614 500 1686 pontilice
526 1617 618 1687 ipsius
640 1617 837 1688 percipientes,
860 1617 951 1672 eidem
967 1618 1020 1689 ipsi
1439 1657 1496 1712 XIV
1582 1636 1586 1644 ·

210 1709 315 1763 matrici
329 1708 469 1777 Ecclesiae,
480 1710 668 1782 episcopoque
681 1711 757 1766 illius
769 1712 872 1766 debere
887 1712 1019 1767 canonice
1034 1683 1058 1752 Β
1070 1763 1188 1803 mm
1216 1765 1263 1803 xm
1289 1763 1460 1804 mommo
1486 1698 1704 1808 {nemmem
1729 1770 1877 1809 mmm!

213 1800 333 1869 placere,
354 1799 472 1871 obsequi
488 1807 516 1856 el
531 1801 594 1870 jure
609 1802 734 1858 obedire.
752 1803 894 1874 Siquidem
909 1803 1021 1859 decreto
1319 1836 1404 1874 mm
1429 1835 1498 1875 usu„
1513 1837 1631 1876 mmm,
1835 1800 1840 1807 ’

210 1888 239 1944 Β.
259 1890 408 1945 Clementis
425 1907 504 1962 papae
524 1908 608 1962 supcr
628 1895 680 1949 boc
696 1894 732 1948 ita
758 1901 867 1949 cautum
894 1894 1020 1950 videtur:
1386 1907 1473 1976 (duno
1487 1906 1563 1979 969.)

213 2001 226 2032 ι
245 1980 272 2034 Si
281 1980 573 2080 vototseprscoptsnon
584 1984 742 2040 obedierint
750 1984 1020 2056 omnespresbyteri,
1109 2002 1395 2077 [tntaoulanoregio
1412 2003 1846 2081 uer011n0.uncneuneen1n]

210 2070 333 2135 diaconi,
345 2069 510 2126 subdiaconi
523 2086 555 2126 ac
569 2072 669 2143 reliqui
683 2073 777 2128 clerici
792 2074 896 2141 cuncti,
915 2088 1023 2129 omnes-
1450 2134 1503 2191 xv.

209 2178 263 2234 que
286 2163 424 2233 principes
441 2171 493 2217 tarn
515 2164 627 2232 majoris
649 2166 757 2221 ordinis
771 2183 852 2239 quarn
872 2168 1023 2252 interioris,

210 2259 291 2324 atque
305 2253 404 2325 reliqui
429 2254 535 2324 populi,
552 2255 640 2310 tribus
662 2256 889 2331 ctlinguae‚non
913 2258 1023 2315 obtem·
1074 2243 1264 2282 mmmm
1293 2243 1374 2281 sm
1406 2243 1670 2355 Affiffimmm
1697 2246 1795 2286 mum
1823 2247 1876 2287 '¹¹⁵¹‘

208 2345 375 2414 paraverint,
402 2361 418 2399 a
444 2345 591 2402 liminibus
606 2354 708 2402 sanctae
724 2348 771 2402 liei
788 2349 919 2405 Ecclesiae
939 2349 1023 2406 alieni
1387 2390 1476 2446 (Anno
1492 2391 1565 2461 969)
1630 2395 1633 2401 ,

208 2443 299 2503 erunt,
313 2437 424 2493 dicente
439 2438 573 2494 Domino:
590 2440 643 2506 Oui
657 2457 702 2495 uos
716 2442 807 2507 audii,
828 2458 869 2496 mc
896 2443 987 2508 audit,
998 2446 1024 2495 et
1390 2445 1394 2459 '
1485 2494 1490 2506 ,
1548 2433 1554 2444 ’

210 2532 260 2600 qui
277 2546 324 2585 oos
347 2534 464 2600 spernit,
488 2547 531 2586 mc
556 2535 673 2602 spernit.
696 2555 706 2581 ι
730 2534 804 2589 lutor
834 2534 891 2589 boec
910 2547 1023 2606 quoque
1279 2490 1385 2560 [Mfflm’
1411 2493 1510 2548 cmm&
1531 2491 1600 2558 ω’
1616 2494 1680 2564 ¹⁹4

209 2620 313 2685 omnia,
324 2636 386 2692 quta
400 2622 435 2675 ad
450 2637 525 2691 saepe
541 2623 641 2678 dictam
662 2624 852 2679 Trevirensem
871 2623 1021 2679 licclesiam
1107 2617 1233 2672 ioannes
1247 2617 1405 2690 episcopus,
1420 2634 1517 2675 servus
1528 2636 1675 2681 seruorum
1691 2622 1752 2688 bel.
1768 2623 1878 2679 dilectit·

211 2708 283 2763 intra
307 2715 335 2763 et
357 2716 433 2764 extra
448 2709 587 2764 civitatem
609 2711 747 2781 portinere
762 2710 905 2777 videntur,
926 2711 955 2766 id
979 2717 1022 2766 est
1072 2701 1141 2758 sim0
1151 2703 1232 2758 1¹0bl³
1243 2705 1415 2775 Libitum,
1426 2706 1579 2763 venerabili
1590 2715 1676 2781 illiue
1690 2710 1791 2766 merilli
1801 2711 1877 2766 bono

208 2799 342 2856 ecclosias
365 2815 427 2855 cum
443 2800 581 2855 universis
596 2800 679 2856 rebus
694 2800 747 2855 sibi
772 2800 955 2856 attinentibus
972 2815 1020 2855 seu
1073 2795 1153 2850 rabili
1173 2798 1426 2856 Beneventanensis
1439 2806 1467 2856 el
1486 2801 1642 2872 Sipontinae
1657 2802 1676 2857 S
1704 2802 1841 2871 Ecclesia,
1855 2809 1878 2857 ct

209 2892 385 2956 monasteria,
400 2898 454 2947 tam
472 2893 669 2948 monachorum
689 2909 771 2964 quam
786 2892 938 2966 virginum,
959 2908 1021 2964 quae
1072 2886 1155 2941 modo
1170 2902 1220 2958 per
1238 2897 1338 2944 nostra
1352 2889 1511 2961 apostolicae
1538 2891 1717 2947 auctoritatis
1731 2890 1881 2948 concessio·

209 2997 242 3036 er
257 2982 402 3052 praecepiie
416 2981 475 3036 sive
490 2983 601 3052 scriptis
626 2998 721 3052 regum
747 2999 797 3037 seu
821 2982 1018 3054 imporatomm
1073 2994 1134 3034 nem
1151 2980 1369 3051 archiepiscopo.
1477 3038 1481 3044 ,

209 3068 267 3123 sive
282 3068 443 3123 eorumdem
470 3068 646 3123 fundatorum
663 3070 836 3137 auctoritate,
858 3070 892 3123 ad
908 3085 939 3124 se
957 3044 1056 3140 per-C
1106 3066 1171 3122 Cum
1185 3077 1291 3123 certum
1303 3067 1340 3123 sit
1351 3069 1406 3124 lieo
1417 3067 1609 3125 servientibus
1621 3069 1781 3128 ineffabilia
1794 3063 1881 3129 aterni

209 3155 300 3210 tinent
313 3164 341 3210 et
356 3154 496 3226 pertinere
516 3155 630 3219 debent,
645 3166 672 3209 et
685 3155 820 3227 quidquid
841 3156 955 3212 omnino
972 3157 1018 3211 illa
1070 3158 1148 3233 regni
1176 3159 1292 3231 proemia
1320 3158 1463 3225 reservari,
1488 3160 1569 3216 nobis
1592 3168 1689 3217 umen
1706 3177 1823 3219 necoese
1842 3168 1880 3217 eet

210 3244 271 3314 ipsa
285 3243 403 3299 ecclesia
418 3243 523 3315 ubique
548 3251 576 3298 et
590 3258 703 3315 quoquo
720 3244 819 3299 merito
844 3244 967 3315 possidet
993 3251 1021 3299 ct
1072 3249 1170 3302 horum
1189 3247 1327 3304 benelicia
1340 3249 1381 3304 eis
1396 3247 1530 3317 tribuere,
1546 3255 1576 3304 ut
1591 3248 1622 3304 in
1643 3249 1693 3306 liei
1710 3251 1840 3307 laudibus
1852 3266 1879 3306 er

212 3335 354 3405 possidere
369 3335 461 3402 debet,
482 3336 651 3409 generaliter
668 3344 696 3392 et
714 3336 876 3407 specialiter
889 3336 1022 3393 concedi·
1072 3337 1296 3392 remuneratione
1323 3337 1433 3394 valeant
1457 3336 1652 3409 multipliciter
1680 3339 1826 3396 insudare.
1854 3339 1880 3394 lit

212 3443 292 3493 mus;
312 3428 550 3498 reformamusque
574 3427 688 3498 praelato
707 3427 877 3484 'theodorico
896 3427 973 3483 fratri
994 3436 1022 3484 et
1072 3423 1138 3495 quia
1158 3425 1412 3481 beneventanensis
1434 3425 1565 3493 Ecclesia,
1595 3425 1626 3480 in
1652 3428 1821 3484 exercendis
1839 3428 1879 3483 liei

210 3518 378 3589 coepiscopo
406 3524 501 3573 nostro
516 3517 629 3589 suisque
644 3519 852 3574 successoribus
871 3519 905 3574 ad
921 3533 1022 3590 perpe-
1072 3513 1200 3568 laudibus
1226 3531 1327 3590 magno
1350 3521 1451 3571 conatu
1479 3513 1582 3587 piaque
1607 3515 1754 3589 religione
1780 3517 1879 3582 insidii

210 3617 284 3667 tnarn
311 3617 413 3665 sanctae
443 3608 615 3664 Trevlrensis
643 3609 773 3665 Ecclesiae
800 3610 1021 3666 dominationem
1072 3614 1155 3678 atque
1178 3622 1243 3681 erga
1261 3606 1444 3662 reverentiam
1470 3613 1572 3663 sanctes
1591 3611 1629 3688 ⁴et
1649 3607 1816 3680 apostolica
1831 3608 1876 3663 llo-

210 3711 291 3775 nique
308 3702 443 3757 ditionem
458 3717 508 3771 per
523 3701 607 3770 bujus
621 3708 721 3756 nostrae
741 3701 901 3772 apostolicae
916 3717 1022 3773 praece-
1072 3714 1161 3753 manas
1190 3696 1319 3753 Ecclesiae
1342 3698 1482 3769 precipuo
1502 3696 1675 3754 exuberasse
1696 3700 1874 3773 cognorimus.

209 3794 313 3866 ptionis
327 3793 427 3849 seriem
440 3793 596 3864 apresenti
610 3810 648 3848 xii
662 3792 816 3849 indictione
837 3801 864 3848 et
878 3809 969 3865 usque
984 3794 1018 3849 ad
1071 3785 1144 3857 (1¹10d
1155 3784 1237 3840 nobiti
1251 3785 1317 3841 Olim
1329 3785 1404 3856 apud
1414 3800 1474 3840 eam
1489 3785 1672 3842 massenlibtls
1687 3789 1806 3845 omuino
1817 3803 1873 3844 σοι·

208 3881 291 3938 finem
313 3881 408 3938 saeculi
427 3881 583 3937 valituram.
611 3881 709 3937 Contra
726 3897 809 3952 quam
825 3881 849 3936 si
873 3881 936 3953 quis
951 3881 1019 3953 quid
1070 3883 1124 3933 stat
1136 3877 1297 3943 inventum;
1313 3877 1552 3951 debemusiteque
1566 3879 1721 3936 exardere
1735 3878 1873 3943 madum,

208 3971 332 4044 quolibet
350 3971 434 4026 modo
458 3985 540 4043 agere
551 3970 767 4040 praesumpserit,
793 3977 821 4024 et
845 3970 920 4038 quod
944 3970 1019 4038 iuste
1069 3976 1151 4041 atque
1172 3969 1265 4025 studio
1292 3969 1379 4025 divini
1403 3969 1494 4027 cultus
1517 3985 1580 4026 eam
1602 3985 1692 4027 ause
1718 3972 1827 4030 bonoria
1846 3986 1869 4025 ac

207 4067 236 4114 et
249 4059 384 4114 canonice
399 4075 415 4114 a
430 4057 512 4114 nobis
526 4058 668 4114 decretum
683 4065 735 4126 est,
752 4060 780 4112 in
801 4058 894 4130 aliquo
915 4057 1015 4113 inirin·
1067 4056 1228 4115 reverentia
1255 4057 1445 4114 sublimiorem
1461 4057 1535 4114 inter
1547 4064 1669 4116 caeteras
1694 4061 1828 4118 ordinare
1844 4057 1867 4114 it

207 4168 272 4227 gere
288 4152 443 4218 tentaverit,
458 4152 527 4207 sciat
542 4168 572 4207 se
582 4168 616 4207 ex
631 4152 679 4207 liei
688 4153 888 4223 omnipotentis
902 4161 930 4208 et
944 4168 1017 4223 prae-
1066 4151 1197 4223 quoniam
1220 4159 1316 4206 sancta
1334 4150 1416 4207 sedes
1439 4156 1481 4207 osi
1507 4150 1554 4206 ubi
1584 4150 1662 4208 beati
1688 4150 1865 4210 iiartbolonai

208 4242 272 4298 dicti
296 4242 450 4299 beatissimi
466 4246 652 4313 apostolorum
679 4242 814 4314 principis
836 4242 1016 4315 omniumque
1067 4239 1297 4311 apostolicorpus
1311 4239 1472 4313 requiescit,
1496 4239 1599 4296 merito
1623 4241 1711 4298 decet
1734 4246 1861 4317 augmento

206 4338 364 4387 sanctorum
378 4346 411 4385 ao
426 4330 529 4385 deinde
544 4331 810 4386 nostraauctoritate
825 4330 1052 4426 damnandumD
1065 4331 1155 4388 cultus
1168 4330 1311 4402 amplioris
1325 4330 1470 4401 decorare,
1480 4330 1617 4403 quoniam
1630 4339 1660 4388 at
1670 4334 1710 4389 ad
1720 4335 1773 4389 boc
1782 4331 1863 4388 dirius

207 4427 235 4473 et
247 4417 545 4484 anathematizandum,
561 4426 589 4473 et
607 4434 670 4474 cum
682 4418 813 4474 omnibus
826 4417 919 4489 impiis
932 4424 1013 4474 aeter-
1065 4419 1248 4476 miserationis
1266 4427 1395 4492 respcctu
1413 4435 1507 4476 curam
1526 4420 1676 4495 regiminis
1694 4421 1859 4493 suscepi-as,

208 4511 251 4564 nis
264 4510 619 4580 suppliciisdeputandum.
629 4511 679 4577 Qui
695 4525 760 4566 vero
770 4512 822 4566 hoc
836 4509 1012 4583 priuilegium
1063 4511 1140 4566 etad
1165 4511 1322 4567 exbibenda
1346 4511 1402 4567 lieo
1421 4510 1520 4567 sedula
1546 4511 1677 4578 servitia,
1708 4520 1738 4570 et
1763 4524 1860 4569 oenone

207 4608 334 4657 nostrum
353 4602 512 4658 obseruare.
542 4602 689 4659 custodire.
716 4602 869 4673 adimplere
895 4600 1014 4658 fideliter
1064 4600 1160 4655 laudes
1175 4599 1306 4671 potentia
1321 4614 1378 4656 sue
1392 4599 1508 4657 devotos
1522 4596 1663 4655 debemus
1677 4599 1792 4658 sollicite
1803 4597 1860 4654 inri-

242 4784 280 4856 (9)
294 4787 403 4855 imperii
415 4792 502 4840 autem
517 4786 739 4843 dominioltom's
757 4786 873 4855 majoris
888 4802 936 4840 vn.
953 4787 1010 4840 llu-
1062 4793 1195 4859 stragem,
1218 4785 1241 4840 si
1269 4785 1372 4841 charite
1386 4784 1519 4866 quoelibet
1545 4790 1575 4840 ut
1590 4786 1698 4856 spuriae
1718 4783 1860 4854 abjicienda

208 4873 273 4911 num
286 4856 392 4912 litionis
406 4874 441 4910 vu
457 4857 598 4912 ltrotrerus
622 4857 752 4912 emendat
764 4857 792 4911 in
808 4873 868 4911 ιιιι.
885 4856 968 4912 llecte
983 4856 1011 4910 id
1062 4855 1163 4922 forent,
1197 4856 1287 4912 uoties
1308 4857 1452 4912 chronicas
1468 4856 1600 4911 0tionum
1616 4866 1701 4912 notas
1723 4856 1858 4929 spatiere

206 4929 334 5000 quidem:
364 4934 457 4998 posset
483 4933 574 4982 lamen
606 4927 670 4982 inde
699 4927 886 4982 severioribus
909 4927 1012 4982 erinnis
1062 4872 1408 4983 leruntffiocobservavit
1432 4927 1505 4982 iuter
1519 4926 1590 4982 alios
1610 4926 1762 4984 liettnerus
1776 4927 1856 5004 Antip.

206 5000 281 5054 nasci
300 5015 367 5054 ansa
383 4999 435 5053 boc
447 4999 570 5069 diploma
582 5013 615 5053 er
627 4998 824 5071 chronologico
838 4998 905 5054 vitio
920 4998 1012 5069 impu·
1061 4997 1254 5066 Quidliaburq.
1286 5013 1347 5072 pag.
1367 4997 1431 5063 697,
1451 4996 1511 5070 qui,
1558 5006 1691 5071 ostquam
1716 4999 1744 5053 in
1768 5010 1860 5053 corun
1904 5032 1909 5041 -

224 5071 324 5135 nandi;
345 5070 417 5124 sicut
431 5069 504 5123 idem
526 5068 573 5123 ille
588 5084 665 5124 orror
685 5070 828 5124 materiam
850 5068 1009 5140 disputandi
1061 5069 1152 5122 nanda
1167 5084 1217 5123 sua
1234 5069 1351 5124 ilistorta
1379 5069 1517 5140 inteqmm
1538 5013 1596 5124 foci
1621 5069 1766 5126 archivum
1781 5067 1859 5141 perir·

204 5087 369 5196 ffederatcl.
392 5140 508 5194 dothan
533 5142 565 5193 tn
587 5141 719 5197 Arrimod.
736 5143 772 5196 od
796 5143 843 5196 Fr.
872 5141 1011 5196 &bonnet
1060 5139 1316 5213 strasset,inqenue
1330 5140 1418 5195 lassus
1432 5148 1474 5194 ost
1488 5140 1594 5194 sesain
1608 5138 1859 5196 conciliandislitto

205 5211 564 5284 Diac.Fold.‚n.29‚pag.
586 5210 1008 5281 iiscqq.,adversusejusdem
1061 5225 1126 5263 num
1155 5209 1244 5277 annis,
1270 5211 1422 5283 praesertim
1448 5224 1511 5266 cum
1531 5208 1749 5277 indictionibus,
1777 5209 1858 5266 trusi·

204 5281 390 5337 loannlsillll
413 5280 528 5347 bullam,
549 5296 623 5336 anno
646 5282 781 5351 superiori
802 5281 1008 5337 ecclesiaei'ul-
1061 5279 1222 5336 desudasse.
1246 5280 1283 5336 Eo
1303 5287 1393 5336 autem
1424 5280 1556 5336 remotior
1578 5280 1667 5337 debet
1696 5297 1760 5336 esse
1778 5278 1858 5334 abbat

204 5352 284 5407 densi
298 5367 458 5407 concessam
480 5366 530 5424 pro
546 5351 665 5424 primatu
679 5351 821 5407 abbatiali.
837 5352 869 5407 tlt
884 5352 947 5424 quis
962 5367 1011 5406 ne·
1061 5358 1156 5406 nostra
1168 5351 1258 5406 omnis
1277 5351 1486 5407 subornationis
1499 5350 1635 5421 suspicio,
1651 5352 1729 5424 qnod
1742 5366 1800 5407 mur
1816 5346 1856 5403 sibl

204 5423 502 5479 scitannosOttonum
521 5423 621 5479 tamin
641 5422 814 5494 italiaquam
835 5423 1012 5478 Germanias
1062 5421 1214 5477 exhibitum
1245 5429 1361 5478 testetur
1390 5422 1443 5478 Leo
1471 5421 1507 5476 iil
1534 5421 1697 5480 indubitato
1715 5422 1855 5495 diploma

204 5493 319 5549 notariis
333 5492 455 5550 subinde
476 5509 620 5566 perperam
635 5492 721 5549 luisse
748 5500 923 5549 numeratos:
940 5494 1011 5550 adeo
1062 5492 1136 5564 quod
1149 5492 1185 5548 ad
1202 5509 1304 5547 annum
1320 5493 1389 5549 10⁴9
1404 5492 1567 5548 referemus.

203 5570 278 5620 certe
291 5571 322 5621 ut
332 5564 489 5636 respublica
506 5565 640 5622 litteraria
656 5564 795 5639 ingentem
810 5573 883 5620 esset
897 5579 1012 5635 passura
