3840 6106
65 270 121 330 598
335 273 378 331 PB
395 275 576 336 mluuests
596 279 726 340 cuttsn
746 282 933 341 eustosius
951 283 1062 342 ussus
1081 283 1171 341 tlltltl
1190 282 1267 340 utto.
1288 312 1324 327 ·-·
1341 283 1404 341 llll.
1427 282 1461 338 lt.
1679 284 1734 341 594

103 399 173 456 ilinc
186 400 285 458 iterum
303 403 404 476 pellex,
416 413 495 463 uoles
508 423 661 468 conversus
672 413 707 469 ad
721 423 807 484 artes,
891 414 1081 489 Alieophytis
1091 415 1177 483 albas,
1189 416 1308 472 necdum
1323 416 1453 474 rutilante
1469 418 1525 474 diei

67 492 220 550 Blanditias
232 494 333 570 rigidis
340 497 421 554 lenes
436 501 589 559 terroribus
601 504 696 572 addite

930 504 1022 580 Surgit
1039 505 1113 573 luce,
1124 503 1208 560 stolas
1223 505 1302 575 ponit
1311 504 1484 577 baptismatis
1496 506 1584 576 albas,

67 581 199 656 llancque
234 583 332 643 adiens
356 600 455 644 murno
488 589 605 660 positam
638 593 726 664 quatit
752 594 882 655 horridus
932 597 1058 653 induitur
1089 597 1181 669 byrro,
1195 596 1354 669 tunicaque,
1365 604 1403 665 et,
1418 598 1530 656 nemine
1541 608 1612 657 teste

68 760 183 828 Excitat,
198 768 228 819 et
243 762 359 823 blandas
370 775 448 823 curat
457 767 574 826 miscere
588 771 713 844 loquelas
763 683 844 757 [m

931 692 1034 762 Aspera
1061 689 1177 762 ciniphii
1190 688 1327 745 velamina
1345 691 1459 762 corripit
1471 691 1551 760 birci,

931 776 1139 849 Assumptisque
1152 776 1203 833 alis
1217 775 1296 847 petiit
1311 776 1442 848 precelsa
1457 776 1593 835 columbae
1610 798 1618 845 ;

68 870 78 896 ι
113 850 218 905 [lomna
246 852 311 909 mali
330 870 498 921 memorans,
526 875 589 915 mea
618 860 786 936 biargarits,
814 863 880 937 quid
931 869 1014 925 lliset
1028 869 1087 925 visa
1105 867 1628 943 locisposthacnouampliususquam

64 1033 174 1106 lugessi
193 1033 244 1091 tibi
259 1033 274 1080 ἲ
287 1035 348 1095 lton
366 1037 462 1097 baccis
475 1042 602 1116 carisque
615 957 844 1119 capilliiunquam

66 1121 168 1179 ornari
184 1122 200 1177 i
218 1125 278 1185 Nou
296 1136 411 1203 argento
426 1138 452 1188 tc
467 1148 590 1206 auroque
606 1135 738 1208 replevi?

61 1217 113 1273 llic
126 1219 155 1274 iu
174 1234 231 1292 quo
246 1220 344 1279 leviter
353 1223 397 1280 vel
411 1226 574 1285 contristata
584 1233 701 1303 putaris,

60 1309 181 1382 luxuque
195 1311 362 1371 satisfaciam
380 1333 475 1384 ;uuue
490 1337 535 1377 me
548 1338 584 1378 ue
599 1324 697 1381 desere
708 1333 825 1396 mutum,

62 1398 103 1453 Ne
117 1415 162 1454 me
173 1398 340 1461 Christicolae
356 1410 461 1462 tantum
476 1425 526 1480 per
540 1411 641 1482 probra
657 1412 782 1490 fatigent.
803 1441 815 1465 υ

62 1494 111 1548 llst
126 1494 228 1551 ancilla
243 1496 291 1553 bei
305 1497 386 1575 signo
400 1501 553 1561 defendere
570 1505 670 1565 Christi

932 959 989 1015 lloc
1001 958 1068 1031 quia
1083 957 1220 1014 nescierat
1232 966 1319 1014 mater
1335 958 1459 1015 ilomaua
1475 967 1587 1016 veretur

931 1053 970 1108 lld
981 1053 1053 1108 mala
1065 1052 1218 1125 contempti
1234 1068 1270 1109 ne
1285 1052 1357 1108 sorte
1368 1053 1488 1110 redisset
1501 1055 1614 1121 amoris,

930 1146 1066 1220 Plangens
1075 1160 1129 1200 ceu
1144 1144 1252 1216 laqueis
1266 1143 1367 1200 iterum
1380 1143 1433 1200 siet
1448 1144 1536 1201 indita
1548 1145 1640 1200 missis

931 1234 1016 1301 Quam
1032 1234 1251 1309 Pateregregius
1262 1233 1314 1289 sub
1331 1233 1453 1290 Plemine
1470 1232 1599 1290 conscius
1616 1234 1689 1291 almo

931 1323 1049 1400 Pelagiae
1063 1323 1131 1389 voti,
1147 1322 1252 1380 solatur
1268 1340 1276 1377 ι
1292 1346 1306 1371 ι
1323 1322 1401 1388 Pilia,
1417 1322 1474 1379 noli

931 1412 1009 1469 Plere
1022 1412 1095 1484 piam
1110 1412 1207 1468 diceus
1216 1422 1328 1487 gnatam
1337 1429 1400 1470 cum
1413 1413 1505 1470 coelite
1517 1419 1603 1480 coetn,

931 1503 1002 1569 Quin
1019 1503 1111 1558 letare
1125 1503 1220 1558 hilaris
1233 1506 1308 1575 quod
1322 1512 1350 1560 et
1366 1506 1426 1561 haec
1437 1504 1563 1560 sicutilla
1577 1504 1661 1561 llaria

66 1585 103 1641 Se
129 1587 235 1656 studet,
246 1590 452 1666 exsufflansque
466 1597 534 1654 ralri
550 1601 741 1671 phantasmata
754 1605 880 1673 monstri,
932 1591 1070 1648 Peoeflilil
1086 1600 1192 1663 Paltem
1206 1592 1330 1648 “¹05⁰ss
1344 1593 1467 1664 repperit
1476 1593 1526 1661 ⁰¹5,

63 1679 243 1752 insequitur:
270 1683 362 1754 ·Tibi,
377 1703 459 1757 aare,
475 1691 586 1767 tuisque
602 1698 731 1754 renuntio
747 1701 858 1773 pompis
873 1720 880 1768 l
897 1682 998 1791 BQne
1011 1694 1067 1737 non
1083 1681 1184 1738 aulerri
1197 1682 1297 1754 poterit
1309 1682 1366 1752 jam
1381 1681 1507 1739 funditus
1519 1682 1570 1738 illi.
1588 1709 1599 1728 ·

65 1771 190 1829 obsistat
200 1774 334 1834 llomiuus
346 1779 428 1837 lesus
438 1781 500 1851 tibi,
518 1787 638 1857 pessime
652 1790 772 1861 daemon,

65 1862 121 1928 Qui
136 1865 240 1935 pietate
256 1869 312 1925 tels
324 1886 368 1927 me
383 1871 510 1932 lancibus
522 1879 594 1935 eruit
608 1880 673 1946 alta.

67 1953 157 2025 lnque
172 1959 411 2017 suumthalamum
418 1963 537 2038 celique
549 1968 659 2026 induxit
667 1972 694 2028 iu
710 1974 811 2030 aulam.
829 1995 842 2026 a

69 2050 221 2108 itomanam
236 2052 387 2114 indecieus
399 2078 408 2115 r
422 2060 529 2118 ·llater
539 2067 705 2124 venerabilis
721 2088 729 2124 ε
744 2071 843 2144 inquit,

70 2138 160 2195 Exora
173 2157 223 2212 pro
233 2159 278 2199 me
291 2145 457 2206 Dominum:
476 2168 543 2208 uam
556 2170 607 2211 ceu
624 2158 667 2213 leo
682 2157 815 2219 frendens

935 1771 1004 1829 Urbs
1017 1772 1134 1828 llomiuo
1148 1779 1239 1846 grates
1254 1771 1379 1828 relereus
1391 1772 1449 1829 haec
1460 1779 1517 1828 tota
1530 1773 1664 1839 resciscit,

930 1866 1018 1937 Atque
1033 1864 1207 1921 sacerdotum
1236 1864 1283 1936 qui
1299 1864 1415 1919 aderant
1432 1880 1484 1919 sua
1500 1864 1620 1937 quisque
1635 1864 1742 1937 petivit.

965 1957 1071 2013 Tertius
1086 1957 1192 2014 interce
1202 1957 1307 2028 rapidis
1321 1956 1497 2013 successibus
1508 1972 1599 2013 annus

930 2050 1039 2106 Exierat
1051 2056 1200 2122 votumque
1213 2060 1295 2107 voret
1309 2050 1390 2106 levita
1400 2065 1520 2122 superne

935 2140 995 2196 iam
1011 2141 1110 2206 dictus,
1126 2139 1425 2213 Solimamutpergens
1445 2138 1505 2195 loca
1519 2139 1612 2195 visitet
1624 2139 1707 2196 alma.

69 2233 189 2305 Expedit
204 2235 322 2295 iusidias
338 2240 462 2311 Satanas,
482 2247 663 2322 mulcemur,
678 2254 852 2329 minansque·
870 2279 883 2310 „
937 2234 1046 2290 intimat
1060 2232 1111 2288 hoc
1121 2231 1192 2329 Patri
1203 2237 1309 2296 sancto,
1323 2229 1458 2327 dimittier
1471 2245 1563 2286 crans.

78 2324 157 2382 Tune
171 2342 204 2383 ea
220 2346 227 2383 ε
247 2354 255 2380 ι
279 2331 319 2388 lle
333 2332 432 2391 timeas
444 2336 623 2410 memmium,
639 2343 704 2411 lilia,
721 2355 884 2418 monstrum;
935 2323 1040 2378 vadere
1060 2317 1310 2393 peimin'ipsaew'l
1325 2325 1504 2389 “quumque
1515 2317 1669 2423 is⁰f³⁰d⁰³

74 2413 181 2473 dmudo
198 2434 320 2494 namque
348 2427 421 2478 tuam
451 2423 664 2504 fugietquoque
693 2437 805 2494 ,empus
827 2457 886 2496 um,
939 2417 1026 2473 «Cum
1041 2422 1187 2488 praestante
1198 2414 1265 2479 lleo,
1279 2411 1374 2479 irater,
1390 2427 1551 2483 perveneris
1565 2413 1642 2479 illuc,

66 2598 160 2655 Tertia
175 2598 221 2657 lux
236 2604 381 2674 repetebat
396 2608 511 2669 humum
528 2621 590 2685 post
602 2616 676 2675 dous
690 2528 815 2678 iiiiii
835 2552 847 2581 ¹·

70 2689 208 2754 Quocum
225 2700 303 2764 peste
317 2697 388 2759 truci
403 2699 526 2760 cedebat
540 2703 668 2778 clamque
687 2710 845 2783 palamque,

70 2779 161 2837 Corde
175 2798 276 2841 carens
290 2788 377 2843 reteri
398 2791 497 2847 mulier
502 2794 560 2864 jam
575 2794 645 2854 iacta
660 2799 759 2868 virilis,

68 2871 188 2929 Vincere
201 2891 421 2948 quaepruperaus
436 2884 692 2961 avidilaqueamina
701 2893 808 2961 muudi,

69 2963 253 3040 Perfectoque
267 2970 347 3042 sequi
364 2972 507 3032 ductorem
520 2981 629 3037 tramite
650 2983 795 3054 Christum,

937 2510 968 2565 lit
982 2509 1067 2584 digne
1080 2512 1228 2562 veneratus
1243 2504 1298 2559 eris
1312 2512 1418 2559 sacrata
1434 2505 1568 2569 locorum,

935 2601 1059 2660 Sollicite
1073 2613 1140 2659 cura
1154 2597 1319 2653 monachum
1333 2595 1496 2668 perquirere
1510 2602 1637 2650 sanctum
1740 2646 1747 2651 .

935 2688 1050 2749 Nomine
1063 2685 1213 2760 Pelagium,
1225 2682 1343 2743 soluseu
1357 2692 1483 2754 tempore
1498 2681 1564 2737 belli

932 2780 982 2846 Qui
993 2779 1102 2835 clausus
1116 2777 1182 2832 latet
1196 2777 1224 2830 in
1242 2775 1312 2831 cella
1327 2793 1334 2841 ;
1351 2790 1433 2846 quem
1450 2775 1540 2829 visere
1556 2788 1632 2840 cura,

931 2876 999 2931 Nam
1013 2889 1078 2930 vere
1092 2871 1207 2929 bomine
1217 2870 1310 2935 servit,
1323 2868 1531 2940 monachusque
1547 2868 1678 2939 probatur

932 2968 1084 3035 Perfectus,
1104 2987 1117 3018 a
1133 2973 1255 3021 sanctam
1270 2980 1352 3020 sexus
1365 2964 1417 3018 sub
1433 2962 1538 3018 honore
1552 2961 1672 3032 puellam

70 3053 252 3124 Praepositum
266 3057 364 3115 domni
380 3077 488 3120 serrum
504 3075 593 3136 voret,
608 3072 723 3142 etjubet
737 3078 829 3132 omnis
932 3060 1321 3130 C⁰mm0¹¹d³11⁸2⁸0¹umll¹¹ae
1335 3056 1451 3121 Vicerat»
1466 3054 1560 3111 ⁰¹¹¹¹¹i³
1575 3053 1672 3108 mundi

71 3143 203 3200 l'ectelur
213 3147 324 3216 penitus
337 3149 390 3206 sibi
407 3168 462 3225 quo
481 3155 619 3230 descripta
633 3164 758 3233 supellex
772 3183 779 3221 ι

69 3236 232 3312 Argentum,
243 3245 345 3307 vestes,
359 3259 466 3312 aurum,
482 3248 653 3320 redimicula,
668 3272 785 3330 gemme

68 3328 212 3387 Accelerat
223 3346 332 3400 servus,
345 3343 475 3393 metuens
489 3342 618 3401 mandata
632 3349 744 3407 morari.

68 3417 300 3475 ornamentorum
316 3423 436 3481 dominae
451 3427 533 3484 simul
549 3435 642 3490 omnia
658 3438 761 3508 perfert
775 3460 782 3507 ;

68 3505 134 3572 Quae
144 3522 209 3562 mox
223 3523 274 3580 per
288 3517 403 3567 matrem
413 3513 565 3574 haecPatris
575 3526 735 3582 tractatibus
746 3527 834 3588 oliert.

70 3596 149 3666 ipsas
163 3612 225 3654 esse
239 3597 329 3656 lateus
347 3605 491 3661 mercedes
510 3607 634 3667 criminis
645 3615 707 3680 atri,

68 3684 128 3748 Quo
141 3693 269 3743 versutus
282 3703 343 3744 eam
358 3706 409 3762 per
420 3708 467 3748 oas
483 3695 630 3769 deceperat
651 3703 756 3775 hostis;

68 3779 189 3837 Arbitrio
200 3796 318 3852 poscens
332 3793 427 3843 saneto
442 3799 610 3861 expensetur
624 3803 653 3851 ut
667 3798 738 3869 ejus,

71 3866 208 3925 sulficere
221 3869 362 3929 affirmans
372 3877 466 3949 superi
480 3879 533 3935 sibi
549 3898 663 3942 munere
678 3888 791 3961 Sponsi.

73 3961 204 4018 Protinus
212 3971 241 4020 et
254 3963 371 4024 famulus
380 3983 478 4028 omnes
493 3973 664 4052 famulasque
674 3982 797 4053 remittit,

71 4053 163 4125 Atque
176 4057 375 4115 manumittens
387 4060 462 4119 dono
478 4068 583 4123 solatur
601 4071 738 4142 alumnos,

73 4145 228 4203 Exhortans
240 4150 371 4208 studeant
380 4155 494 4213 sceleris
508 4160 562 4217 sibi
577 4161 685 4222 solvere
700 4166 801 4237 vincla,

72 4233 204 4298 Etseram
219 4243 374 4303 libertatem
388 4250 490 4323 pietate
505 4257 585 4313 tueri.

74 4332 225 4389 institerat
238 4335 355 4394 Nounus
369 4341 493 4413 pmdens
511 4345 635 4421 latorque
651 4351 742 4410 fidelis

73 4423 254 4482 OEconcnm
268 4439 348 4486 vocat
361 4431 498 4503 ecclesiae,
514 4452 662 4515 coramque
675 4447 767 4516 puella

73 4516 172 4573 Omnia
190 4520 328 4577 contradit
338 4525 450 4594 pretiosi
463 4528 584 4606 insignia
598 4537 699 4604 cultus,

74 4607 211 4677 Adiuraus
225 4625 276 4681 per
288 4626 351 4668 eum
367 4615 447 4686 cujus
456 4618 508 4675 sub
521 4620 627 4680 honore
642 4630 785 4697 vacabant,

72 4697 258 4756 lleiraudctur
270 4717 355 4775 opum
370 4722 405 4761 ue
418 4724 482 4779 pers
495 4713 538 4768 rel
552 4715 683 4788 quaelibet
693 4720 802 4792 harum,

74 4789 274 4849 intromittatur
289 4794 383 4855 domui
397 4798 433 4854 nil
449 4804 576 4873 praesulis
595 4807 671 4876 inde,

75 4878 117 4933 llil
131 4879 177 4936 vel
191 4880 219 4934 in
234 4882 371 4952 ecclesie,
384 4889 428 4944 uel
444 4895 598 4951 tractatoris
610 4913 722 4967 earum;

75 4969 175 5025 Omnia
187 4971 238 5027 sed
254 4973 355 5045 viduis,
370 4979 483 5051 pupillis
500 4970 725 5062 pauperibusque

75 5063 287 5137 llispeuseutur,
301 5070 340 5126 uti
353 5088 440 5131 servae
455 5086 586 5153 congesta
600 5082 689 5141 beatae

74 5152 263 5226 largirentur,
282 5172 351 5233 opes
363 5162 499 5220 scelerum
514 5170 638 5226 solamen
652 5182 782 5249 egentum

73 5243 107 5300 Ut
122 5244 232 5304 fierent.
247 5248 289 5305 Pit
303 5253 446 5325 contiuuo,
458 5258 496 5313 nil
512 5268 595 5317 restat
606 5263 738 5322 inactum.

73 5335 179 5409 Nempe
194 5338 294 5396 ancille
307 5342 356 5428 Ilgi
371 5362 442 5404 nova
456 5358 601 5425 postquam
612 5355 687 5414 lonte
697 5359 797 5418 lavacri

76 5427 247 5497 Canduit,ex
262 5435 382 5505 propriis
396 5441 525 5512 proprios
538 5444 576 5500 nil
592 5449 676 5504 rebus
691 5451 718 5505 in
735 5469 800 5508 usus

75 5518 209 5597 Contigit,
224 5525 344 5599 egregiae
359 5543 474 5586 sumens
485 5533 530 5604 pia
545 5536 646 5607 pabula
662 5543 766 5605 matris,

72 5608 111 5663 Ac
125 5607 204 5664 vitiis
213 5612 329 5682 quaesita
344 5615 431 5691 nigris
446 5621 488 5676 rel
504 5632 619 5701 tangere
638 5629 738 5688 vitans.

70 5696 250 5757 buoeacente
260 5701 308 5759 die
323 5720 382 5762 mos
395 5717 438 5766 est
451 5728 506 5784 qua
520 5729 625 5786 ponere
640 5726 732 5776 vestes

896 3124 1006 3210 GVane
1024 3151 1222 3224 triumphando
1237 3150 1400 3222 proculcans
1409 3148 1493 3204 corde
1506 3146 1591 3202 virili.

932 3251 1090 3307 Nectamen
1106 3248 1176 3302 hanc
1193 3246 1289 3317 pendit
1303 3243 1488 3310 manifestius,
1508 3242 1607 3300 ordine
1631 3256 1745 3297 servans

931 3340 962 3397 ld
978 3338 1037 3395 lieri
1056 3337 1158 3409 placito
1172 3334 1300 3390 etdisiuo
1312 3333 1428 3389 numine
1438 3333 1526 3402 iusso.

930 3435 1056 3506 [lenique
1071 3428 1307 3490 commonefactus
1321 3428 1379 3484 edit
1392 3428 1452 3484 loca
1471 3435 1566 3483 saneta
1578 3428 1689 3496 diacon,

933 3531 1018 3603 Ligna
1033 3528 1112 3584 beata
1127 3525 1217 3582 crucis
1232 3524 1352 3597 pretiosa
1365 3530 1466 3579 stratus
1483 3523 1588 3587 adorat,

931 3618 998 3675 Tum
1012 3620 1072 3675 loce
1085 3617 1120 3673 de
1136 3615 1269 3671 membris
1284 3613 1366 3686 Regis
1383 3619 1489 3668 sacrata
1504 3611 1618 3682 sepulti,

932 3707 1018 3764 blorte
1033 3706 1202 3777 triumphata
1222 3703 1373 3776 rediitque
1392 3701 1481 3775 gloria
1492 3699 1602 3766 Christi,

932 3799 1032 3855 Victrix
1047 3803 1187 3869 perpetuae
1199 3793 1317 3850 solidato
1333 3791 1433 3847 robore
1448 3790 1510 3845 vitre
1526 3807 1532 3843 :

933 3894 1023 3950 Altera
1034 3892 1155 3962 dumque
1169 3887 1230 3943 dies
1244 3885 1334 3943 noctis
1348 3884 1501 3957 depelleret
1510 3883 1646 3951 umbram,

933 3983 1058 4050 Quaerere
1072 3978 1212 4053 Pelagium
1226 3982 1356 4048 properat
1369 3973 1452 4029 levite
1465 3978 1599 4029 notatum.

931 4072 1007 4128 Tune
1025 4071 1055 4125 iu
1069 4067 1191 4124 illivileri
1206 4065 1343 4122 scandens
1358 4061 1469 4140 fastigia
1487 4061 1599 4128 montis,

934 4162 993 4228 Quo
1008 4160 1121 4215 (lenitus
1137 4157 1183 4230 pia
1198 4163 1261 4212 vota
1275 4154 1364 4210 Patris
1378 4153 1507 4210 mittebat
1520 4152 1555 4208 ad
1571 4168 1671 4219 eures;

935 4254 1013 4312 Unde
1027 4260 1056 4309 et
1068 4250 1237 4325 praecipunm
1252 4247 1358 4304 ducens
1371 4262 1456 4318 snper
1470 4251 1541 4302 astra
1561 4245 1742 4318 triumphum,

934 4344 983 4400 ius
991 4352 1121 4415 repetens
1136 4339 1289 4412 proprium,
1304 4337 1435 4394 coelornm
1445 4335 1570 4391 ascendit
1583 4335 1611 4390 in
1623 4334 1687 4390 alta.

936 4433 984 4489 llic
995 4430 1119 4487 habitare
1133 4428 1222 4484 virum
1237 4426 1329 4482 studio
1343 4442 1425 4498 quem
1436 4432 1572 4498 quaereret
1585 4424 1681 4491 audit3

895 4493 920 4559 ὓ
934 4523 1161 4593 Praeparvamque
1171 4516 1269 4572 videus
1282 4513 1744 4586 cellam,simulundiqueclansam,

934 4619 1111 4673 Perscrutens
1125 4611 1212 4669 oeulis
1225 4609 1315 4666 aditus
1329 4625 1384 4682 qua
1397 4617 1474 4682 parte
1486 4615 1601 4679 pateret,

935 4706 976 4761 Nil
991 4703 1066 4760 videt
1082 4701 1125 4757 hic
1143 4699 1219 4757 omni
1235 4697 1370 4755 modicam
1387 4696 1440 4752 uisi
1455 4705 1531 4768 parte
1547 4695 1706 4751 fenestram.

935 4795 999 4862 Quae
1013 4793 1119 4866 pulsata
1133 4796 1218 4861 patet,
1235 4788 1320 4843 levita
1334 4786 1493 4862 agnoscitur
1503 4786 1573 4858 ipse,

936 4885 971 4940 Se
985 4886 1197 4958 cognoscentem
1213 4893 1269 4934 nou
1283 4877 1387 4934 callens
1399 4894 1515 4935 noscere
1527 4885 1643 4933 matrem

936 4973 1003 5028 llum
1015 4970 1113 5026 faciem
1125 4969 1200 5026 videt
1212 4966 1346 5023 aridulam
1362 4967 1495 5043 rugisque
1509 4967 1639 5034 solutam,

936 5065 1055 5122 Orbibus
1071 5063 1154 5134 inque
1168 5060 1243 5117 caris
1258 5059 1353 5117 oculos
1366 5075 1491 5116 marcore
1503 5066 1640 5134 gravatos,

917 5147 920 5153 ’
936 5152 1056 5225 Ossaque
1071 5149 1182 5207 clitellis
1196 5146 1296 5220 passim
1313 5147 1484 5203 numeranda
1494 5145 1602 5212 solutis,

937 5240 1040 5313 Cuique
1056 5237 1177 5295 arelacta
1192 5238 1264 5294 cutis
1274 5237 1317 5294 vix
1332 5243 1437 5293 texerat
1450 5251 1513 5293 ossa
1523 5250 1642 5307 superne
1656 5252 1663 5289 :

936 5331 968 5387 llt
982 5328 1110 5386 benedici
1126 5328 1161 5384 ab
1176 5344 1210 5384 ea
1225 5341 1351 5399 poscens,
1368 5327 1552 5393 benedicitur,
1566 5334 1648 5398 atquc

938 5429 1059 5484 Levitam
1075 5425 1187 5482 scandit
1198 5440 1275 5497 papae
1287 5423 1392 5479 servire
1405 5423 1497 5488 beato,

939 5523 1027 5594 Atque
1041 5519 1128 5574 vicem
1139 5517 1299 5590 petiturpro
1318 5532 1348 5570 se
1368 5513 1514 5571 redhibere
1530 5511 1663 5585 precanti.

938 5614 1052 5672 bliratur
1066 5627 1151 5685 super
1165 5611 1208 5668 his
1220 5610 1290 5667 vatis
1301 5616 1407 5666 secreta
1421 5607 1551 5674 letentxs;

942 5705 1079 5762 Praeterea
1092 5717 1144 5759 nec
1158 5701 1237 5773 plura
1250 5700 1335 5772 capit,
1351 5714 1404 5757 nec
1418 5698 1497 5771 plura
1512 5695 1639 5769 rependit
1655 5712 1662 5762 ;
