3840 6106
123 243 177 301 863
505 244 689 307 FLODCAth
708 248 862 308 cauoutct
881 250 1046 311 usssusts
1065 253 1235 314 oetlsouul
1254 257 1410 318 mulce.

124 374 206 432 ludit
218 371 340 449 jugalem
355 370 505 430 hlartianus
513 374 678 448 complicem

124 467 231 524 Factam
242 464 349 538 piorum
365 462 471 536 filiique
483 480 631 537 supparem
648 482 674 532 ς’

124 561 239 616 Domum
254 557 359 625 reduci,
376 573 458 629 quam
475 558 557 628 jubet
575 560 721 630 secretius,

125 652 194 718 Quid
207 651 273 707 huic
286 650 322 705 sit
336 654 426 706 actum
442 650 586 708 sciscitans
598 667 615 707 a
630 651 696 709 lilio.

123 738 175 795 Pro
191 737 355 794 liberatione
369 737 464 792 matris
478 738 578 795 arduas

124 832 230 888 Christo
245 830 342 887 beatas
355 830 448 887 celsus
459 830 540 888 effert
551 833 664 908 gratias.

123 925 202 982 [lomi
218 933 352 998 tyrannus
367 925 486 981 detineri
501 929 648 1002 conjugem

122 1017 204 1073 lubet
215 1033 223 1084 3
234 1015 353 1071 ministri
368 1015 516 1073 molientes
530 1017 649 1091 obsequi

126 1107 266 1164 Caeoantnr
282 1106 403 1177 ;accipit
416 1106 478 1178 pios
492 1109 672 1184 ergastulum.

123 1204 171 1260 Ille
185 1203 313 1277 sequenti
327 1202 476 1259 Martianus
494 1204 596 1261 milites

124 1295 272 1352 obtruncat
284 1294 372 1351 almos
383 1295 427 1351 bis
442 1296 550 1364 decem,
566 1297 624 1369 qni,
641 1299 744 1356 lumine

123 1383 201 1440 llueti
216 1399 347 1457 superno,
363 1385 512 1441 uanitatem
533 1387 682 1460 liquerant,

122 1477 288 1550 septemque
300 1476 397 1533 iratres
411 1477 475 1551 igne
490 1494 610 1552 pugnem
627 1478 736 1547 liniunt,

123 1571 223 1625 hurum
236 1567 377 1644 refulgens
391 1585 444 1626 ceu
459 1570 568 1627 camino
583 1572 718 1641 redditur,

122 1659 195 1717 Paeti
215 1677 266 1733 par
280 1661 374 1734 ignem
383 1655 445 1716 luce
460 1660 533 1716 clara
547 1661 697 1732 splendidi.

158 1753 275 1811 Posthac
289 1761 405 1826 tyranno
419 1761 605 1829 suggeruntur
618 1756 712 1814 crateri
729 1776 739 1813 r

122 1841 220 1896 Tentat
233 1839 365 1913 profanus
375 1856 489 1897 avocare
509 1848 647 1915 martyres

123 1936 142 1989 Α
156 1935 218 2004 jure
233 1933 333 1990 Christi
347 1942 375 1990 et
390 1934 540 2011 subJugare
553 1938 686 2009 sculptili.

123 2023 224 2078 Ornare
239 2022 372 2093 templum
387 2037 441 2094 quo
457 2022 559 2079 resedit
577 2025 721 2097 pulchrius

123 2111 316 2184 secretiusque
332 2110 445 2166 mandat
459 2126 527 2168 auro
541 2111 688 2187 fulgidum,

123 2202 247 2274 llucique
257 2206 367 2256 sanctos
380 2215 412 2255 ao
427 2199 506 2257 litare
522 2202 648 2273 perditis,

122 2297 235 2354 Placere
253 2314 323 2353 vana
334 2297 461 2354 laeserant
475 2314 538 2370 qnae
548 2299 673 2356 numina.

123 2388 214 2446 coetus
225 2388 329 2461 popelli
343 2388 434 2465 pergit
448 2388 522 2445 istud
535 2389 625 2447 visere
639 2410 647 2463 ;

122 2481 229 2538 Adsunt
238 2480 324 2547 beati,
339 2488 366 2537 et
380 2481 459 2557 signa
475 2480 573 2538 Christi
586 2481 726 2541 frontibus

124 2570 222 2645 Figunt
236 2577 342 2628 sacrata
356 2570 508 2627 muniendo
522 2586 656 2644 corpora:

126 2662 231 2717 intrant
244 2660 376 2717 sacellum
387 2660 507 2717 roborati
519 2676 635 2717 munere

125 2748 233 2818 Christi,
249 2754 397 2821 precantur
410 2749 472 2819 ejus
488 2759 572 2823 atque
583 2750 700 2825 gloriam

123 2838 222 2906 Pandi,
237 2845 318 2894 ruant
331 2845 361 2895 ut
376 2836 423 2894 illa
437 2838 533 2910 templi
545 2839 658 2906 moenia,

126 2930 157 2985 llt
171 2937 271 2987 cuncta
285 2929 527 2987 ianicouterantur
538 2930 621 2987 idola.

124 3024 351 3096 huditsupernus
366 3029 429 3080 vota
441 3040 583 3081 servorum
598 3026 671 3083 liena
687 3045 694 3082 ι

124 3115 187 3171 lluit
200 3114 344 3183 sacellum,
358 3113 524 3171 defatiscunt
538 3115 669 3181 coctiles:

124 3207 213 3263 Ruina
226 3206 324 3278 templi
339 3206 512 3279 apparitores
521 3207 663 3280 opprimit,

125 3296 254 3373 ignisque
266 3304 364 3352 cuncta
376 3295 506 3366 absumit,
521 3297 581 3355 baec
595 3298 759 3363 demoliens.

124 3386 240 3443 lnsultat
252 3387 341 3442 almus
352 3386 479 3444 Julianus
493 3388 606 3459 praesidi
621 3407 629 3458 ;

124 3478 236 3534 l'uroris
250 3477 298 3534 ille
310 3477 467 3551 perforatur
476 3480 602 3551 spiculis,

122 3570 291 3643 Sanctosque
305 3570 333 3626 iu
349 3570 400 3626 atri
414 3571 518 3628 claudit
537 3572 593 3629 ima
606 3577 734 3634 carceris.

123 3662 171 3719 llic
180 3667 261 3719 noete
275 3662 373 3719 laudes
387 3662 453 3720 dum
467 3664 524 3723 Deo
537 3666 735 3739 persolverent,

122 3752 229 3811 Adsunt
240 3752 314 3810 beati
330 3753 378 3826 qui
392 3753 564 3827 triumphum
577 3756 770 3830 impleverant,

122 3844 222 3900 llorum
238 3842 283 3915 pia
296 3841 470 3901 consessione
488 3858 644 3917 compares,

122 3933 222 3990 Omnes
234 3931 327 3989 amicti
338 3932 462 3989 vestibus
473 3934 668 4005 praecandidis,

123 4027 155 4083 Et
164 4026 275 4083 alleluia
287 4026 468 4083 concinentes
475 4024 605 4083 dulciter.

123 4119 242 4176 Chornm
258 4117 339 4174 beata
352 4116 429 4175 ducit
442 4117 499 4174 illic
509 4118 647 4194 virginum

123 4206 274 4273 llasillissa,
294 4212 390 4262 sancto
405 4220 467 4277 qua
478 4205 568 4280 jugali
585 4206 736 4280 gratulans,

122 4297 223 4367 Aperta
235 4293 299 4352 coeli
309 4308 394 4368 regna
406 4294 510 4350 sanctis
528 4295 646 4362 nuntiat,

124 4389 178 4445 llos
190 4397 218 4446 et
230 4388 275 4444 die
283 4387 419 4460 promittit
431 4387 490 4460 ipsa
502 4390 605 4462 suscipi

123 4481 181 4548 Qua
199 4479 321 4536 Christus
335 4479 396 4536 orbi
410 4479 482 4537 clara
495 4481 541 4539 lux
553 4472 692 4556 apparuit,

123 4572 156 4629 ut
169 4573 222 4628 hac
235 4571 360 4643 polorum
375 4578 527 4643 appareant
542 4589 605 4630 cum
620 4575 728 4633 civibus

122 4661 155 4720 Et
165 4664 329 4736 insupernis
343 4672 523 4735 perseverent
536 4666 660 4723 sedibus.

122 4754 185 4811 Post
198 4754 257 4809 baec
270 4752 392 4810 tribunal
407 4753 437 4809 in
451 4753 511 4811 ioro
526 4757 717 4828 praesesjubet

122 4844 182 4900 Sibi
192 4842 280 4916 parari
292 4850 320 4899 et
331 4842 457 4899 exhiberi
471 4851 616 4917 martyres.

122 4935 295 4992 crudelitatis
309 4934 353 4992 hio
367 4934 488 4994 iurorem
508 4939 662 4997 exercitans

122 5024 219 5101 lligitis
232 5023 341 5096 piorum
357 5039 408 5096 per
419 5040 519 5082 manus
533 5027 627 5098 lychni
641 5035 670 5086 et
682 5031 769 5102 pedes

122 5118 188 5175 dleo
202 5117 347 5174 madentes
356 5117 505 5195 alligentur
515 5120 639 5193 praecipit
652 5140 660 5189 ;

121 5209 199 5276 Quod
209 5218 239 5267 ut
253 5217 406 5283 peractum,
421 5226 484 5268 mox
497 5229 632 5284 papyrum
645 5217 805 5274 aceenditur

120 5302 279 5375 Ardentque
293 5300 339 5358 tila
352 5319 359 5356 :
373 5302 474 5358 annexi
488 5303 551 5358 laedi
565 5319 621 5361 non
637 5304 739 5375 valent,

121 5392 224 5448 lntacta
237 5399 264 5447 et
279 5392 348 5447 ustis
360 5390 487 5447 membra
500 5390 607 5464 lychnis
621 5404 795 5467 permanent,

119 5479 188 5536 llein
201 5478 283 5536 beato
298 5478 408 5537 tuliano
427 5478 540 5536 verticis

120 5572 265 5645 Pueroque
278 5580 374 5630 sancto
389 5571 509 5629 detrahit
518 5570 593 5630 lcrns
606 5582 697 5632 cutam

119 5659 219 5719 Oculos
232 5660 369 5722 sacerdoti
383 5677 486 5723 erucas
494 5661 625 5730 Antonio,

946 384 972 452 Α
988 381 1029 453 Et,
1040 398 1123 456 quem
1139 382 1238 442 hea⁴ua
1249 385 1376 444 Julianus
1389 366 1527 448 mortuum

986 471 1072 528 Orans
1086 474 1268 543 resuscitavit,
1285 478 1438 537 Anastasio.

985 559 1066 615 Pueri
1082 576 1148 636 ergo
1165 570 1277 621 matrem
1288 566 1477 627 llartianillam
1494 572 1567 629 Dans

984 650 1043 707 Non
1057 668 1138 723 posse
1151 670 1271 713 cernens
1286 657 1357 716 serre
1367 660 1436 717 dnra
1449 665 1580 733 tormina,

984 739 1108 796 Caecabat
1122 758 1218 800 omnes
1230 745 1295 803 huic
1307 764 1405 805 manus
1415 751 1462 824 qui
1477 753 1631 824 injecerant
1644 775 1652 823 ς

983 826 1092 883 Curavit
1111 838 1203 888 autem
1218 836 1356 895 sauciatos
1369 847 1513 912 martyres,

984 913 1155 976 llluminavit
1171 921 1352 999 integrosque
1365 926 1497 997 reddidit,

983 999 1125 1062 Cruciatur
1136 1009 1223 1066 bostis
1238 1013 1332 1082 corde,
1349 1016 1431 1072 savis
1445 1017 1563 1091 tigribus

984 1096 1111 1174 Dirisqua
1127 1103 1214 1163 sactus
1229 1110 1343 1166 crudior
1356 1115 1544 1185 serpentibus.

983 1187 1098 1246 Sanctus
1108 1193 1136 1248 in
1146 1196 1378 1267 amphitheatrum
1393 1204 1459 1279 agit,
1473 1221 1545 1278 quos
1554 1206 1653 1264 bestiis

987 1279 1114 1350 Exponit,
1132 1284 1191 1354 ipae
1203 1287 1261 1342 suis
1275 1287 1395 1348 ferocior
1406 1293 1483 1350 ieris.

985 1366 1086 1426 Venire
1101 1370 1197 1428 helvas
1209 1376 1354 1448 etpiorum
1368 1381 1477 1457 lingere

985 1460 1074 1518 Pedes
1088 1463 1208 1531 videres,
1222 1468 1348 1526 mitiores
1357 1474 1466 1532 catulis.

984 1556 1072 1613 Furiis
1087 1560 1208 1631 repletus
1219 1569 1248 1619 et
1260 1566 1396 1640 gehennae
1411 1569 1547 1628 incendiis

982 1650 1065 1707 lubet
1075 1653 1178 1725 requiri
1191 1655 1337 1714 ldartianus
1352 1660 1458 1718 noxios.

943 1705 1038 1794 Btcti
1052 1739 1197 1798 trabuntur
1211 1745 1351 1802 criminosi
1365 1751 1512 1823 ergastulis

981 1828 1091 1900 Pilsquc
1104 1832 1307 1901 permiscentur
1317 1838 1428 1895 athletis
1439 1841 1489 1909 rei,

983 1920 1119 1994 llissoque
1133 1924 1161 1978 in
1177 1927 1410 1997 amphitheatrum
1426 1932 1461 1987 ad
1480 1936 1533 1991 hoc
1545 1938 1678 1996 satellite.

984 2010 1123 2069 Necantur
1136 2016 1247 2072 admisti
1262 2020 1425 2079 innocentes
1440 2026 1549 2093 noxiis3

984 2101 1113 2175 Exempla
1127 2106 1226 2162 Christi
1238 2121 1453 2184 consequentes,
1470 2115 1517 2173 bic
1528 2133 1644 2192 quoque

984 2188 1034 2255 Qui
1048 2193 1075 2247 in
1093 2195 1222 2265 passione
1232 2197 1346 2267 junctus
1360 2208 1401 2257 est
1416 2203 1581 2262 latronibus.

983 2284 1092 2342 Tellure
1108 2295 1182 2345 mota
1193 2298 1328 2347 corruunt
1344 2309 1407 2350 mox
1422 2295 1507 2367 idola,

937 2381 939 2386 '
983 2374 1036 2431 der
1051 2378 1150 2434 minaci
1168 2389 1299 2450 personat
1309 2384 1442 2448 tonitruo.

984 2466 1151 2542 iliserosquc
1164 2487 1264 2546 magua
1279 2481 1402 2531 terruere
1414 2476 1533 2554 fulgura.

984 2556 1054 2612 llinc
1068 2559 1218 2618 semivivus
1232 2563 1380 2622 llartianus
1393 2566 1490 2644 effugit
1505 2587 1513 2637 ;

983 2647 1090 2706 Elllavit
1104 2659 1195 2708 antem
1211 2654 1359 2713 devoratus
1371 2660 1511 2717 vermibus

982 2739 1081 2799 Paucis
1094 2743 1194 2801 diebus
1204 2749 1322 2804 evolutis
1336 2754 1526 2823 postmodum.

983 2834 1174 2893 lacunarium
1190 2847 1269 2896 nocte
1282 2843 1330 2914 qui
1345 2855 1546 2916 remanserant,

984 2926 1130 3001 Postquam
1147 2931 1219 2987 beati
1234 2949 1319 3008 regna
1333 2938 1473 2996 scandunt
1486 2949 1633 3014 martyres,

984 3016 1056 3072 liunt
1071 3018 1179 3089 piorum
1195 3030 1290 3079 sancta
1304 3025 1406 3081 lectum
1421 3042 1538 3100 corpora
1554 3049 1562 3086 :

983 3109 1049 3174 Qua
1064 3126 1126 3166 cnm
1142 3112 1268 3171 laborant
1284 3131 1433 3193 segregare
1446 3122 1580 3192 sontium,

982 3198 1110 3255 Oratione
1122 3201 1243 3273 supplici
1258 3204 1397 3263 Christum
1415 3216 1514 3281 petunt

983 3290 1028 3346 Eis
1042 3291 1149 3362 piorum
1163 3296 1328 3366 quorovelet
1348 3299 1474 3375 pignera,

881 3418 884 3423 .
983 3379 1015 3435 Et
1028 3395 1094 3436 cccc
1109 3381 1175 3438 visae
1186 3398 1236 3438 ceu
1250 3385 1359 3443 decorae
1375 3389 1498 3465 virgines

983 3468 1088 3527 Phacus
1102 3474 1200 3530 sedere
1215 3476 1331 3551 singulae
1344 3495 1515 3551 supersues.

985 3561 1041 3617 lloo
1053 3563 1123 3619 lecta
1139 3565 1198 3621 viso
1209 3565 1331 3622 membra
1344 3569 1426 3644 signo
1441 3570 1548 3645 lnlgida

984 3649 1125 3724 Cruorque
1136 3654 1214 3722 iuxta
1226 3658 1388 3733 congelatus
1407 3660 1559 3732 splenduit,

983 3739 1081 3797 Altaria
1093 3751 1123 3798 et
1134 3744 1243 3816 sepulta
1261 3748 1313 3804 sub
1334 3747 1505 3816 fundamine,

984 3833 1112 3892 Procedit
1127 3837 1202 3894 unde
1217 3837 1279 3895 lons
1291 3839 1404 3896 abunde
1420 3840 1563 3912 profluens

983 3925 1084 3983 Locum
1099 3927 1213 3998 superni
1228 3928 1275 4001 qui
1291 3931 1379 4002 replet
1393 3931 1579 4003 baptismatis,

983 4018 1033 4074 llio
1044 4021 1130 4076 multa
1142 4020 1266 4079 Christus
1275 4022 1412 4080 exhibens
1428 4023 1569 4084 beneficia

983 4109 1083 4166 Pendit
1097 4112 1177 4169 vietis
1187 4114 1289 4185 sapius
1302 4115 1449 4172 solamina.

983 4202 1031 4259 Die
1045 4204 1118 4261 beati
1131 4206 1232 4263 tuliani
1246 4210 1372 4281 martyris

983 4295 1057 4352 llecti
1068 4297 1169 4369 leprosi
1179 4315 1234 4371 quo
1248 4299 1344 4356 decem
1361 4302 1423 4359 tabo
1438 4303 1556 4371 horridi,

985 4388 1143 4445 Exulcerata
1155 4407 1236 4447 carne
1252 4407 1324 4462 pene
1337 4393 1452 4464 putridi,

945 4455 1072 4535 Dlincti
1083 4486 1112 4536 ut
1125 4482 1225 4538 lavacri
1237 4485 1399 4557 suntuquis,
1415 4486 1632 4558 pulcherrimum

983 4571 1100 4627 Sumunt
1113 4573 1254 4642 decorem,
1268 4575 1415 4633 sanitatem
1429 4585 1457 4634 et
1467 4579 1613 4658 integram.

982 4663 1133 4738 Fertnrque
1153 4682 1205 4722 vox
1219 4667 1332 4739 delapsa
1342 4670 1414 4725 coelo
1424 4670 1595 4740 huiusmodi.

984 4753 1045 4809 llaec
1058 4754 1160 4810 tuliani
1176 4772 1259 4824 nnnc,
1276 4758 1330 4813 mei
1345 4760 1515 4828 charissimi,

977 4846 1075 4903 lleruit
1088 4847 1166 4905 tides.
1182 4850 1286 4920 majora
1302 4867 1364 4924 quae
1379 4854 1541 4913 merebitur.

981 4937 1012 4992 lit
1026 4937 1070 4993 hio
1084 4945 1113 4994 et
1127 4939 1154 4993 in
1174 4956 1230 5012 qno
1244 4940 1375 4998 fabricata
1388 4950 1453 4999 sunt
1466 4944 1529 5003 looo

979 5026 1135 5084 Orationem
1150 5029 1202 5085 sub
1213 5030 1318 5086 houore
1333 5030 1444 5088 domata

979 5115 1113 5172 Basilissae
1124 5122 1151 5173 et
1165 5118 1229 5173 almi
1242 5118 1345 5176 tuliani
1358 5122 1497 5193 martyris,

981 5206 1142 5264 Praebentur
1156 5209 1247 5281 ampla
1259 5210 1406 5268 sanitatum
1418 5229 1546 5283 munera,

980 5297 1012 5354 lit
1023 5307 1085 5356 vota
1095 5300 1270 5371 complentur
1281 5301 1390 5375 piorum
1405 5305 1562 5365 commoda.

981 5392 1101 5459 Quorum
1117 5395 1199 5451 beata
1217 5398 1359 5468 postulent
1368 5397 1483 5457 flamina

980 5490 1065 5547 Nobis
1078 5491 1177 5548 resolvi
1197 5493 1345 5551 criminum
1356 5495 1507 5555 nodamina

980 5582 1012 5638 nt
1022 5582 1090 5638 dent
1105 5599 1226 5657 superna
1239 5586 1383 5658 possidere
1389 5589 1504 5664 gaudia.
