3840 6106
50 211 108 269 973
666 200 837 258 EPISTOLAE
856 200 896 256 ΕΤ
913 199 1112 258 otPtottatt.
1666 201 1720 258 fif

49 332 174 389 tuitione
194 336 298 387 sancta
320 329 448 385 lfomana
475 327 582 395 matris,
602 328 647 383 cui
672 325 862 397 presidemus,
878 334 901 399 Α
915 323 1045 379 Romanae
1062 322 1194 379 Ecclesiae
1209 323 1237 379 in
1251 338 1345 379 mense
1359 324 1461 396 Aprili3
1478 324 1631 382 indictione
1644 334 1721 382 scuta

53 428 201 487 Ecclesiae«,
215 421 754 492 allubescentibusconsentientibusque
771 419 798 474 in
810 419 863 474 hoe
913 410 1028 466 decimo·
1051 411 1109 466 Dal·
1125 411 1231 466 decimo
1253 411 1309 467 Kal·
1325 412 1386 468 Maii
1401 429 1575 483 normanum
1596 413 1721 470 Widonis

52 526 156 576 nostrae
174 517 335 589 apostolieae
351 516 508 586 paternitati
518 513 728 570 archifratribus
741 512 767 565 in
780 525 864 582 syuo-
914 503 1037 573 episcopi
1053 510 1154 558 sanctae
1177 504 1258 560 Silvae
1274 503 1403 561 Candide
1419 505 1559 573 Ecclesia,
1574 514 1602 561 et
1612 506 1720 562 biblio-

53 610 120 665 dnm
139 610 276 665 liavenuae
292 607 458 682 aggregatis,
472 606 603 662 videlicet
621 605 701 660 Petro
720 604 863 658 Ravenna·
914 593 1028 648 1111111111
1052 602 1154 650 8111111111
1167 595 1243 650 Sedis
1256 596 1425 666 flllfflwlifaes
1450 612 1534 664 1111110,
1549 596 1606 653 ⁰0⁰
1627 597 1721 669 1110111·

54 705 146 762 tense,
173 698 296 754 {eodaldo
316 696 467 763 patriarcha
493 695 685 768 aquilagense,
702 692 809 749 eaeteris
835 697 865 747 et
914 684 964 752 tio,
978 684 1155 756 pontificatus
1177 686 1282 742 domini
1295 688 1412 744 loannis
1426 689 1526 744 summi
1543 687 1683 760 pontilicis
1694 697 1723 745 et

56 789 200 860 episcopis
232 787 351 843 Widone
384 787 472 859 Sylvae
503 784 687 850 Candidense,
717 781 865 837 Benedicta
916 780 1079 836 universalis
1100 781 1172 836 tertii
1188 781 1287 837 decimi
1302 783 1453 853 provisoris
1470 790 1573 839 sanetas
1594 783 1722 839 llomanoe

56 876 219 943 Portuense,
257 875 362 931 hiarino
391 874 551 936 butrieensi,
594 872 709 928 Siccone
737 871 865 934 blesano,
916 868 1055 937 Ecclesia,
1070 870 1199 927 videlicet
1220 872 1368 928 undecimo
1387 873 1515 941 ejusdem
1539 872 1655 943 piissimi
1670 874 1719 928 PP.

53 971 161 1027 loannc
176 969 319 1039 Spirense,
335 966 499 1023 londoardo
519 965 713 1031 llindouense,
731 961 866 1018 Lutiirido
917 973 1000 1025 auno,
1014 960 1128 1034 August.
1146 960 1273 1017 0ttonea
1292 961 1349 1016 Deo
1363 968 1494 1017 coronato
1519 961 1616 1034 ldagno
1629 960 1722 1034 impe-

56 1060 140 1116 etiam
155 1059 319 1132 l'apigense,
339 1055 509 1127 luitprando
533 1053 729 1118 Cremonense,
745 1050 866 1106 huberto
917 1058 1005 1108 ratore
1017 1069 1091 1109 anno
1104 1063 1182 1110 sexto
1201 1055 1388 1110 monarchiam
1405 1055 1519 1111 Romani
1535 1056 1645 1128 imperii
1660 1055 1724 1111 feli·

58 1153 222 1218 pennense,
238 1150 355 1221 aliisque
376 1147 459 1203 simul
485 1145 670 1203 confratribus
684 1144 786 1200 nostris
805 1142 867 1214 epi·
919 1147 1189 1222 citergubernaule3
1205 1150 1359 1206 indictione
1373 1158 1448 1207 sexta
1462 1150 1581 1210 decima.

56 1246 152 1318 scopis
174 1243 277 1301 italicis
300 1249 327 1298 et
354 1240 569 1298 llltramontanis
598 1253 713 1294 numero
728 1237 868 1309 quinqua·
1287 1263 1355 1318 xm

55 1340 143 1413 puta,
172 1338 256 1392 111111
279 1334 444 1407 apraesenti
471 1333 579 1389 decima
598 1331 780 1387 Kalendarum
807 1330 868 1385 Μὸῑῑ
918 1363 1028 1403 ioannis
1055 1367 1129 1406 aare
1152 1366 1200 1405 ιιιιι
1228 1367 1398 1406 unrvrnecruu
1425 1367 1477 1408 nuo
1507 1367 1631 1408 rcctnsnt
1658 1369 1724 1409 ran·

58 1426 112 1482 sub
128 1424 283 1496 patrocinio
302 1429 331 1478 ct
345 1421 463 1477 tuitione
479 1421 551 1476 beati
567 1419 639 1475 Petri
655 1418 788 1490 principis
802 1433 869 1489 apo·
1264 1439 1379 1478 vtnnnsr.

57 1514 193 1572 stolorum
212 1514 327 1585 ejusque
345 1510 439 1566 vicarii
460 1509 601 1581 perpetuis
621 1507 792 1579 temporibus
806 1523 868 1562 cum
1231 1511 1321 1581 (huno
1335 1511 1411 1580 969.)

58 1606 190 1663 omnibns
218 1621 249 1660 sa
277 1601 459 1659 attinentibus
491 1601 670 1657 coustitutum
696 1600 870 1669 locatumque
881 1601 908 1691 ’Β
957 1601 1045 1673 [Apud
1058 1602 1215 1672 hontheim,
1230 1607 1302 1661 Hist.
1320 1607 1422 1661 fiaoir.
1439 1606 1563 1677 diplom..
1584 1611 1651 1663 tom.
1668 1607 1688 1672 l,

59 1694 221 1767 specialiter
253 1708 314 1748 esse
341 1697 481 1748 noscatur.
520 1691 692 1761 Quapropter
724 1688 869 1743 statuimus
1245 1696 1396 1771 pagens]

57 1787 212 1860 apostolica
223 1800 353 1851 censura,
366 1789 396 1839 ut
406 1783 480 1839 idem
494 1781 691 1837 monasterium
707 1779 869 1834 omnimodo
954 1780 1073 1837 losuuas
1086 1783 1244 1854 episcopus,
1259 1799 1355 1840 servus
1379 1800 1522 1841 servorum
1543 1786 1599 1854 bei,
1623 1786 1728 1842 charis·

58 1877 178 1932 liberum
194 1874 305 1941 amodo,
322 1882 451 1945 eiusque
467 1873 493 1928 in
508 1870 590 1926 sunem
605 1869 697 1926 saeculi
712 1874 870 1940 perseveret
919 1871 997 1926 simis
1011 1872 1092 1927 nobis
1107 1873 1134 1927 in
1151 1871 1257 1929 Christo
1280 1873 1409 1929 fratribus
1422 1873 1559 1929 universis
1578 1874 1728 1946 episcopis,

58 1982 109 2038 per
130 1964 320 2021 auctoritatem
336 1963 383 2018 llei
403 1970 431 2018 et
446 1961 555 2017 bomini
571 1959 656 2016 nostri
676 1959 742 2014 lesu
758 1957 869 2021 Christi,
920 1976 952 2016 ae
966 1961 1050 2017 totins
1064 1961 1208 2035 diguitatis
1231 1971 1258 2018 et
1273 1963 1378 2020 ordinis
1399 1964 1543 2020 catholicis
1562 1965 1641 2031 viris,
1657 1980 1729 2037 prse-

58 2054 107 2126 qni
123 2069 208 2124 super
220 2053 330 2107 Petrum
345 2050 428 2106 babet
455 2049 615 2115 Ecclesiam,
633 2063 778 2120 perquem
792 2046 871 2115 jube·
919 2049 1045 2104 sentibus
1058 2051 1164 2106 scilicet
1178 2058 1206 2106 et
1221 2051 1330 2118 futuris,
1348 2060 1510 2123 perpetuam
1525 2055 1653 2109 salntem.

60 2140 138 2210 mus,
153 2152 180 2197 et
198 2141 338 2197 monendo
355 2144 547 2212 protestamur,
563 2144 593 2193 ut
608 2137 700 2191 nullus
710 2137 870 2206 imperator,
957 2143 1024 2207 Quia
1035 2143 1101 2199 licei
1114 2144 1234 2219 indigni,
1247 2145 1447 2201 divjnaeiamen
1460 2147 1630 2221 dignationis
1642 2149 1730 2222 gmja

60 2250 121 2302 ¹0¹,
142 2232 195 2288 ‘¹¹¹¹
211 2233 295 2297 unuh
323 2247 375 2287 ¹¹⁰⁶
397 2224 872 2302 1111100115,11111116111111111111
922 2233 1100 2305 disponente,
1113 2235 1225 2290 lf.Petri
1238 2236 1424 2308 apostolorum
1447 2238 1580 2310 principis
1601 2240 1729 2294 sacratis-

59 2325 213 2400 dignitatis,
229 2325 288 2378 sive
311 2323 466 2394 potcstatis,
486 2322 529 2376 vel
553 2336 650 2383 sacrae,
666 2321 709 2374 vel
724 2318 872 2373 mundana
921 2326 1019 2380 simam
1037 2326 1131 2381 sedem
1148 2327 1361 2400 universaleque
1386 2328 1487 2385 inloto
1509 2329 1577 2385 orbe
1596 2338 1728 2384 terrarum

61 2431 193 2488 persona,
208 2414 308 2469 audeat
334 2414 458 2482 eiusdem
475 2412 527 2468 loci
546 2412 700 2468 abbatissas
726 2410 872 2465 molestare
922 2415 1302 2488 ministeriumsnscepimus,
1316 2433 1430 2474 necesse
1443 2418 1618 2475 estomnium
1635 2418 1729 2475 Eccle-

60 2513 90 2561 et
103 2504 270 2577 iuquietare,
286 2503 344 2559 sive
372 2503 407 2558 de
422 2501 553 2558 omnibus
568 2501 651 2556 rebus
661 2500 787 2569 ejusdem
803 2495 873 2551 sacti
923 2502 1026 2558 siarum
1041 2510 1072 2558 ut
1096 2504 1335 2578 diligentissimam
1351 2506 1567 2563 sollicitudinem
1586 2507 1624 2562 ita
1636 2507 1728 2562 conti·

61 2598 226 2656 monasterii
249 2598 277 2652 in
306 2597 399 2669 aliquo
415 2597 578 2663 distrahere,
592 2596 634 2651 rel
649 2595 685 2649 de
707 2593 749 2648 his
763 2607 824 2664 quse
839 2590 874 2644 ad
926 2603 1024 2652 uenter
1036 2596 1343 2664 habeamus,neearum
1352 2600 1424 2667 jura,
1435 2599 1730 2668 auctorisateejusdem

62 2688 132 2744 illud
148 2688 289 2759 pefllnelli
303 2687 470 2741 diminuere.
500 2686 598 2740 le'fflil
614 2682 832 2759 lgllquUlellllll
847 2686 876 2734 el
924 2690 1111 2760 apostolorum
1136 2692 1270 2764 principis
1294 2701 1514 2766 meg-opumque
1539 2709 1730 2750 successorum

62 2779 259 2834 inconcussum
293 2778 423 2849 persistat
449 2791 511 2832 cum
547 2776 655 2831 eunctis
686 2768 874 2829 subsistentiis
923 2777 984 2846 ejus
1002 2779 1201 2835 venerabilium
1229 2781 1338 2837 Patrum
1366 2782 1679 2839 iuviolabilitcrstatuta
1702 2789 1730 2838 ct

64 2870 136 2936 suis,
160 2885 224 2927 cum
239 2869 328 2925 servis
347 2877 374 2925 et
394 2867 513 2935 ancillis,
537 2866 634 2922 liberis
659 2873 687 2921 ct
703 2865 873 2937 ascriptitiis,
923 2866 1084 2924 confirmata
1105 2877 1200 2926 nostro
1229 2871 1389 2927 minuantur
1402 2887 1434 2928 ac
1459 2881 1573 2943 pereant
1592 2880 1729 2945 tempore,

64 2960 148 3016 terris
162 2958 243 3015 cultis
257 2967 284 3014 et
299 2958 421 3026 incultis,
437 2965 464 3013 et
488 2955 624 3011 universis
643 2953 728 3009 rebus
742 2969 804 3026 quae
819 2954 874 3011 dici
923 2960 973 3015 sed
1001 2958 1092 3030 potius
1111 2959 1289 3016 corroborata
1314 2961 1445 3018 decenter
1467 2971 1623 3038 augeantur
1648 2969 1732 3036 atque

61 3063 91 3110 et
106 3051 242 3108 nominari
263 3057 389 3122 possunt,
418 3066 487 3122 quas
512 3063 586 3104 nunc
602 3047 684 3102 habel
698 3052 725 3101 et
747 3047 774 3100 in
790 3055 873 3103 antea
903 3047 1077 3121 ‘proficiant
1100 3049 1222 3120 ideoque
1235 3051 1359 3105 omnium
1374 3058 1496 3107 vestrum
1508 3068 1592 3108 nosse
1602 3053 1730 3109 volumus

63 3142 192 3216 quolibet
211 3150 353 3198 contractu
380 3141 483 3197 habere
501 3139 594 3195 debet.
616 3140 688 3193 Sane
702 3138 738 3193 ob
762 3137 872 3193 mundi·
922 3137 1095 3195 sanctitatem
1111 3137 1325 3205 etiudnstriam,
1336 3139 1411 3212 quod
1426 3140 1598 3197 Theoderico
1610 3142 1734 3198 dilectis-

65 3229 197 3287 bnrdinm
209 3231 248 3285 tui
261 3236 428 3301 tuorumque
444 3243 492 3300 pro
505 3227 659 3283 luminariis
673 3226 873 3283 condonandis
922 3231 993 3287 simo
1006 3229 1089 3286 fratre
1100 3238 1193 3287 nostro
1204 3231 1374 3287 'frevirensis
1382 3232 1510 3290 Ecclesia
1519 3233 1732 3306 archiepiscopo

63 3331 130 3380 ante
145 3336 247 3392 eorpus
267 3321 391 3393 praedieti
410 3320 599 3392 apostolorum
615 3319 749 3390 principis
773 3318 872 3373 libram
922 3321 1052 3376 veniente
1068 3321 1180 3375 Romam
1194 3328 1303 3375 oratum
1318 3321 1353 3376 ad
1367 3328 1525 3378 sanctorum
1539 3323 1732 3395 apostolorum

65 3428 151 3469 unam
174 3412 292 3484 tergenti
321 3411 462 3466 annuatim
487 3417 588 3468 nostrae
616 3416 716 3465 sanetae
745 3409 875 3464 flomanae
924 3408 1030 3474 limina,
1059 3406 1225 3474 audivimus,
1252 3407 1323 3463 sient
1347 3409 1431 3464 etium
1459 3411 1567 3481 pridem
1581 3411 1732 3466 audiendo.

64 3501 197 3559 Ecclesia
224 3506 294 3557 ate
317 3500 492 3572 posterisque
519 3500 584 3565 tuis,
614 3515 676 3572 quas
703 3499 793 3555 eidem
814 3497 875 3555 loco
927 3499 981 3554 imo
1011 3506 1039 3553 et
1062 3497 1180 3568 legendo
1205 3508 1378 3568 compertum
1401 3497 1573 3566 habuimus,
1602 3500 1731 3555 camdem

66 3605 164 3654 uncto
195 3595 366 3668 prefuerint,
402 3594 612 3666 persolvendam
640 3595 700 3650 fore
724 3594 875 3650 sancimus.
926 3590 1014 3662 ipsam
1036 3605 1093 3661 prae
1114 3589 1222 3645 caeteris
1247 3588 1395 3645 Galliarum
1423 3590 1550 3646 ecclesiis
1574 3590 1736 3646 Christianae

67 3693 171 3749 Verum
190 3693 215 3748 si
232 3691 295 3747 iort.
320 3731 326 3746 .
348 3728 356 3744 .
377 3691 430 3746 iter
451 3690 568 3746 aetionis
585 3689 746 3745 difficultate
760 3688 878 3763 singulis
927 3683 1070 3755 religionis
1088 3682 1231 3737 exordium
1251 3681 1450 3754 catholiceque
1470 3680 1535 3737 ndei
1550 3683 1638 3754 prima
1658 3683 1736 3738 rudi·

69 3785 153 3841 annis
166 3785 264 3841 eadem
280 3784 379 3855 pensio
394 3783 507 3837 minime
523 3782 643 3854 persolvi
651 3781 781 3854 potuerit,
795 3780 883 3836 licen·
932 3782 1025 3831 menta
1039 3773 1196 3846 percepisse
1216 3791 1266 3845 per
1285 3773 1522 3829 sanctissimorum
1543 3774 1664 3830 virorum
1685 3774 1740 3830 liu·

67 3876 109 3932 tia
127 3876 164 3931 sit
188 3875 232 3932 vel
258 3881 356 3946 postea
382 3873 558 3946 temporibus
579 3873 641 3928 allis
662 3872 837 3929 coadunatim
853 3878 883 3926 ut
932 3866 1030 3934 charii,
1039 3865 1150 3930 Valerii,
1161 3873 1190 3921 ct
1203 3865 1316 3920 lfatcmi
1329 3871 1358 3920 et
1372 3871 1533 3921 caeterorum
1547 3866 1736 3941 evangelicam

71 3967 204 4024 [inmane
220 3965 350 4021 Ecclesiae
364 3967 574 4021 transmittatur.
598 3965 625 4020 st
641 3965 703 4036 quis
717 3979 794 4030 vero,
807 3962 883 4035 quod
933 3959 1097 4025 doctrinam,
1113 3972 1183 4029 quos
1193 3964 1318 4029 tempore
1335 3972 1386 4013 suo
1400 3957 1550 4028 praedictus
1564 3956 1741 4015 beatissimus

68 4055 188 4110 minime
216 4053 368 4119 credimus,
392 4061 487 4110 contra
504 4055 588 4108 Deum
612 4053 715 4108 irritam
735 4052 818 4120 huius
833 4051 887 4123 pri,
937 4049 1033 4104 Petms
1056 4049 1197 4119 apostolus
1224 4048 1362 4104 ordinavit
1385 4057 1412 4104 ct
1436 4048 1573 4114 instruxit,
1604 4064 1655 4105 nee
1683 4064 1739 4104 non

67 4144 166 4220 vilcgii
182 4144 283 4201 seriem
301 4145 331 4199 in
346 4160 485 4216 quoquam
513 4161 597 4218 agere
619 4142 774 4206 tentaverit,
799 4148 826 4198 et
841 4143 885 4198 id·
936 4144 1001 4200 illuc
1015 4144 1049 4198 ad
1074 4142 1280 4214 praedicandum
1299 4143 1410 4199 direxit.
1431 4142 1510 4200 Unde
1533 4143 1617 4199 totius
1636 4141 1743 4199 ordinis

69 4234 166 4307 ipsam
191 4234 390 4289 monasterinm
417 4234 473 4304 juri
506 4234 665 4305 apostolica
698 4240 725 4287 et
753 4232 883 4288 Romanae
935 4244 1035 4294 nostrae
1063 4235 1315 4308 sedisapostolicae
1343 4236 1480 4303 consultu,
1496 4236 1672 4311 gratuitoque
1698 4251 1743 4291 as·

70 4323 204 4380 Ecclesia
225 4321 334 4378 auferre
361 4329 477 4378 conatus
505 4322 598 4390 tuerit,
640 4323 693 4378 uisi
725 4322 881 4394 resipuerit,
932 4345 1027 4394 sensu,
1048 4329 1111 4397 iura
1134 4327 1353 4400 privilegiorum,
1379 4341 1441 4399 qua
1462 4343 1478 4381 a
1497 4332 1592 4382 sancta
1617 4326 1742 4382 nomam

72 4423 217 4490 perpetuae
233 4416 416 4472 anathematis
443 4417 554 4472 vinculo
569 4417 717 4474 innodatus
742 4433 774 4472 ex
789 4370 1019 4476 aucteDmatrc
1038 4419 1158 4475 Ecclesia
1186 4418 1307 4490 praelatis
1325 4419 1429 4475 sanctis
1455 4434 1609 4491 eorumque
1630 4415 1745 4489 reliquis

71 4505 156 4561 ante
171 4504 221 4561 net
236 4505 352 4577 elusone
367 4505 622 4578 summistavtgen,
643 4513 882 4574 seuerissima,
935 4508 1156 4574 successoribus,
1187 4507 1213 4562 tc
1241 4516 1283 4563 est
1309 4508 1426 4583 ignito,
1458 4508 1596 4575 nuituis,
1620 4508 1745 4569 nautius,

72 4596 242 4654 etomnium
257 4603 415 4652 nostrorum
441 4595 603 4668 pontificum
630 4612 819 4654 snccessomm
833 4597 886 4652 hu·
935 4598 1047 4662 Severo,
1069 4595 1196 4650 almificis
1215 4603 1244 4650 et
1270 4595 1429 4666 apostolicis
1451 4595 1528 4662 viris,
1551 4612 1567 4650 a
1591 4595 1745 4667 primordio
1789 4620 1796 4633 ·

72 4687 220 4744 militatem
235 4703 296 4743 cnm
314 4688 385 4744 luda
402 4689 533 4743 traditore
550 4689 659 4744 bomini
679 4688 814 4761 perpetim
830 4688 887 4743 dia·
937 4689 1080 4759 hucusque
1095 4687 1254 4742 authentice
1268 4700 1399 4740 concessa
1423 4694 1498 4751 sunt,
1516 4701 1633 4758 quaeque
1661 4686 1745 4741 etiam

70 4777 140 4833 bolo
153 4776 285 4832 societur.
301 4776 351 4842 out
371 4782 463 4833 antem
479 4777 641 4833 observator
667 4777 729 4846 eius
744 4785 772 4832 et
794 4783 886 4833 eustos
938 4778 1025 4849 ipsius
1048 4777 1166 4833 civitatis
1194 4774 1313 4841 excidio,
1337 4775 1467 4831 incendio
1487 4776 1576 4832 aliove
1592 4792 1657 4832 casu
1677 4791 1747 4832 eon-

72 4883 137 4925 csse
151 4869 299 4935 studuerit,
316 4871 439 4925 omnium
459 4869 623 4925 delictorum
639 4884 750 4925 snorum
765 4870 885 4937 veniam,
936 4879 1046 4945 sumpts
1061 4872 1223 4944 probantur,
1239 4868 1329 4925 eidem
1349 4869 1507 4927 Trevirensi
1522 4869 1653 4927 Ecclesiae
1677 4882 1748 4940 pra-

72 4967 103 5018 et
115 4976 179 5017 cum
205 4959 366 5018 beatissimo
391 4962 471 5018 Petro
487 4962 607 5018 caetibus
621 4969 779 5019 sanctornm
795 4961 886 5018 socia·
936 4967 1066 5043 dictoque
1078 4963 1154 5020 fratri
1173 4970 1266 5019 nostro
1290 4962 1473 5030 Theodorum
1493 4973 1521 5019 et
1536 4978 1586 5034 per
1601 4976 1664 5017 eum
1679 4974 1749 5014 cnu-

72 5056 131 5114 tus,
144 5049 247 5122 gaudia
262 5049 323 5105 sine
338 5049 394 5105 line
410 5051 543 5123 consequi
564 5059 712 5106 mercatur.
728 5051 766 5105 fle
787 5058 888 5106 cataro
939 5056 991 5112 ctis
1005 5056 1092 5127 ipsius
1112 5055 1329 5120 successorihus,
1350 5053 1557 5119 reconfirmare,
1581 5047 1748 5106 recorrobo-

74 5139 255 5213 praecipimus
277 5141 462 5197 ntabbatissa
489 5142 529 5197 ihi
549 5159 691 5215 nunquam
708 5143 764 5199 ulla
788 5141 890 5198 nisiex
940 5164 1001 5204 rare
1024 5156 1052 5203 et
1076 5147 1151 5203 omni
1180 5145 1263 5202 modo
1291 5147 1436 5202 restituere
1466 5145 1580 5217 dignum
1609 5139 1750 5206 duximus,

73 5232 228 5301 electione,
240 5241 270 5288 et
284 5234 383 5305 gratia,
398 5248 429 5290 ac
442 5234 585 5291 voluntate
597 5235 721 5292 omnium
734 5240 889 5292 sanctarum
941 5239 1123 5295 decernentes
1145 5254 1194 5310 per
1218 5237 1300 5308 hujus
1328 5237 1416 5295 nostri
1444 5232 1588 5308 apostolici
1612 5228 1750 5305 privilegii

73 5337 216 5391 sororum,
239 5341 301 5397 qua
330 5325 435 5381 ibidem
464 5341 513 5397 pro
541 5335 664 5397 tempore
698 5326 754 5382 lieo
787 5325 892 5382 servire
941 5329 1138 5385 validissimam
1164 5329 1404 5398 constitutionem,
1433 5332 1462 5381 ut
1485 5323 1710 5398 quandocunque
1735 5337 1751 5376 a

71 5415 145 5472 visa
154 5414 269 5484 inerim,
285 5433 301 5472 a
316 5433 456 5490 quoquam
471 5417 617 5474 ordinetur
633 5426 680 5474 aut
694 5418 889 5474 constituatur.
943 5424 1037 5474 nostra
1051 5417 1200 5490 principali
1219 5425 1247 5474 et
1261 5417 1415 5489 apostolica
1427 5414 1495 5469 sede
1514 5410 1673 5484 episcopus,
1689 5425 1754 5481 pre·

74 5504 151 5559 liene
169 5503 274 5575 valete.
943 5511 1047 5583 sbyter,
1066 5509 1111 5566 vel
1125 5510 1270 5576 diaconus,
1285 5508 1329 5566 vel
1344 5506 1541 5574 subdiaconus,
1556 5505 1624 5576 sive⁹
1635 5500 1755 5576 quilibet

109 5602 248 5676 Scriptum
265 5620 315 5676 per
328 5621 441 5663 menum
467 5605 601 5677 Stephani
624 5605 761 5663 scriniarii
790 5611 894 5661 sancta
945 5601 1102 5659 ordinarius
1127 5603 1233 5676 legatus
1259 5601 1298 5655 rei
1328 5597 1522 5655 ecclesiasticae
1549 5612 1599 5653 sen
1623 5592 1755 5673 cogendo
