3840 6106
120 229 156 288 97
458 227 621 285 lllS'l'ORlAE
641 226 807 284 ecstasim
827 224 990 283 nemausis
1010 224 1099 281 areat
1118 224 1284 291 QUATUOR.
1302 256 1334 268 -
1347 224 1411 281 ttu.
1432 224 1454 282 l.
1755 221 1791 279 98

122 377 193 433 quas
200 374 346 426 memoras,
362 374 413 432 per
431 359 510 414 istius
529 358 603 433 regis
616 359 726 414 chartas
742 356 930 423 emerui.an
943 364 969 432 Α
981 358 1090 415 itineris
1103 355 1265 430 apparuisse
1292 356 1410 413 traditur
1437 352 1552 430 angelus
1571 350 1692 419 Remini,
1708 366 1791 424 quern

124 452 283 524 proferente
296 452 409 507 easdem
424 451 454 506 in
468 450 590 522 publice,
602 456 696 524 negat,
714 464 745 505 se
760 448 930 505 rexbaeclar-
981 456 1090 505 coastat
1105 447 1236 503 habuisse
1252 447 1420 518 preducem,
1433 446 1499 502 dum
1513 445 1679 501 destinatam
1695 442 1794 517 ingre·

121 542 211 615 gitum
230 541 325 597 luisse.
342 540 502 613 Requisitus
532 538 603 605 Otto,
619 539 667 610 qui
690 536 932 594 tuncrelereuda·
981 538 1056 593 ditur
1074 537 1183 594 urbem.
1200 536 1276 593 llunc
1286 536 1449 612 dignissime
1465 533 1597 606 prelatus
1612 531 1713 604 praesul
1731 528 1793 604 ligi·
1844 585 1849 591 ,

124 633 295 703 riusluerat,
317 635 397 702 cujus
422 632 460 686 ibi
475 630 646 704 subscriptio
669 630 801 685 meditata
815 629 932 685 teneba·
981 627 1045 683 dius
1067 626 1233 698 suscipiens,
1263 625 1375 699 cognito
1401 623 1605 696 peregrinantis
1636 619 1790 687 desiderio,

122 733 179 793 tur,
189 726 289 793 adluit,
299 741 405 802 negans
417 740 447 781 se
457 723 667 795 subscripsisse.
687 722 749 778 llaec
758 722 933 796 igiturcausa
984 716 1143 789 petitusque
1170 713 1329 770 secretioris
1359 711 1577 768 conversationis
1604 706 1793 766 habitaculum

123 815 246 887 primum
261 814 342 870 fallax
357 814 506 885 episcopus
531 819 658 884 repertus
673 827 734 866 esse
749 809 934 866 dicitur.Post
984 809 1149 875 concedere,
1163 805 1347 862 libentissime
1361 804 1455 870 cessit,
1472 803 1512 860 sic
1528 803 1576 858 ubi
1591 794 1644 857 sibi
1661 802 1793 874 placitum

123 906 325 978 haecepistolae
346 906 462 978 prolata
486 911 561 971 sunt,
578 904 607 959 in
623 901 933 976 quibusmultadeim-
986 898 1033 953 liei
1057 896 1175 953 tumulus
1204 894 1275 949 inira
1297 892 1469 965 episcopium
1495 891 1632 946 Remense
1663 891 1795 946 valuisset

123 1000 265 1074 properiis
285 999 480 1055 Branechildis
504 997 683 1065 tenebantur,
695 1011 758 1069 que
774 996 809 1051 ad
825 994 936 1066 Chilpe-
987 990 1120 1063 reperire.
1139 987 1246 1044 lnrenit
1267 986 1390 1055 tandem,
1404 1000 1524 1056 superna
1548 984 1714 1057 disponente
1728 999 1794 1059 gra·

125 1093 216 1147 ricum
236 1091 347 1161 scriptae
373 1087 494 1144 inerant.
525 1087 659 1143 Similiter
677 1092 706 1142 et
731 1083 879 1156 Chilperici
901 1083 935 1139 ad
987 1083 1024 1137 tia
1038 1081 1127 1137 locum
1142 1079 1197 1135 sibi
1213 1094 1365 1154 congruum
1380 1077 1408 1132 in
1424 1077 1484 1133 vico
1512 1074 1703 1139 Viriziaco,ad
1718 1073 1795 1130 radi-

124 1181 409 1254 episoopumdelatre,
430 1179 576 1251 inquibus
601 1174 935 1249 interreliquahabeba·
987 1172 1148 1229 cosmontis
1177 1172 1334 1237 Remorum,
1366 1185 1447 1242 quern
1465 1165 1797 1237 nemusindcincipieus

127 1273 334 1341 turinsertum,
358 1270 423 1343 quia
444 1270 468 1325 si
490 1268 567 1324 radix
581 1267 733 1338 cuiuslibet
745 1266 785 1322 rei
798 1265 886 1322 incisa
903 1264 934 1336 [c.
987 1264 1136 1321 obumbrat
1160 1261 1308 1338 Rigetium.
1335 1262 1373 1317 Eo
1406 1260 1460 1317 loci
1489 1270 1555 1316 tunc
1584 1258 1716 1330 temporis
1739 1263 1799 1313 erat

127 1364 229 1436 excisa]
246 1379 302 1420 nou
331 1361 424 1428 fuerit,
444 1358 937 1433 culmusquiterrisesteditusuen
988 1357 1158 1423 coenobium,
1184 1369 1300 1411 numero
1334 1340 1480 1409 duodecim
1510 1352 1720 1407 monachorum.
1750 1347 1799 1403 llic

127 1454 239 1510 arescit.
267 1452 344 1508 Unde
377 1467 490 1524 prorsus
517 1449 697 1506 manifestum
726 1455 769 1504 est
797 1449 860 1503 ideo
880 1447 939 1502 htec
990 1450 1074 1525 igitur
1104 1447 1226 1522 benigne
1251 1453 1398 1517 susceptus
1423 1459 1439 1499 a
1466 1442 1607 1511 iratribus,
1633 1442 1750 1498 traditur
1764 1439 1798 1496 ab

125 1544 241 1615 scripta,
260 1539 620 1614 utsuperataBruuechilde
636 1538 710 1594 lilius
720 1538 783 1607 ejus
798 1535 939 1608 opprime·
989 1533 1089 1590 abbate
1104 1534 1390 1590 litterisimbueudus.
1407 1532 1601 1605 Neclongum,
1615 1531 1656 1586 sic
1670 1529 1799 1586 doctriua

129 1640 214 1688 retur.
228 1631 297 1688 ltem
310 1630 365 1686 alia
379 1629 514 1686 nonnulla
526 1629 617 1685 eidem
628 1628 740 1700 praesuli
755 1626 937 1696 objiciuntur,
953 1622 1112 1710 Bemicuit‚
1128 1631 1159 1679 ut
1174 1630 1330 1679 coaetaneos
1359 1626 1387 1677 et
1412 1620 1627 1677 contubernales
1653 1618 1798 1690 sapientiae

128 1732 186 1780 tam
199 1724 235 1779 de
254 1721 430 1795 pactionibus
444 1738 551 1797 regum,
570 1721 706 1794 quamde
729 1718 938 1792 perturbatione
991 1715 1052 1771 luce
1079 1714 1202 1786 praeiret.
1220 1714 1299 1769 Nulla
1320 1713 1360 1769 illi
1384 1712 1552 1785 propensior
1561 1728 1627 1767 cura
1642 1727 1736 1783 quam,
1752 1717 1800 1766 aut
1870 1756 1873 1761 .

129 1814 238 1885 patriae,
266 1828 384 1887 quorum
402 1812 530 1884 quaedam
546 1811 667 1887 negavit,
683 1810 810 1882 quaedam
836 1821 939 1881 negare
990 1807 1018 1863 in
1033 1807 1154 1862 lectione
1167 1806 1211 1863 vel
1230 1820 1362 1861 sermone
1381 1806 1417 1860 dc
1437 1805 1503 1871 beo,
1520 1803 1602 1860 autin
1615 1804 1743 1860 oratione
1758 1802 1800 1859 lo-

129 1919 187 1959 non
201 1903 301 1975 potuit.
331 1901 363 1958 Et
387 1902 453 1957 dum
479 1902 622 1957 altercatio
638 1900 742 1956 diutius
768 1901 936 1960 traheretur,
989 1899 1037 1972 qui
1053 1914 1116 1954 cum
1131 1897 1376 1953 Deolrausitoria
1395 1895 1565 1968 despiciens,
1580 1904 1800 1951 etaternacou-

129 1995 220 2051 adluit
230 1995 312 2050 etiarn
340 1994 427 2049 abbas
443 1994 616 2066 Epiphanius
641 1993 764 2049 basilica
780 1992 869 2048 sancti
885 1990 939 2047 Re·
989 1991 1146 2063 cupisceus,
1175 1990 1264 2047 victus
1292 2004 1406 2060 pensam
1446 1988 1616 2060 pauperibus
1656 1987 1799 2063 erogabat,

126 2086 410 2163 migii,diceusquod
430 2084 486 2142 duo
498 2086 585 2142 millia
599 2101 758 2151 aureorum,
773 2084 938 2157 speciesque
990 2083 1140 2157 pauxillum
1155 2083 1210 2140 sibi
1230 2083 1362 2140 duntaxat
1388 2097 1542 2149 reservans,
1556 2083 1591 2137 ad
1612 2080 1800 2138 infirmitatem

128 2175 232 2232 multas
253 2190 305 2247 pro
328 2175 518 2233 conservanda
545 2173 692 2246 chilperici
718 2175 793 2250 regis
819 2172 941 2230 amicitia
990 2177 1116 2249 eorporis
1132 2177 1353 2234 sustentandam.

128 2266 204 2320 idem
221 2263 321 2336 ufaesul
350 2264 504 2336 aceeuissel
520 2282 526 2319 ³
544 2271 571 2320 θῑ
597 2280 659 2320 curn
682 2263 792 2336 legalis,
808 2262 856 2335 qui
877 2278 941 2318 cum
1027 2272 1068 2326 lta
1084 2270 1215 2326 virtutum
1234 2285 1364 2325 crescens
1379 2268 1511 2334 culmine,
1528 2266 1679 2322 solitariam
1695 2280 1800 2323 concu-

128 2355 266 2426 episcopo
279 2353 357 2409 missi
372 2352 491 2425 inerant,¹
504 2353 539 2409 ad
554 2360 736 2410 memoratum
755 2369 859 2429 regem,
876 2367 943 2424 pro-
993 2359 1074 2433 piscit
1087 2359 1181 2426 vitam,
1191 2358 1399 2434 fastigiumque,
1415 2358 1450 2413 ad
1463 2355 1799 2421 secretiushabitandum‚

128 2442 203 2512 l)alat
223 2442 296 2498 ΜΘΝ
321 2442 419 2510 abbas,
439 2442 559 2515 qualiter
581 2442 616 2498 de
645 2442 753 2499 excidit)
775 2441 900 2518 1'03101118
912 2457 944 2497 ³0
993 2449 1117 2523 contigui
1132 2449 1231 2525 deligit
1245 2448 1358 2514 montis,
1375 2449 1403 2503 in
1417 2463 1472 2521 quo
1487 2448 1613 2504 cellulam
1630 2463 1692 2502 cum
1706 2454 1800 2503 orato-

127 2532 203 2606 regis
217 2531 369 2588 Gontranni
381 2542 548 2589 conventum
573 2532 674 2599 luerat,
689 2541 757 2589 etut
771 2542 880 2607 gestum
902 2539 945 2587 est
993 2537 1035 2593 rio
1046 2538 1192 2606 construit,
1215 2535 1270 2593 'ubi
1299 2537 1416 2592 liberius
1444 2535 1549 2592 caelesti
1565 2535 1721 2591 deserviret
1735 2549 1803 2590 cou-

127 2642 160 2681 cx
174 2626 275 2684 ordine
289 2635 391 2683 narrat.
410 2628 474 2682 llaec
488 2627 636 2683 audientes
653 2627 790 2699 episcopi,
807 2634 835 2682 et
846 2626 943 2681 intare
994 2627 1176 2698 templatioui.
1197 2629 1228 2682 ln
1239 2643 1291 2700 qua
1304 2625 1469 2682 inclusionis
1482 2624 1653 2681 habitatione
1666 2640 1717 2696 per
1728 2640 1801 2697 qua·

129 2717 166 2772 tis
191 2716 273 2772 malis
287 2718 461 2774 sacerdotem
491 2716 599 2774 bomini
624 2725 799 2782 contuentes,
818 2716 942 2772 triduani
994 2720 1244 2796 dragintatraditur
1258 2735 1347 2777 anuos
1360 2720 1417 2775 lieo
1434 2718 1576 2783 militasse,
1590 2724 1617 2772 et
1632 2725 1728 2774 contra
1739 2732 1803 2773 ser·

128 2806 265 2877 temporis
279 2807 398 2878 spatium
421 2809 607 2879 deprecantur
620 2807 776 2863 tractandi:
794 2807 902 2864 scilicet
913 2815 944 2864 ut
994 2815 1087 2884 pehtis
1095 2813 1204 2885 antiqui
1232 2820 1401 2869 tentamenta
1419 2811 1538 2868 viriliter
1550 2811 1709 2878 dimicasse,
1727 2809 1804 2881 jeju·

130 2895 218 2951 ullum
235 2896 351 2952 modum
362 2897 487 2968 reperire
513 2907 610 2969 posset
634 2898 783 2970 episcopus
798 2913 943 2971 perquem
994 2907 1071 2972 niis,
1101 2903 1308 2976 eleemosynis,
1335 2902 1464 2978 vigiliis,
1494 2901 1690 2968 orationibus,
1720 2906 1804 2973 atque

129 3003 160 3042 se
175 2987 211 3042 ab
224 2988 343 3058 objectis
354 3004 488 3046 excusare
502 2991 616 3046 valeret.
635 2990 688 3046 Sed
707 2990 886 3046 illucescente
896 2989 942 3045 die
992 2997 1161 3054 lectionibus
1180 2996 1373 3053 indesinenter
1390 3010 1502 3062 vacans,
1528 3000 1555 3050 et
1569 2992 1604 3049 ad
1619 2991 1806 3049 sevenicntes

127 3078 221 3144 tertia,
236 3078 436 3134 couvenientes
467 3078 496 3134 iu
523 3079 669 3136 ecclesiam
688 3080 860 3155 interrogant
880 3080 944 3152 epi·
958 3041 983 3112 C
996 3087 1129 3145 doctrinae
1149 3095 1251 3144 sancire
1266 3088 1329 3143 tuce
1340 3085 1525 3157 perfundens,

127 3181 257 3237 scopum,
270 3174 301 3223 ut
313 3167 451 3240 sialiquid
467 3169 654 3225 excusationis
666 3168 793 3237 haberet,
810 3169 943 3226 ediceret.
1032 3176 1163 3232 Dumhic
1192 3175 1410 3248 igituralmilica
1434 3172 1645 3231 conversatione
1670 3172 1805 3238 decertat,
1881 3223 1889 3229 .

130 3262 164 3316 At
179 3261 228 3315 ille
252 3261 384 3318 contusus
399 3263 456 3319 ait:
475 3283 488 3313 r
513 3263 552 3317 hd
577 3263 743 3320 sententiam
760 3264 880 3319 dandam
898 3280 945 3320 su·
996 3270 1100 3341 placuit
1114 3285 1243 3341 supernae
1258 3268 1490 3341 pietativirtutem
1503 3265 1545 3321 sui
1558 3264 1654 3320 militis
1669 3262 1808 3319 evidenti-

133 3369 185 3424 per
197 3351 368 3425 culpabilem
387 3370 422 3410 ne
445 3355 603 3411 moramini.
619 3355 685 3411 llam
701 3371 753 3430 ego
769 3357 833 3413 nori
846 3372 891 3413 me
906 3356 943 3413 ob
995 3358 1048 3414 bus
1062 3358 1211 3414 ostendere
1239 3358 1328 3431 signis
1365 3358 1442 3423 Nam,
1475 3360 1572 3411 orante
1591 3353 1650 3420 illo,
1676 3351 1809 3408 [lominus

132 3442 243 3497 criraen
270 3444 514 3515 mstjffllalisreum
543 3459 604 3501 0⁸³³
629 3445 736 3511 mollis,
767 3445 815 3517 qui
836 3460 948 3518 semper
998 3451 1135 3524 aquamei
1155 3451 1257 3507 montis
1281 3451 1310 3505 in
1337 3449 1439 3506 vertice
1467 3447 1596 3520 produxit
1612 3461 1626 3501 e
1642 3445 1730 3514 silice¹
1746 3459 1808 3517 qua

133 3543 233 3589 contra
246 3535 393 3592 utilitatem
413 3536 496 3607 huJus
515 3537 599 3611 regis,
629 3537 780 3609 matrisque
806 3537 866 3605 ejus
879 3537 947 3610 egi,
999 3541 1050 3597 sub
1066 3541 1154 3597 sancti
1170 3540 1299 3612 sepulcro
1324 3539 1411 3595 lertur
1434 3538 1557 3606 exsilire,
1573 3553 1605 3593 ac
1623 3552 1672 3607 per
1682 3533 1809 3590 ecclesiae

133 3640 166 3680 ac
183 3639 234 3695 per
251 3641 343 3681 meum
368 3627 517 3683 eonsilium
538 3627 624 3683 multa
652 3626 739 3683 luisse
764 3635 844 3702 gesta
859 3636 948 3684 certa-
999 3630 1179 3688 fundamenta
1194 3630 1272 3704 quasi
1287 3630 1322 3686 de
1345 3630 1528 3686 vasculcsesc
1544 3627 1723 3700 profundere,
1738 3627 1808 3682 hau·

133 3715 301 3786 minanam,
317 3718 420 3791 quibas
434 3719 568 3775 nonnulla
583 3719 733 3775 Galliarum
747 3720 809 3776 loca
821 3720 949 3793 depopu·
999 3727 1043 3775 stu
1058 3721 1158 3788 dulcis,
1171 3729 1199 3776 et
1211 3721 1246 3776 ad
1269 3721 1421 3792 potandum
1445 3718 1574 3775 salubris.
1586 3719 1624 3773 De
1639 3732 1694 3790 quo
1709 3713 1810 3771 rideli-

133 3806 192 3862 lata
205 3815 281 3864 sunt.
299 3807 387 3864 vilae
397 3807 523 3880 episcopi
544 3807 701 3874 audientes,
725 3825 757 3866 ac
766 3810 949 3866 lamentantes
999 3819 1043 3867 cet
1063 3810 1139 3867 fonte
1161 3809 1241 3865 multi
1260 3809 1410 3865 sanitatum
1442 3806 1576 3876 remedia,
1605 3813 1743 3876 potantes,
1765 3801 1810 3859 vel

131 3895 229 3951 fratris
255 3895 451 3968 opprobrium,
465 3896 580 3953 obtenta
598 3897 664 3965 vita,
686 3897 778 3969 ipsum
796 3897 830 3953 ab
849 3898 947 3954 ordine
999 3902 1107 3958 balneis
1122 3908 1243 3970 utentes,
1258 3918 1307 3956 seu
1321 3901 1413 3973 capita
1434 3899 1585 3965 diluentes,
1601 3902 1811 3968 consequuntur

131 3987 313 4055 sacerdotali,
340 3988 419 4045 lectis
433 4004 572 4045 canonum
601 3987 804 4056 sanctionibus,
819 4003 947 4044 remove·
999 3992 1107 4065 aegroti.

134 4084 202 4133 runt
229 4077 281 4143 itui
296 4077 388 4134 statim
403 4078 438 4133 ad
464 4080 727 4154 Argentoratensem
742 4077 853 4147 urbem,
864 4092 947 4150 quam
1035 4083 1158 4149 Quodam
1173 4083 1296 4155 denique
1317 4091 1453 4154 tempore,
1469 4095 1533 4136 cum
1547 4095 1618 4152 puer
1628 4077 1741 4151 quidam
1751 4075 1810 4149 pri-

134 4182 214 4222 nnnc
228 4167 438 4242 Slffllebllrssum
464 4176 573 4234 V00³11b
594 4168 731 4225 deductus
759 4167 857 4223 exsilio
881 4180 951 4222 0011-
999 4179 1079 4228 vatus
1093 4171 1237 4228 oculorum
1260 4171 1295 4226 ab
1324 4178 1405 4226 aetate
1420 4170 1551 4242 primaeva
1566 4165 1813 4240 luminalunegi·

133 4258 351 4314 demmlusesl·
384 4258 415 4313 ¹¹¹
429 4257 508 4327 ⁰¹¹l¹¹⁸
532 4257 594 4314 ¹0⁰⁰
618 4256 761 4313 R⁰ffllllf11⁵
787 4256 863 4312 filius
877 4255 949 4328 Lupi
1000 4262 1523 4331 selusnomine,anteferesexcubaret
1538 4257 1811 4333 ipsiusduodacimo

134 4347 230 4416 ducis,
241 4347 299 4417 jam
323 4348 488 4421 presbyterii
509 4349 614 4405 honore
639 4348 783 4419 preditus,
800 4347 950 4419 episeopus
1000 4334 1051 4408 suo
1075 4352 1206 4409 cecitatis
1232 4368 1315 4421 anno,
1345 4352 1423 4424 lapsa
1448 4351 1549 4407 virtute
1571 4349 1691 4415 coelitus,
1715 4353 1813 4404 orante

133 4440 305 4514 subrogatus
328 4448 380 4509 est,
408 4441 563 4513 Epiphanio
588 4439 622 4495 ab
646 4439 755 4496 abbatis
781 4438 885 4507 allicio,
901 4415 1061 4510 quiDviro
1074 4441 1123 4496 liei
1151 4441 1264 4496 luminis
1290 4449 1332 4497 est
1346 4442 1453 4499 honere
1471 4442 1601 4497 donatus.
1618 4437 1697 4505 Quod
1712 4437 1812 4494 divinae

135 4532 263 4589 basilica
288 4534 376 4590 sancti
403 4533 523 4608 Remigii
555 4542 690 4605 preerat,
720 4540 836 4588 remoto.
867 4530 950 4587 llulta
1000 4533 1134 4589 claritatis
1151 4534 1316 4590 miraculum
1332 4534 1539 4605 comperientes
1553 4531 1694 4598 monachi,
1705 4527 1814 4605 maguis

133 4623 215 4678 enirn
247 4624 307 4678 auri
336 4623 502 4697 argentique
533 4623 667 4693 inhujus
698 4621 823 4694 episcopi
840 4628 950 4694 regesto
1000 4625 1151 4700 gratiarum
1167 4625 1324 4682 actionibus
1353 4627 1439 4681 ileum
1461 4623 1657 4700 glorificantia
1673 4619 1811 4680 clarifica·

135 4712 267 4785 pondera
284 4720 350 4770 sunt
364 4722 484 4786 reperta.
501 4713 567 4778 Quae
575 4721 667 4769 autem
682 4711 718 4767 de
734 4711 781 4766 illa
795 4709 952 4783 iniquitatis
1002 4714 1078 4770 tione
1089 4711 1183 4769 fidelis
1196 4714 1269 4770 servi
1285 4715 1340 4770 sui.

134 4803 240 4860 militia
259 4814 347 4874 eraut,
375 4805 516 4881 regalibus
540 4805 679 4862 thesauris
692 4811 757 4860 suut
769 4803 844 4859 illata
862 4820 870 4869 ;
887 4819 951 4875 quae
1038 4805 1145 4862 decidit
1157 4806 1240 4863 etiam
1256 4806 1526 4879 quodamvenatore,
1546 4806 1629 4862 Attila
1648 4804 1771 4872 nomine,
1784 4803 1813 4858 in

137 4909 209 4949 vero
224 4892 260 4949 de
275 4892 399 4962 tributis,
417 4900 465 4949 aut
491 4893 600 4968 reliqua
628 4893 735 4952 ratione
764 4891 895 4950 Ecclesia
909 4891 954 4946 in·
1003 4893 1074 4949 saltu
1085 4895 1145 4964 ejus
1156 4895 1264 4951 cellulae
1276 4895 1513 4967 coutinuoaptum
1524 4895 1704 4967 insequente,
1719 4899 1749 4950 ut
1766 4908 1815 4949 us-

138 4994 227 5043 aenta
239 4995 315 5052 sunt,
331 4986 372 5043 ibi
382 4986 487 5045 relicta.
1006 5001 1061 5059 que
1071 4987 1105 5041 ad
1130 4987 1221 5059 ipsius
1241 4988 1418 5059 praesentiam
1433 4988 1492 5044 iera
1506 4989 1676 5059 perveniret,
1690 4993 1719 5042 et
1732 4985 1812 5059 quasi

468 5078 574 5135 CAPUT
588 5079 635 5135 ΙΙΙ.
1006 5075 1179 5132 liberandam
1200 5092 1230 5133 se
1245 5094 1295 5149 per
1321 5077 1413 5150 ipsum
1437 5079 1564 5148 credens,
1581 5078 1616 5133 ad
1630 5077 1717 5149 pedes
1741 5076 1812 5146 ejus,

415 5175 453 5228 Dc
471 5175 564 5228 sonmo
582 5172 687 5227 Recolo
878 5209 884 5219 ,
1007 5168 1134 5241 deposita
1148 5169 1267 5238 leritate,
1294 5172 1501 5243 procumberet,
1526 5186 1666 5243 canesque
1678 5166 1813 5225 naturalis

182 5264 269 5335 liujus
295 5262 384 5338 Rgidii
398 5272 524 5335 tempore
539 5269 650 5319 sauctus
664 5260 773 5318 bomini
784 5261 909 5331 Basolus,
923 5276 957 5317 ex
1007 5260 1328 5337 oblitisagacitatis,eam
1339 5264 1449 5337 insequi
1459 5270 1614 5336 parcerent.
1624 5262 1729 5318 llxiude
1739 5274 1811 5326 mos,

144 5357 286 5414 territorio
311 5357 499 5425 lemovicino,
524 5355 638 5430 regione
662 5355 851 5422 armoricana,
868 5353 955 5411 nobili
1007 5350 1063 5407 imo
1078 5352 1289 5419 virtusdhristi‚
1316 5354 1351 5410 ad
1378 5356 1511 5412 honorem
1538 5353 1632 5410 dilecti
1650 5345 1812 5409 lamulisui‚

143 5449 278 5522 prosapia
293 5447 441 5517 oriundus,
456 5447 612 5520 apartibus
624 5446 789 5519 aquitania,
800 5445 956 5519 patrocinia
1005 5443 1096 5500 adhuc
1111 5444 1194 5501 modo
1207 5455 1342 5514 servatur,
1353 5455 1384 5503 ut
1406 5454 1532 5520 promota
1542 5447 1573 5520 [i.
1589 5441 1722 5517 permota]
1738 5452 1815 5510 quae-

142 5536 300 5593 beatissimi
318 5536 438 5613 Remigii
470 5535 696 5592 desiderabiliter
723 5544 870 5608 appetens‚
895 5535 953 5591 Re·
1005 5533 1075 5590 libet
1092 5535 1214 5604 venatio,
1231 5536 1253 5592 si
1275 5544 1419 5613 aggestum
1444 5537 1473 5592 in
1493 5536 1610 5593 circuitu
1628 5532 1704 5588 silrae
1726 5525 1816 5598 ipsius

143 5641 271 5684 mensam
284 5625 399 5685 devenit
426 5624 461 5682 ad
474 5625 586 5684 urbem.
609 5623 658 5681 Cui
687 5624 847 5683 advenienti
860 5636 954 5682 comes
1005 5626 1208 5697 prominentem
1237 5628 1321 5685 luerit
1349 5630 1482 5703 ingressa,
1513 5643 1565 5683 nec
1589 5636 1688 5679 canum
1698 5615 1817 5676 ulterius
