3840 6106
122 258 174 313 tst
445 253 1390 320 11310111111111111111115181111111111111-111
1423 254 1468 308 lll.
1737 254 1788 311 l58

118 388 188 435 tum.
215 381 348 447 Quocirca
376 381 502 451 primum*
521 380 633 453 quidem
664 380 766 437 domno
786 380 931 438 llinemaro
944 394 969 464 Α
982 381 1079 438 urbem
1095 395 1157 436 cum
1171 377 1233 433 aliis
1243 377 1291 450 qui
1304 385 1370 433 tunc
1384 377 1568 450 nequiverunt
1582 377 1680 433 adesse
1691 393 1790 433 conve·

119 472 260 526 mandaxit
292 472 396 539 (Nicon.
429 472 522 543 l‚ept'st
546 472 603 541 tt),
636 473 673 528 uti
703 480 932 529 commemoratos
983 471 1087 526 nimus.

120 565 205 630 siros,
219 563 364 619 vulfadum
379 565 494 633 scilicet,
506 564 685 640 collegasque
693 566 792 636 ipsius,
804 566 932 622 clementi
1020 583 1033 607 «
1053 558 1156 614 Seriem
1173 566 1410 630 rerumgestarum
1426 558 1460 613 de
1476 558 1579 613 Ebouis
1590 555 1728 630 quondam
1740 557 1791 613 Re·

121 655 216 710 animo
241 654 364 709 studeret
387 653 472 708 adse
495 671 634 723 revocare,
654 662 681 710 11
703 655 738 710 de
763 655 933 710 restitutione
983 665 1089 706 morum
1101 648 1301 719 archiepiscopi
1316 647 1560 719 depositione,sed
1569 648 1638 704 etde
1654 648 1741 720 ipsius
1750 666 1791 704 re·

122 747 247 817 ipsorum
264 760 358 799 secum
381 743 499 800 fffltel'sse
520 752 657 813 tractaret,
673 752 756 818 atque
777 747 933 802 misericor.
984 738 1135 806 stitutione,
1159 753 1210 793 HOC
1224 752 1280 793 110ss
1299 743 1326 791 61
1340 737 1375 792 (te
1393 735 1482 793 1181118
1497 736 1603 793 vulfadi
1621 753 1653 793 110
1671 737 1790 812 collega·

123 834 197 888 diter
216 848 410 888 consummare
429 834 620 890 contenderet.
641 835 767 906 Alioquin
787 835 822 891 ad
841 835 934 891 couci·
986 845 1046 886 rum
1074 831 1134 901 ejus
1153 829 1336 901 promotione,
1359 831 1458 901 etjam
1478 829 1544 884 dicti
1571 828 1673 885 Ebonis
1696 831 1791 904 iterata

122 925 190 981 lium
203 943 264 982 eum
281 926 325 980 bis
340 926 490 997 episcopis,
507 926 608 999 quibus
625 935 651 982 et
667 928 727 1000 ipse
741 942 850 1000 quoque
866 942 937 998 papa
987 925 1157 996 repulsione,
1172 926 1205 980 ad
1220 925 1358 997 aliamque
1367 924 1517 981 Ecclesiam
1527 921 1700 995 migratione,
1716 925 1790 981 unde

124 1034 175 1089 pro
190 1019 243 1074 boc
258 1018 318 1088 ipso
334 1018 482 1089 scripserat
493 1018 595 1088 tNrceu.
613 1020 635 1086 1,
646 1022 715 1091 epist
725 1019 771 1086 16,
783 1018 838 1087 tlt,
854 1017 936 1072 simul
986 1032 1002 1071 a
1028 1015 1110 1071 nobis
1135 1016 1303 1091 investigari,
1332 1023 1359 1071 et
1384 1014 1462 1071 vobis
1483 1012 1637 1069 remandari
1656 1013 1790 1082 iussistis,

123 1117 293 1175 occurreret,
309 1116 446 1181 quatenus
466 1125 563 1165 omnes
578 1111 606 1165 in
621 1126 706 1165 unum
726 1109 935 1176 convenientes,
987 1107 1051 1178 quia
1061 1107 1194 1164 hisnemo
1215 1116 1337 1164 nostrum
1348 1107 1376 1161 in
1387 1106 1483 1162 ordine
1494 1104 1646 1176 episcopali
1659 1088 1791 1171 interfuit,

123 1215 238 1254 causam
257 1198 418 1254 eorumdem
438 1198 601 1254 clericorum
621 1199 819 1265 examinarent,
838 1204 867 1251 et
881 1212 935 1252 non
987 1199 1040 1254 nisi
1057 1198 1139 1255 frater
1159 1200 1310 1256 Rotbaldus
1334 1199 1415 1270 (siout
1436 1214 1469 1253 ex
1489 1213 1583 1272 regum
1599 1205 1627 1251 et
1645 1197 1791 1268 episcopo-

123 1291 219 1362 aliqua
239 1296 399 1363 emergente
413 1288 626 1361 disceptatione,
643 1289 698 1344 fleo
713 1306 768 1360 prae
784 1288 872 1344 oculis
887 1288 936 1343 be·
986 1305 1046 1343 rum
1066 1289 1245 1345 monimentis
1270 1289 1317 1361 qui
1341 1287 1534 1352 interluemnt,
1555 1294 1582 1342 et
1604 1287 1715 1359 scriptis
1733 1286 1793 1341 suis

124 1371 937 1448 bito,diffinirent.Sixeroquaelibetinterpartesdiscepta·
987 1377 1105 1448 posteris
1132 1379 1312 1450 reliquerunt,
1346 1378 1464 1433 breviter
1494 1376 1668 1448 collegimus)
1696 1384 1793 1432 vestrae

126 1459 166 1515 tio
180 1463 349 1531 proveniret,
366 1464 400 1520 ad
414 1466 510 1521 sedem
520 1467 699 1538 apostolicam
715 1483 771 1522 suae
783 1465 936 1536 suscepturi
987 1466 1169 1521 sanctissimae
1184 1467 1339 1538 paternitati
1360 1474 1387 1522 et
1400 1465 1661 1539 praecellentissimae
1675 1463 1794 1519 auctori·

128 1550 253 1619 speciale
265 1552 400 1621 judicium
411 1570 548 1626 persouae,
564 1555 638 1612 vices
654 1562 780 1611 tenentes
795 1555 937 1627 utriusque
987 1557 1034 1613 tati
1052 1559 1271 1614 transmittimus.
1286 1559 1350 1625 Quae
1367 1566 1429 1614 ante
1449 1558 1580 1633 colligere
1599 1564 1627 1612 et
1640 1555 1793 1612 auctoritati

127 1640 224 1696 lateris
249 1646 438 1702 convenirent.
465 1649 497 1702 11
524 1649 572 1703 llei
600 1649 694 1724 gratiae
718 1649 859 1719 juvamine
887 1648 938 1705 boc
988 1656 1084 1705 vestrae
1096 1651 1215 1725 dirigere
1226 1652 1477 1708 necessariumnon
1488 1650 1793 1724 putarimus,quoniam

125 1737 241 1799 peracto
258 1732 375 1802 judicio,
395 1735 502 1790 intimat
523 1752 553 1792 se
577 1737 681 1792 litteras
700 1737 858 1808 suscepisse
881 1753 938 1791 am·
989 1739 1059 1793 sicut
1073 1739 1152 1794 vobis
1170 1757 1220 1812 per
1240 1741 1381 1815 figilonem
1406 1740 1592 1796 venerabilem
1607 1739 1794 1810 archiepisco·

126 1823 283 1895 plectendae
316 1823 472 1879 dilectionis
501 1825 635 1893 omnium,
666 1827 713 1898 qui
744 1826 937 1896 iuterfuerunt,
989 1843 1054 1897 pum
1070 1828 1171 1899 scripto
1191 1829 1382 1904 suggessimus
1401 1829 1617 1901 inquonullam
1633 1829 1793 1885 memoriam
1867 1846 1873 1860 ¹

128 1915 338 1986 episcopomm,
375 1914 602 1971 manifestissime
639 1916 836 1992 significantes,
879 1936 938 1976 cre·
989 1917 1023 1972 de
1046 1935 1211 1992 quacunque
1235 1920 1338 1976 libonis
1362 1922 1536 1993 depositione
1557 1921 1714 1987 imbuimus,
1743 1936 1795 1976 nec

127 2003 179 2057 bro
212 2011 380 2060 memoratos
414 2004 530 2062 clericos
555 2022 571 2060 a
605 2008 688 2063 totius
714 2024 837 2064 consona
872 2025 938 2065 voce
990 2006 1085 2063 baberi
1106 2015 1170 2065 tunc
1191 2012 1378 2066 necessarium
1399 2012 1529 2080 vidimus,
1552 2013 1634 2068 nobis
1650 2013 1678 2067 in
1699 2027 1794 2067 eorum

126 2096 241 2150 concilii
268 2096 368 2171 dignos
391 2096 526 2172 graduum
556 2113 667 2154 suorum
695 2102 852 2173 receptione
875 2116 939 2172 pro·
990 2093 1100 2151 fratrum
1118 2098 1289 2154 restitutione
1304 2115 1359 2156 non
1374 2101 1485 2172 quidem
1500 2103 1729 2174 disceptantibus,
1744 2118 1818 2158 uee=

129 2187 283 2243 nuntiatos.
311 2187 360 2243 Ubi
388 2189 463 2244 nulla
491 2189 571 2260 (sicut
598 2190 627 2245 iu
654 2191 752 2248 litteris
778 2196 938 2251 eorumdem
989 2187 1042 2241 11111
1063 2194 1145 2260 atque
1165 2188 1218 2242 1111
1237 2188 1462 2258 decernentibus,
1490 2191 1538 2247 ssd
1559 2209 1644 2247 unum
1664 2192 1795 2263 idemque

128 2278 326 2349 episcoporum
365 2279 562 2352 reperiebatur)
596 2282 759 2354 disceptatio
795 2287 938 2356 prot-enit,
989 2277 1142 2332 secundum
1163 2279 1336 2336 traditionem
1363 2283 1508 2352 matorum,
1534 2299 1615 2353 quam
1636 2281 1796 2337 discretioni

128 2367 208 2420 nulla
235 2367 305 2423 sicut
334 2376 458 2441 putatum
492 2368 590 2439 fuerat,
623 2373 741 2428 varietas
767 2373 821 2429 elia
857 2380 939 2446 atque
989 2375 1086 2423 vestrae
1107 2370 1233 2426 intimare
1252 2374 1418 2442 curavimus,
1439 2375 1633 2442 sentientibus
1654 2390 1724 2447 quos
1739 2388 1795 2429 nou

127 2466 182 2519 alia
219 2461 428 2519 defendentium
468 2464 596 2533 accidit,
638 2466 730 2522 nultus
768 2473 938 2534 aecusator,
990 2461 1115 2530 procacia
1129 2462 1265 2519 obnoxios
1280 2463 1354 2532 fecit,
1375 2466 1424 2521 sed
1439 2466 1598 2523 obedientia
1613 2464 1796 2539 inculpabiles

127 2555 224 2609 nultus
238 2554 438 2611 condemnator
447 2561 573 2625 repertus
588 2562 639 2624 est,
652 2557 701 2611 scd
714 2563 874 2612 cunctorum
884 2571 939 2611 una
990 2549 1319 2623 turdeptiouesacrorum
1327 2556 1473 2628 graduum,
1486 2556 1562 2625 juxta
1577 2554 1795 2609 sincerissimum

125 2647 284 2718 eademque
307 2647 551 2721 sententiamque
575 2649 602 2703 in
625 2649 796 2705 restitutione
816 2650 937 2720 ipsorum
988 2643 1132 2697 sententiae
1148 2651 1245 2701 restrae
1261 2644 1430 2700 intellectum
1451 2644 1567 2711 induxit,
1587 2644 1648 2700 sine
1662 2647 1797 2702 contradi·

124 2739 259 2795 diffinitio
273 2740 410 2805 claruerit,
422 2740 528 2796 eisdem
541 2741 852 2796 innoxiisacunctorum
868 2756 936 2796 una·
988 2733 1079 2791 rtioue
1104 2736 1131 2790 tu
1155 2737 1213 2792 suis
1233 2736 1379 2792 Ordinibus
1400 2737 1544 2792 restituere
1570 2745 1796 2806 maturassemus,

126 2824 253 2880 nimitate
277 2826 367 2881 modis
390 2827 521 2881 omnibus
549 2827 719 2899 approbatis.
750 2828 937 2898 Reprelrendit
988 2826 1042 2880 nisi
1062 2827 1212 2901 privilegiis
1232 2835 1332 2884 sanctae
1348 2829 1477 2885 Romanae
1496 2830 1583 2896 sedis,
1604 2847 1652 2902 per
1671 2846 1797 2886 reveren-

127 2922 222 2970 antem
239 2922 267 2971 et
281 2917 333 2973 boc
346 2932 457 2990 queque
473 2917 619 2975 concilium
635 2917 764 2990 praefatus
777 2935 849 2990 papa
863 2919 939 2975 Nico
987 2917 1053 2972 dum
1067 2919 1232 2976 confratrem
1242 2928 1364 2976 nostrum
1376 2921 1797 2995 llincmarumarebiepiscopum

127 3008 250 3078 laus(cp.
262 3008 317 3076 tot,
333 3010 407 3081 quod
424 3026 478 3066 non
490 3011 764 3079 solemniteromnia,
777 3013 853 3082 juxta
864 3012 938 3085 quod
990 3015 1089 3064 nostrae
1105 3009 1294 3065 unanimitatis
1306 3011 1499 3083 prolatisque
1510 3011 1545 3067 de
1561 3011 1628 3082 ipsis
1640 3011 1705 3065 airis
1721 3024 1797 3081 (1111-

126 3094 190 3166 ipse
201 3094 379 3165 diffiniverat,
395 3099 513 3173 egerint,
530 3100 590 3154 sedi
605 3100 763 3170 apostolicae
777 3101 859 3172 plena
872 3068 1053 3156 rela-Cdam
1083 3108 1247 3171 statuerunt,
1285 3104 1380 3159 debita
1420 3105 1573 3160 reverentia
1609 3103 1795 3159 exhiberetur.

127 3185 204 3239 tione
226 3185 343 3241 actionis
364 3187 463 3242 seriem
485 3197 651 3245 reserantes.
678 3190 823 3257 Debuisse,
850 3191 939 3258 aiens,
990 3194 1109 3259 Quorum
1144 3210 1261 3263 summa,
1300 3196 1431 3267 perfecta,
1469 3204 1496 3251 et
1533 3196 1639 3270 integra
1673 3194 1796 3260 firmitas,

126 3277 265 3351 quidquid
276 3277 423 3335 delibonis
438 3281 605 3350 dejectione,
617 3270 812 3339 reclamatione
826 3285 939 3352 illicet,
991 3293 1020 3342 ut
1047 3286 1144 3341 claruit
1166 3292 1193 3342 11
1216 3287 1321 3357 justum
1342 3295 1393 3355 est,
1417 3289 1445 3342 in
1473 3289 1631 3360 apostolicae
1656 3288 1732 3343 sedis
1753 3304 1797 3342 re·

127 3371 427 3444 relegationel,borum
439 3373 601 3430 clericorum
615 3376 799 3445 promotione,
815 3382 842 3432 et
852 3376 940 3448 ipsius
991 3391 1098 3439 servata
1121 3389 1179 3438 erat
1207 3381 1319 3437 arbitrio
1348 3383 1512 3452 potestatis:
1541 3396 1714 3453 quorumque
1742 3381 1798 3452 pri·

129 3462 236 3517 1110111
264 3462 359 3518 iterata
380 3465 550 3536 repulsione,
573 3469 607 3522 ad
627 3467 764 3542 aliamque
791 3471 940 3528 Ecclesiam
992 3477 1153 3552 vilegiorum
1167 3476 1339 3532 authenticas
1362 3476 1481 3542 cburtas,
1504 3491 1565 3531 cum
1590 3473 1673 3529 salvis
1688 3473 1798 3548 sigillis,

129 3550 307 3624 migratione,
320 3552 363 3607 111
378 3552 564 3625 undecunque
580 3553 618 3609 1111
637 3556 711 3627 quud
726 3556 885 3612 ventilatum
901 3565 943 3613 est
992 3572 1019 3621 et
1037 3557 1202 3637 incorruptis
1229 3565 1371 3637 seripturis
1391 3564 1464 3620 idem
1490 3564 1628 3620 confrater
1646 3570 1674 3618 et
1699 3579 1799 3620 consa-

128 3644 154 3697 ei
170 3643 276 3714 scripto
297 3645 473 3709 unanimiter,
488 3647 607 3718 pleniter
622 3664 655 3703 ac
669 3646 788 3706 fideliter
802 3651 940 3707 intimare.
992 3659 1090 3715 eerdos
1112 3667 1216 3726 noster,
1235 3674 1291 3714 non
1305 3658 1339 3712 ad
1362 3659 1553 3730 praedictorurn
1580 3656 1690 3712 fratrum
1714 3672 1800 3711 nocn-

128 3737 183 3792 Sed
198 3744 226 3792 et
240 3736 417 3793 monimentis
438 3737 571 3793 insertum
590 3741 624 3813 ad
646 3740 796 3811 pleniorem
812 3759 898 3813 penes
911 3760 943 3800 se
993 3754 1127 3815 mentum,
1142 3763 1233 3819 neque
1256 3748 1291 3802 ad
1304 3746 1387 3801 ullam
1408 3745 1665 3811 contradictionem,
1686 3744 1736 3798 sed
1765 3745 1800 3799 ad

128 3828 256 3884 notitiam
280 3834 308 3882 et
324 3828 517 3884 certitudinem
543 3846 694 3888 reservare.
715 3832 846 3906 Praecepit
865 3850 941 3911 ergo,
993 3836 1113 3892 debitam
1144 3835 1324 3889 reuerentiam
1352 3832 1413 3888 sedi
1439 3832 1608 3903 apostolicae,
1632 3837 1661 3885 ut
1685 3831 1799 3903 dignum

132 3929 161 3975 ut
176 3936 352 3991 quaecunque
368 3937 453 3993 super
468 3923 518 3977 lrac
533 3939 562 3978 re
577 3925 690 3995 scripta,
705 3932 786 3981 tame
802 3927 868 3983 sede
879 3944 944 4000 apo-
993 3933 1045 3992 est,
1058 3922 1253 3990 exhibendam,
1269 3921 1401 3988 ostendit,
1416 3937 1477 3976 cum
1493 3919 1579 3994 gestis
1594 3919 1799 3990 cpiscoporum,

132 4011 244 4076 stotiea,
268 4025 351 4082 quam
378 4027 394 4065 a
415 4011 583 4067 nostratibus
605 4014 679 4069 edita
704 4017 884 4087 reperiuntur,
914 4025 941 4074 et
993 4034 1108 4091 quorum
1130 4022 1260 4072 resecta
1282 4014 1424 4087 relegisse,
1450 4021 1477 4069 et
1501 4013 1619 4086 qualiter
1643 4011 1800 4085 praesignati

132 4102 207 4175 quod
223 4101 290 4156 hinc
311 4102 411 4172 praesul
431 4104 603 4174 llincmarus,
626 4115 653 4162 11
670 4108 709 4162 itti
725 4109 824 4179 deJ'eeti
848 4111 940 4167 clerici
990 4103 1081 4159 clerici
1114 4106 1256 4180 degradati
1281 4104 1383 4159 luerint
1410 4103 1558 4176 reperisse,
1586 4101 1668 4158 nobis
1694 4101 1801 4172 aperire

132 4195 192 4250 sedi
206 4195 367 4267 apostolicae
383 4198 572 4272 suggesserint
586 4207 668 4272 atque
680 4202 831 4271 retulerint,
848 4204 875 4258 in
890 4219 940 4260 ro.
991 4197 1095 4270 dignati
1106 4197 1183 4253 estis.
1197 4196 1302 4263 Quibus
1318 4211 1373 4252 non
1384 4196 1558 4268 subscripsit,
1575 4195 1639 4267 quia
1649 4201 1676 4249 et
1687 4194 1801 4249 eosdem

132 4286 227 4343 lumen
242 4303 340 4355 unum,
355 4289 453 4343 ordine
469 4306 524 4362 quo
544 4292 630 4347 missa
648 4301 722 4360 sunt,
739 4295 939 4371 redigerentur,
992 4287 1087 4343 fratres
1102 4303 1152 4344 suo
1161 4288 1267 4357 judicio
1283 4302 1338 4342 non
1354 4287 1464 4356 deJecit,
1481 4288 1551 4343 sicut
1564 4285 1643 4341 vobis
1656 4292 1683 4340 et
1697 4285 1804 4356 ipse,et

133 4379 327 4450 etapostoliore
339 4380 410 4445 sedi,
420 4382 624 4453 exemplaribus
637 4384 689 4439 sibi
701 4387 855 4452 reservatis,
868 4404 941 4443 sum·
993 4394 1043 4434 uus
1061 4379 1235 4450 scripsimus,
1252 4387 1279 4435 11
1292 4386 1369 4454 gesta
1388 4379 1449 4451 tusu
1469 4379 1669 4443 demonstrant,
1685 4382 1712 4431 11
1731 4376 1803 4431 11111

133 4487 177 4526 mo
200 4472 295 4527 studio
314 4473 487 4547 dirigeretur.
513 4474 544 4528 Et
567 4475 590 4530 si
616 4477 651 4532 de
679 4485 778 4533 cantero
799 4479 864 4551 quid
887 4479 941 4535 tale
990 4488 1045 4542 tam
1068 4472 1249 4527 sanctissimae
1264 4472 1419 4544 paternitati
1435 4478 1532 4526 vestrae
1552 4469 1753 4543 suggessimus,
1770 4468 1799 4522 iu

133 4562 201 4618 forte
216 4565 364 4638 contigerit
378 4564 502 4630 evenire,
519 4569 720 4641 propterquod
735 4576 900 4626 conventum
916 4571 944 4626 iu
994 4560 1119 4628 ejusdem
1135 4561 1173 4617 rei
1189 4562 1299 4635 negotio
1313 4559 1518 4617 decertantibus
1532 4565 1559 4615 et
1572 4559 1697 4630 quaedam
1714 4555 1802 4612 dello-

135 4656 296 4737 regroniels
310 4658 352 4713 ms
370 4658 430 4716 nen
445 4663 619 4718 sacerdotum
635 4662 786 4734 praeciptat,
804 4663 856 4718 noc
873 4663 944 4719 inter
994 4651 1128 4720 rantibus,
1145 4658 1307 4709 1111111
1328 4651 1540 4708 ruminantibus
1557 4650 1648 4718 nobis,
1663 4663 1698 4705 eo
1713 4663 1802 4720 usque

135 4756 232 4804 catera
247 4749 315 4805 nulli
329 4753 440 4822 penitus
461 4755 594 4811 oblivioni
610 4756 728 4820 tradant,
745 4755 794 4811 sed
812 4763 873 4827 post
886 4772 943 4811 om·
992 4759 1103 4800 causam
1121 4745 1311 4816 perduximus,
1327 4752 1356 4799 ut
1371 4744 1547 4801 solummodo
1561 4742 1740 4818 magisteriali
1755 4757 1802 4798 111·

136 4840 176 4894 nia
191 4841 219 4893 id
238 4857 322 4914 agere
343 4843 475 4912 majorum
491 4860 567 4900 more
585 4845 789 4900 studiosissime
807 4852 941 4920 satagant,
994 4843 1050 4892 stro
1061 4838 1175 4893 culmini
1187 4853 1281 4893 eorum
1300 4838 1488 4912 assignaretur
1505 4836 1651 4903 restitutio,
1671 4835 1803 4891 attribue·
1899 4843 1903 4863 ¹

138 4936 285 4985 etcaetera.
994 4937 1067 4985 retur
1094 4929 1262 4998 reformatio,
1282 4930 1466 4986 ascriberetur
1491 4930 1695 5003 redintegratio.
1724 4929 1833 5007 Undeo

166 5021 305 5076 tramissi
316 5022 437 5094 denique
452 5026 561 5082 concilii
573 5028 717 5098 praesuleS,
729 5027 887 5098 apostolicae
898 5042 942 5083 se·
994 5031 1090 5094 postea
1115 5026 1282 5081 unanimitas
1307 5032 1400 5081 nostra
1428 5025 1455 5079 in
1480 5039 1673 5096 quamcunque
1697 5029 1802 5094 partem

137 5108 173 5163 dis
192 5111 360 5166 obedientes
374 5116 532 5186 preceptis.
551 5116 676 5170 ordinem
699 5123 941 5190 rerumgestarum
993 5130 1049 5168 non
1069 5115 1229 5183 declinavit,
1250 5115 1301 5171 etsi
1322 5115 1433 5188 quidam
1453 5130 1619 5186 quacunque
1637 5113 1801 5169 necessitate

137 5195 166 5250 de
179 5198 286 5256 libonis
300 5202 467 5271 deiectione,
479 5204 522 5258 vel
539 5204 721 5271 restitutione,
738 5204 888 5276 iterataque
903 5218 944 5258 re·
994 5204 1094 5260 exinde
1105 5203 1186 5259 nobis
1207 5205 1409 5272 ignorantibus,
1426 5205 1603 5259 diverterunt.
1623 5202 1736 5275 Egimm
1752 5200 1802 5254 ita-

137 5292 941 5370 pulsieneoolligentes,eidemrenerabilipapaemiserunt,
994 5312 1048 5367 que
1075 5303 1155 5368 prout
1174 5297 1335 5367 potuimus,
1356 5297 1382 5351 in
1409 5297 1549 5352 succincta
1577 5294 1740 5351 collectione
1767 5291 1802 5345 de

137 5377 294 5451 hujusmodi
307 5387 486 5458 praeferentes
499 5389 664 5460 epistolam:
993 5389 1079 5465 gestis
1094 5405 1183 5444 rerum
1198 5396 1224 5444 et
1239 5389 1433 5462 episcoporum
1449 5405 1483 5445 ex
1500 5405 1583 5445 causa
1596 5387 1709 5453 libonis,
1726 5392 1753 5440 et
1771 5389 1801 5438 ut

169 5496 183 5523 ι
206 5475 451 5533 Resereudissimo
464 5484 491 5531 et
514 5477 690 5533 sanctissimo
703 5476 805 5531 domno
824 5474 944 5530 Patriae
993 5479 1165 5552 praecepistis
1184 5487 1281 5535 testrep,
1296 5481 1450 5536 auctoritati
1466 5480 1686 5536 transmittimus.
1704 5499 1716 5522 .
1736 5474 1800 5528 Post

120 5564 496 5639 Ι1111111111111111111011
513 5566 560 5638 qui
575 5565 713 5638 praeterito
728 5581 801 5620 anno
818 5579 868 5634 per
880 5578 942 5637 gru·
994 5569 1090 5623 barum
1115 5584 1179 5623 vero
1208 5584 1297 5623 rerum
1320 5576 1459 5644 gestarum
1486 5570 1610 5625 ordinem
1632 5565 1798 5634 descriptum

133 5656 194 5712 tiam
216 5655 266 5710 Dei
289 5661 317 5712 et
340 5655 480 5713 decretum
508 5665 628 5713 vestrum
656 5659 729 5731 apud
749 5658 941 5715 suessonicam
994 5657 1031 5713 ita
1041 5656 1254 5727 subjunxerant:
1269 5681 1282 5705 «
1299 5658 1361 5713 11111
1373 5658 1443 5713 sicut
1454 5656 1632 5726 restratussit
1642 5651 1798 5718 auctoritas,
