3840 6106
119 274 173 333 535

501 242 685 319 aroannam
706 261 858 321 caucum
878 255 1043 315 tanausis
1062 255 1231 313 croscum
1249 255 1404 313 uaratca

1742 259 1793 318 aad

119 401 173 457 Sed
189 414 280 471 neque
290 406 353 467 pars
362 408 457 449 aversa
469 391 542 457 silet,
553 390 640 447 virtus
652 391 719 463 quia
734 391 839 445 llaruas
849 389 925 461 (lot)
940 396 963 462 Α
977 388 1018 443 lle
1034 395 1130 456 terres,
1143 388 1217 444 idem
1228 387 1255 444 in
1266 403 1378 462 magno,
1395 386 1442 460 qui
1458 387 1586 460 invulpe,
1596 389 1720 454 camelo,

118 489 264 558 Subiaceat
274 484 380 540 Christo
394 500 402 549 ;
418 480 541 552 fideique
556 478 664 535 occasio
680 479 773 535 multis

119 586 174 641 lloc
190 585 247 654 jam
261 588 315 637 tam
330 592 450 652 propero
464 573 600 648 praclulsit
616 581 692 645 parta
705 574 857 645 triumpho.

153 676 257 752 Anguis
271 673 315 729 hic
327 669 432 743 antiqui
448 669 520 724 vires
533 666 667 723 vacuabat
686 675 714 723 ot
726 675 821 734 artem,

118 772 173 826 Nec
185 784 277 825 coram
294 765 384 837 posito
398 760 522 838 figmenti
537 768 659 816 monstra
673 760 813 815 valebant.

118 860 233 914 Sacratae
251 852 362 925 juvenis
372 849 507 926 flagrabat
519 848 633 922 virginis
647 848 722 923 igne,

119 952 236 1009 Ludicra
251 948 419 1022 praetulerat,
435 944 484 1000 sed
500 943 627 1020 frangere
639 950 702 999 vota
715 942 858 1016 nequibat.

120 1045 195 1101 haud
206 1058 289 1119 grave
298 1039 373 1096 ducit
396 1039 448 1094 iter
460 1036 638 1107 memphitem
652 1036 768 1091 tendere
779 1035 806 1089 in
822 1035 929 1102 urbem,

118 1138 301 1206 Armaturque
316 1131 387 1187 dolis
399 1129 499 1184 Christi
513 1135 543 1183 ut
558 1143 688 1198 superare
702 1126 806 1181 monile

119 1228 276 1283 vraerateat.
293 1223 390 1279 ‘lotum
409 1221 487 1277 vanis
500 1221 536 1275 ita
548 1220 646 1274 deterit
661 1235 762 1273 annum
779 1235 786 1284 ;

119 1317 186 1371 lude
198 1314 266 1370 vafri
279 1312 392 1370 rediens
405 1311 554 1365 instructus
569 1308 665 1363 fraude
680 1308 794 1370 colubri,

119 1409 374 1477 Praesumptumquc
386 1417 486 1476 gerens
500 1399 585 1455 animi
594 1398 886 1471 grassaminecrimcn,

120 1500 174 1567 AEs,
191 1499 274 1552 limen
290 1496 395 1560 subter,
411 1493 537 1565 (quaedam
553 1493 587 1546 ad
608 1498 735 1562 portenta
754 1498 876 1547 notatum

120 1596 238 1662 llclodit,
247 1592 381 1662 adjiciens
390 1589 491 1664 magici
505 1588 563 1644 fera
577 1603 718 1642 murmura
729 1587 822 1642 vincli.

121 1685 198 1740 ilicet
214 1681 346 1744 insanire,
367 1685 459 1750 caput,
474 1677 612 1732 velamine
625 1676 704 1732 vulso

120 1779 200 1852 Virgo
213 1785 317 1842 rotans,
337 1773 436 1830 diffusa
450 1789 543 1828 comas
552 1779 579 1826 ct
591 1771 707 1826 stridula
722 1771 806 1827 dente

120 1870 224 1926 ardore
240 1868 365 1934 incendi,
382 1881 500 1938 [tucrum
517 1865 638 1920 elamore
658 1880 767 1920 vocare.

122 1965 251 2021 Traditur
261 1971 322 2018 acta
336 1961 407 2028 seni,
425 1959 524 2035 retegit
537 1959 580 2015 cui
597 1959 672 2015 larva
683 1959 803 2030 piaclum

122 2058 262 2130 llinlulans
277 2063 304 2111 et
318 2055 390 2111 furta
403 2054 503 2121 fatens,
517 2053 674 2124 llremphyte
688 2059 825 2122 vocatum,

122 2153 152 2207 l'i
163 2153 287 2218 ductum,
303 2154 440 2204 tormenta
454 2147 520 2218 pati,
535 2146 625 2201 crucis
640 2146 750 2218 ignibus
764 2146 817 2201 uri.

61 2263 64 2268 ’
122 2241 212 2317 Cogis,
225 2240 275 2306 ait,
291 2254 336 2293 me
349 2237 422 2292 exire
436 2242 511 2291 tonet
527 2251 609 2306 quem
621 2235 706 2289 limen
721 2236 859 2291 adactum.

122 2334 218 2407 ltlagna
231 2330 334 2400 (senex)
343 2329 428 2384 virtus
441 2338 523 2399 quem
538 2326 641 2381 lamina
655 2324 719 2411 licia
734 2326 865 2382 nectunt!

123 2423 175 2478 Cur
189 2438 243 2476 non
261 2421 336 2475 hunc
349 2417 441 2489 potius
458 2416 505 2488 qui
519 2423 545 2471 te
560 2415 718 2470 immitebat
732 2415 807 2470 inisti
822 2416 836 2469 f

121 2511 234 2583 thuid,
249 2510 297 2576 ait,
315 2507 421 2582 collega
437 2522 527 2573 meus,
539 2521 620 2577 quem
637 2505 744 2561 damon
760 2506 863 2561 artioris

121 2603 296 2674 illaquearat,
309 2614 361 2674 ego
371 2598 534 2669 impeterem
553 2595 568 2648 ‘l
582 2597 637 2652 Sed
647 2597 724 2672 virgo
739 2596 861 2671 sigillum

121 2691 159 2745 Ne
171 2687 368 2758 tereretrapui.
379 2685 479 2741 Fecisti
490 2685 602 2751 invitus,
615 2692 641 2739 at
656 2686 700 2739 eui

123 2780 252 2846 Perdere,
266 2794 323 2834 non
339 2793 450 2832 servare
463 2777 568 2842 solens,
583 2775 718 2846 pellitque
733 2775 853 2832 ferocem

121 2869 176 2923 Nec
187 2868 319 2937 juvenem
335 2872 485 2937 exspectat,
503 2864 608 2919 fraudis
622 2864 742 2939 vestigia
756 2865 860 2934 vitans;

119 2957 246 3027 increpat
255 2960 379 3025 ereptam
391 2969 446 3008 rton
457 2968 488 3006 se
500 2952 603 3007 cavisse
614 2950 747 3022 puellam.

155 3049 214 3103 Non
231 3047 313 3101 modo
326 3045 433 3100 uicinas
448 3043 531 3098 urbes
547 3042 592 3114 pia
612 3042 685 3097 fama
696 3044 823 3114 replerat.

119 3139 190 3204 Quin
204 3134 350 3211 longinqui
361 3135 443 3190 etiam
454 3140 552 3209 gentes
570 3133 708 3189 exciverat
723 3135 807 3190 orbis.

120 3230 153 3286 Ut
168 3229 279 3294 nostris,
292 3226 389 3299 procul
405 3227 513 3281 ctcrris
529 3224 646 3281 Orientis
662 3226 689 3280 in
701 3242 789 3294 axem,

120 3322 247 3385 Quaerere
259 3316 411 3374 salvificum
426 3317 559 3392 delegerit
570 3317 616 3372 ille
631 3317 787 3372 medentem

120 3413 286 3468 Francorum
302 3409 417 3464 illustris
431 3424 512 3481 quom
526 3409 650 3478 jussibus
665 3409 845 3481 induperator

120 3502 302 3573 Prosequitur
316 3501 429 3568 chartis,
445 3500 575 3555 comitatu
604 3508 631 3556 ct
644 3502 798 3557 horroribus
812 3509 921 3558 auctum

120 3596 171 3662 Qui
182 3595 260 3650 furvo
275 3611 291 3649 a
309 3609 396 3664 puero
412 3608 558 3663 possessus
574 3593 712 3660 daemone,
728 3602 812 3648 noctu

121 3683 255 3739 Detrtihus
268 3681 427 3748 intremere,
439 3686 465 3736 ct
478 3695 601 3755 gemero,
613 3690 696 3752 atque
708 3682 814 3737 ululare
825 3688 931 3751 suctus,

120 3780 239 3851 ltiraque
254 3777 338 3851 flagra
349 3776 452 3843 ferens,
465 3775 591 3847 requiem
607 3775 635 3830 in
645 3782 781 3831 tormenta
797 3777 930 3832 trahebat.

122 3869 204 3938 Cujus
214 3868 242 3922 in
254 3866 420 3938 obsequium
440 3865 533 3938 plures
547 3864 583 3922 ob
599 3866 670 3936 patri
685 3882 807 3922 amorem

120 3961 287 4025 Procedant,
304 3959 379 4015 videt
394 3965 424 4013 ut
439 3959 546 4013 turham
564 3958 715 4026 benedicit,
731 3959 809 4015 abire

121 4052 287 4123 Praecipiens
306 4050 606 4119 sortior,juvenomque
618 4066 738 4120 suosque
754 4067 878 4116 manere,

122 4143 189 4198 llam
205 4157 315 4197 causam
327 4142 462 4195 adventus
475 4156 508 4194 ex
523 4139 721 4216 ipseintclligit
731 4157 789 4196 ore.
877 4138 883 4165 “

122 4233 183 4288 ldox
194 4232 327 4303 rogitatus
343 4232 436 4287 homo.
452 4230 559 4301 rapitur
574 4231 618 4285 vix
635 4237 748 4304 tangere
765 4240 863 4288 terram

123 4324 156 4379 Ut
170 4322 288 4394 pedihus
303 4320 403 4386 valeat,
420 4320 543 4391 loquitur
562 4335 689 4375 sermone
710 4320 839 4392 Syrorum

977 478 1164 546 Proclamans,
1179 493 1353 555 pergensque
1369 477 1428 549 [pro
1438 477 1591 551 porrigens]
1609 494 1738 543 manum,
1748 480 1790 534 cui

1558 571 1683 642 [turbida
1698 572 1758 627 dire

980 670 1067 740 htque
1084 669 1203 724 immane
1218 668 1340 724 fremens
1353 669 1417 725 dum
1431 669 1555 740 proxima
1577 668 1673 725 bellua
1695 669 1789 726 fertur.

982 757 1102 825 labitur,
1118 767 1201 830 atque
1214 765 1296 829 caput
1313 757 1413 829 premit
1426 757 1596 829 exaequabile
1611 759 1704 814 terris.

981 852 1115 908 lliruntur
1129 853 1232 921 cuncti,
1246 859 1321 908 tanto
1337 859 1440 908 terrore
1459 852 1596 909 furentem

981 943 1045 997 Tam
1057 943 1158 1010 subito,
1177 944 1223 998 tali
1235 943 1333 999 factam
1348 943 1480 999 lenimine
1493 944 1601 1002 mitem.

1016 1038 1070 1093 h'ec
1081 1038 1152 1109 potis
1167 1045 1209 1093 est
1225 1053 1340 1094 numero
1355 1037 1446 1094 claudi
1461 1037 1638 1112 pedibusque
1650 1039 1730 1113 ligari

982 1125 1060 1180 Omni
1080 1126 1152 1183 facta
1165 1127 1210 1182 die
1227 1144 1277 1198 per
1290 1143 1354 1182 eum
1368 1127 1499 1183 miracula
1511 1127 1585 1183 vitat.

982 1219 1058 1274 llaurl
1073 1220 1164 1274 minus
1178 1235 1227 1275 ore
1242 1227 1341 1291 potens
1351 1220 1445 1276 turbas
1458 1220 1588 1292 explebat
1599 1229 1699 1278 cauma

982 1310 1130 1377 irradians,
1147 1311 1181 1365 ad
1192 1311 1265 1366 celsa
1279 1327 1391 1379 vocans,
1403 1319 1431 1366 et
1444 1312 1471 1365 in
1483 1312 1570 1368 ardua
1583 1313 1704 1369 ductans
1715 1330 1722 1365 r

981 1402 1075 1457 lisere
1090 1411 1213 1458 semotos
1228 1419 1283 1458 non
1296 1419 1445 1474 spernens,
1466 1404 1573 1470 semina
1587 1404 1672 1461 Verbi

982 1491 1071 1545 laetus
1104 1507 1189 1563 agens
1204 1492 1311 1548 bomini
1332 1501 1361 1547 ct
1372 1500 1495 1566 segetem
1515 1509 1618 1565 supero
1643 1493 1728 1550 imbre
1745 1512 1784 1551 vc-

1606 1585 1732 1657 [austras
1745 1607 1752 1653 ;

944 1676 968 1742 j}
981 1673 1215 1747 Ampliticansque
1228 1676 1275 1749 pio
1289 1676 1427 1749 proscissa
1441 1676 1550 1733 novalia
1571 1685 1674 1745 rastro,

981 1767 1069 1842 huget
1084 1767 1156 1823 culta
1170 1767 1218 1824 Dei
1233 1769 1320 1825 veteri
1334 1785 1406 1826 nova
1421 1769 1527 1825 semina
1543 1770 1635 1845 glebae

982 1855 1135 1911 inculcans.
1147 1859 1336 1933 hgarenorum
1351 1874 1402 1914 ceu
1417 1859 1513 1929 pandit
1528 1859 1624 1927 Elusa,

983 1946 1066 2011 Quam
1082 1949 1227 2004 inveniens
1240 1949 1305 2005 olim
1327 1949 1464 2005 Cithereia
1479 1949 1550 2005 festa
1565 1951 1702 2020 litantem,

982 2036 1041 2092 Nou
1056 2036 1131 2109 prius
1144 2038 1252 2094 absistit
1265 2038 1394 2109 lacrymis
1408 2046 1436 2094 et
1446 2038 1550 2094 famine
1565 2040 1641 2107 divo,

984 2124 1112 2181 Ecclesiae
1126 2143 1208 2198 qnam
1224 2127 1377 2182 condendae
1394 2126 1556 2183 fundamina
1570 2137 1688 2193 metans,

943 2240 946 2245 ·
984 2216 1144 2272 Pontificem
1155 2219 1241 2274 sacris
1252 2226 1282 2274 ut
1294 2228 1353 2274 erat
1368 2219 1479 2275 vittatus
1492 2219 1599 2277 Adonis

985 2313 1126 2382 (bautone
1140 2330 1203 2368 nam
1220 2315 1300 2386 pulso
1317 2316 1410 2386 plures
1425 2323 1570 2371 curaverat
1585 2318 1692 2373 luorum.

984 2401 1104 2457 adnotet
1118 2403 1220 2476 insigni
1236 2404 1394 2459 redimitum
1402 2411 1548 2461 stemmate
1560 2405 1671 2462 Christi.

984 2493 1118 2564 alapiona
1137 2494 1194 2552 fero
1206 2511 1326 2551 vacuans
1340 2495 1479 2552 afflamine
1493 2498 1582 2553 menti

983 2590 1051 2644 llum
1068 2589 1205 2659 redhibet,
1224 2591 1330 2647 Christo
1345 2591 1467 2658 lucrans,
1480 2591 1616 2649 affinibus
1631 2593 1713 2649 auctis

984 2685 1107 2740 Nominis
1122 2685 1218 2740 aeterni
1235 2686 1396 2742 Bethlehem
1410 2685 1546 2742 attollitur
1557 2696 1675 2752 auctor;

982 2778 1082 2849 Sicque
1103 2778 1280 2833 monasteriis
1293 2778 1370 2834 vicus
1385 2779 1509 2849 repletur
1524 2787 1550 2835 et
1565 2779 1645 2835 aulis.

983 2873 1179 2945 Sollicitusquo
1194 2880 1224 2929 ut
1238 2883 1306 2941 crat,
1324 2874 1436 2930 lratrum
1451 2889 1592 2947 praenosse
1608 2876 1707 2932 solebat

984 2962 1075 3029 llulta,
1091 2962 1182 3017 lutura
1197 2979 1307 3029 caveris,
1322 2963 1408 3018 vitare
1423 2963 1677 3020 nocentiacallens.

985 3049 1039 3104 Ceu
1055 3052 1195 3121 quondam
1211 3051 1295 3106 sociis
1306 3052 1390 3108 vetuli
1405 3052 1555 3108 discrimen
1564 3054 1640 3108 avari

946 3148 970 3216 (J
984 3139 1162 3208 Praemonuit,
1176 3140 1341 3213 turbamque
1355 3139 1439 3196 leram
1449 3148 1617 3216 turpemque
1626 3143 1744 3214 repulsam

984 3231 1048 3296 Quae
1064 3232 1138 3303 passi
1154 3251 1161 3297 ;
1179 3233 1330 3304 hospitium
1345 3240 1452 3304 patrem
1468 3234 1587 3290 lustrare
1599 3241 1706 3290 tenaces

985 3325 1052 3377 llum
1065 3331 1179 3396 coguut,
1197 3325 1277 3393 cuius
1290 3325 1520 3399 nudtavcrtigiuc
1534 3325 1629 3381 Fundat

984 3412 1069 3467 l'inea
1089 3411 1246 3482 praevallata
1261 3413 1354 3469 minus
1369 3413 1450 3470 solito
1462 3413 1561 3484 edidit,
1579 3422 1664 3487 atquo

985 3506 1133 3578 ldquoquc
1144 3507 1171 3561 iu
1186 3507 1355 3562 horrendum
1370 3509 1474 3564 mensis
1493 3508 1612 3565 descivit
1622 3518 1727 3567 acetum.

984 3595 1100 3667 ltapsilis
1115 3603 1142 3651 at
1157 3595 1255 3651 fratres
1268 3596 1347 3652 hilari
1363 3597 1411 3669 qui
1425 3597 1490 3654 dote
1503 3597 1606 3655 relovit

984 3686 1079 3755 Vinea,
1095 3704 1156 3759 quae
1173 3696 1283 3744 centum
1299 3689 1501 3745 fueratfactura
1514 3690 1630 3766 lagonas

984 3778 1102 3834 hlillihus
1115 3787 1144 3834 ut
1157 3779 1245 3835 tribus
1255 3787 1296 3835 cst
1306 3779 1397 3852 plebis
1411 3781 1536 3852 depasta,
1553 3788 1689 3838 trecentas

983 3867 1111 3923 Reddidit
1125 3869 1151 3924 in
1165 3870 1285 3941 spatium
1302 3870 1400 3942 viginti
1414 3871 1483 3926 lacta
1499 3870 1621 3940 dierum,

983 3963 1048 4017 Nara
1058 3963 1138 4018 Pater
1151 3963 1272 4018 llilarion
1289 3964 1431 4020 laetohano
1442 3965 1624 4022 benedixerat
1636 3983 1690 4023 ore.

983 4051 1047 4105 Cum
1058 4051 1178 4122 propriis
1188 4051 1293 4107 sineret
1305 4053 1437 4128 gregibus
1447 4054 1551 4110 servire
1559 4055 1694 4122 fovendis,

984 4146 1061 4199 Celsa
1076 4145 1153 4217 prius
1170 4146 1258 4202 doctis
1272 4148 1404 4202 alimenta
1420 4149 1563 4232 roquirere
1577 4151 1685 4213 mentis,

986 4239 1080 4296 llaeccc
1105 4239 1215 4312 qnidam
1238 4244 1389 4313 quaerenda
1410 4245 1488 4317 jugo,
1516 4246 1576 4302 haec
1590 4245 1709 4302 sectanda
1721 4255 1759 4295 aa·

1656 4336 1734 4408 [naht

122 4416 198 4470 Tunc
213 4414 330 4484 primum
345 4411 451 4478 audito,
471 4428 586 4467 servans
605 4413 737 4469 idiomata
752 4415 864 4491 lingua,
948 4425 1046 4492 DNon
1062 4442 1094 4480 ea
1109 4443 1170 4498 quse
1185 4428 1297 4484 assidue
1313 4430 1417 4486 mundo
1431 4430 1542 4487 labente
1558 4430 1702 4488 fatiscunt:

123 4506 179 4560 Nec
188 4505 280 4559 minus
294 4505 420 4560 ctGraco
434 4505 534 4560 citatus
546 4504 679 4577 [scitatus]
690 4505 791 4562 famine
802 4509 897 4578 pollet.

122 4596 287 4653 Praetericns
301 4596 390 4652 varias
406 4597 509 4669 quibus
524 4598 570 4653 hic
583 4598 619 4653 sit
631 4598 764 4669 praeditus
779 4607 863 4668 artos,

123 4688 240 4746 Nomine
253 4696 280 4744 et
297 4689 414 4761 imperio
428 4689 528 4745 Christi
544 4697 665 4752 curatus,
681 4700 711 4745 ut
727 4698 785 4746 atra

122 4780 202 4835 l‘cste
216 4779 292 4854 viget
304 4780 385 4847 liber,
402 4779 534 4834 librarum
548 4779 671 4850 peritiora
691 4779 794 4850 profert

122 4871 304 4940 Simplicitate
317 4878 418 4942 putans
428 4871 486 4926 auri
501 4871 604 4926 debere
616 4871 738 4936 talenta;

124 4961 231 5016 llordca
245 4960 280 5015 ab
297 4961 349 5016 hoc
364 4960 412 5015 sed
427 4977 497 5032 pauc
509 4961 593 5032 capit,
609 4961 691 5016 simul
705 4962 819 5034 insuper
834 4965 911 5020 audit
926 4982 932 5018 :

122 5051 224 5104 hurum
238 5051 313 5121 quod
329 5066 435 5106 canum
452 5057 581 5121 reputent
592 5051 639 5122 qui
656 5050 720 5106 talia
734 5063 853 5108 sumant.

158 5143 216 5198 lton
233 5141 359 5198 homiues
374 5143 456 5199 modo
468 5143 612 5210 reddebat,
629 5144 698 5215 quin
710 5144 790 5199 bruta
803 5146 894 5202 saluti.

122 5238 156 5293 Ut
173 5239 269 5294 Bactra
280 5238 420 5311 quondum
437 5240 550 5293 ductum
566 5238 680 5309 regione
695 5238 842 5306 camelum,

122 5327 208 5392 Quem
222 5329 337 5384 terdona
354 5330 443 5384 virum
456 5329 509 5384 sihi
524 5336 637 5401 pectora
646 5329 758 5384 funibus
769 5340 860 5386 aetum

121 5421 286 5478 Praesentem
301 5422 435 5477 dederant
450 5439 456 5476 :
471 5421 597 5476 rabidum
611 5422 791 5494 quilinquoro
794 5424 874 5493 jussi,

120 5515 272 5589 Diffugiunt
289 5530 398 5584 omnes,
411 5515 552 5588 sociisque
564 5532 675 5572 manere
691 5533 743 5573 nec
754 5520 829 5575 ausis

121 5604 222 5662 Obvius
236 5606 282 5662 ille
299 5614 391 5663 rucat:
406 5606 465 5664 Non
481 5608 564 5677 mole,
579 5607 700 5680 diabole,
712 5615 788 5666 vasta

156 5701 228 5772 (lbi)
241 5701 310 5757 ldoli
324 5701 501 5760 Gazannium.

986 4519 1105 4583 erorum
1117 4535 1199 4590 quom
1215 4536 1308 4575 ruram
1324 4523 1488 4578 monachum
1509 4525 1630 4580 retinere
1643 4521 1733 4581 sciebat,

986 4611 1070 4682 liujus
1085 4613 1205 4667 avaritiae
1219 4614 1292 4668 hami
1309 4615 1653 4674 norattolorarefurorem.

985 4704 1073 4769 Quare
1088 4721 1103 4761 a
1117 4714 1267 4778 conspeetu
1279 4709 1430 4764 venerandi
1447 4711 1655 4767 amoveratovis

986 4796 1139 4853 Sollicitum
1155 4800 1314 4870 (pacandam,
1330 4800 1472 4857 custodem
1489 4803 1622 4874 pauperis
1632 4799 1700 4861 itorti

985 4893 1072 4965 atque
1088 4895 1179 4950 animo
1198 4911 1326 4950 nummos
1338 4896 1451 4951 solitum
1465 4912 1576 4953 servare
1584 4897 1694 4970 pusillo:

985 4982 1035 5045 tini
1051 4989 1161 5037 tentans
1181 4982 1269 5039 lenire
1284 4999 1389 5052 senem,
1405 5001 1467 5039 cum
1484 4985 1560 5041 fasce
1574 4985 1682 5042 virentis

983 5074 1099 5129 Advenit
1114 5075 1222 5141 ciceris,
1237 5091 1387 5147 coramque
1403 5093 1455 5133 nec
1468 5093 1556 5133 ansus
1566 5078 1650 5142 adire,

984 5164 1056 5218 Clam
1067 5165 1144 5221 dedit
1160 5166 1296 5238 hesychio
1311 5169 1472 5238 ponendum
1487 5169 1520 5224 ud
1536 5169 1640 5225 fercula
1650 5175 1710 5235 ;set⁰

982 5256 1106 5312 Fetorem
1123 5258 1246 5328 appliciti
1262 5260 1356 5315 senior
1372 5260 1481 5316 haurire
1495 5277 1637 5330 recusans,

983 5346 1086 5403 Clamat
1096 5350 1236 5405 avaritiam
1250 5350 1348 5407 ciceris
1362 5359 1459 5422 putore
1475 5353 1576 5410 virore.

980 5439 1093 5494 llorrida
1106 5441 1128 5496 si
1143 5441 1235 5497 miuus
1251 5443 1318 5497 franc.
1336 5442 1436 5514 inquit,
1451 5443 1604 5514 spiramina
1615 5443 1699 5503 sentis,

980 5529 1080 5584 Saltem
1092 5531 1194 5586 adhibe
1208 5531 1307 5598 bobus,
1322 5532 1417 5606 fugere
1432 5534 1491 5591 hacc
1506 5536 1622 5593 etbrnta
1637 5527 1730 5592 ridetis.

982 5620 1102 5687 Factum,
1119 5622 1253 5694 disruptis
1269 5623 1378 5697 lugiunt
1392 5626 1524 5683 animalia
1535 5628 1645 5686 vinclis
