3840 6106
119 218 171 274 tat
495 170 680 272 l'touolltltt
701 214 853 270 sauoultl
873 213 1038 269 uuuuttSls
1059 212 1228 270 opuscola
1247 212 1405 273 ffliilCA.
1644 176 1652 186 ⁹
1742 219 1792 275 728

120 347 260 403 llelocisse
273 345 355 400 lame.
372 345 505 415 tetrisque
517 343 679 400 horroribus
695 343 781 399 hostis
938 349 964 414 ,t
981 364 993 389 κ
1015 341 1074 398 Nou
1097 341 1164 397 mihi
1185 342 1264 399 tollct
1284 342 1340 409 tait)
1370 341 1505 399 Christum
1531 354 1560 401 et
1576 346 1625 418 qui
1641 347 1746 402 vertice
1761 347 1792 402 de

122 437 194 491 lianc
210 443 283 489 ratus
298 432 411 506 inquirit
425 441 517 488 tamon
531 433 617 488 aurel
632 432 728 488 lraudc
743 432 865 503 supersit
1636 433 1723 505 [mest
1747 461 1757 482 ..

120 528 228 584 Fortius
242 527 289 582 illa
304 527 410 601 vigens,
424 527 579 598 meliusque
593 534 701 598 reporta
716 527 854 582 nitescens
976 523 1062 587 Quem
1083 522 1148 577 dum
1168 522 1346 599 magnificant
1360 524 1464 580 celebri
1484 526 1542 595 sub¹
1558 528 1668 583 honore
1684 542 1791 584 sorores

119 618 233 672 Pellitur
248 617 372 688 undiquc
386 634 479 673 curam
494 617 593 673 vinctae
611 619 691 674 hoste
702 618 817 680 serente,
975 615 1066 669 Altera
1079 614 1227 672 lluctisono
1243 615 1319 686 ponti
1333 614 1433 672 uallata
1446 633 1572 685 susurro,

119 708 283 780 llutatisque
296 709 414 782 sigillato
428 709 590 766 custodibus
603 718 682 767 antro
976 705 1068 760 Altera
1082 719 1183 761 vesano
1195 704 1337 761 turbarum
1350 705 1437 760 libera
1446 714 1533 775 motu,

118 799 257 871 Mergitur,
274 805 301 854 et
319 798 440 854 tenebris
455 800 521 854 latet
536 799 629 854 abdita
645 816 741 856 mense
754 801 878 858 secundo
977 796 1075 852 Christi
1090 795 1162 852 lacta
1176 796 1224 851 lici
1236 797 1385 868 praesentia
1400 807 1514 870 pectora
1527 808 1656 868 sumunt,

119 892 173 945 Nec
186 899 267 946 sueto
278 891 312 945 de
326 906 403 946 moro
417 899 508 947 tomen
523 891 657 946 solamina
670 892 781 961 desunt,
977 887 1063 958 luque
1078 885 1243 952 submedia,
1258 885 1378 941 statione
1393 887 1479 958 quieti

118 983 172 1037 Nec
185 984 295 1037 clraram
306 983 406 1054 linquit
416 983 544 1039 comitem
560 983 661 1038 dilecta
673 984 791 1040 sodalis:
979 982 1033 1036 Ceu
1049 988 1153 1052 portus,
1166 997 1230 1035 cum
1245 988 1325 1036 nocte
1341 980 1416 1036 diem
1431 980 1492 1037 sine
1504 981 1755 1058 turbinojuugunt.

118 1074 149 1129 tt
164 1074 244 1130 solito
255 1073 382 1130 refovens
396 1073 662 1130 eoelestihuscducat
672 1075 754 1142 oscis,
977 1072 1068 1126 Tertia
1082 1072 1128 1126 lux
1148 1078 1235 1126 terras
1250 1071 1404 1143 paintarum
1418 1073 1531 1129 nomine
1542 1074 1634 1130 dictas

120 1166 221 1221 Clarior
231 1166 278 1221 illa
289 1167 390 1232 nitens,
406 1167 542 1238 hilarique
553 1167 695 1240 augustior
709 1183 767 1235 ore,
979 1163 1050 1229 lert,
1064 1179 1125 1234 quae
1141 1162 1283 1220 nonnullis
1295 1162 1369 1219 vario
1385 1165 1536 1222 certamine
1550 1166 1639 1221 trusis

119 1258 185 1312 llum
200 1258 270 1328 dape
285 1258 404 1325 siderea,
420 1259 539 1330 divoque
552 1259 702 1316 nutrimine
714 1259 801 1323 lloret,
979 1253 1136 1308 Gaudeules
1149 1251 1267 1326 fulgere,
1283 1253 1337 1324 piis
1353 1263 1489 1325 augentur
1499 1263 1527 1310 et
1542 1255 1613 1312 istis.

121 1349 244 1420 liquitur
258 1349 345 1405 hostis
357 1350 442 1415 iners,
456 1349 575 1420 nisuque
590 1349 690 1404 latiscit
701 1349 801 1404 inermi
977 1345 1145 1417 Praecipicns
1160 1347 1276 1403 coluhcr
1290 1347 1393 1418 quihus
1407 1355 1557 1422 egerentur
1570 1349 1667 1405 arenis

120 1438 290 1509 heslituiquc
302 1445 381 1493 tuens
401 1438 453 1493 hoc
465 1453 496 1492 se
508 1437 662 1501 molimine,
678 1444 763 1493 tentat
978 1437 1113 1508 Spectari,
1127 1445 1239 1493 teneant
1251 1438 1357 1494 alacres
1371 1456 1432 1510 quae
1450 1457 1523 1508 rura,
1538 1441 1674 1512 capessit,

119 1533 156 1584 ,lu
175 1530 264 1604 pelagi
277 1529 402 1583 invictam
419 1527 499 1581 torris
514 1534 597 1598 queat
612 1527 715 1583 abdere
736 1529 855 1599 lymphis
978 1525 1010 1581 Ut
1024 1526 1144 1594 valeant,
1171 1527 1239 1598 quid
1258 1534 1352 1602 agant,
1384 1528 1519 1585 Christum
1541 1530 1621 1602 quod
1640 1531 1726 1585 corde
1748 1549 1790 1586 sc-

119 1623 335 1693 lldmiscensquc
351 1620 406 1677 reis
416 1619 547 1691 Thetydis
559 1619 639 1688 jubet
650 1620 741 1674 indier
753 1620 847 1675 undis.
953 1664 960 1690 ,
1618 1624 1755 1697 [quantur.

120 1714 239 1769 Flatibus
257 1722 317 1767 acta
337 1712 403 1767 ratis
421 1720 528 1768 vastum
542 1712 699 1783 raptaturin
713 1727 824 1783 aequor;
952 1691 962 1727 ’
977 1714 1025 1767 llle
1041 1712 1134 1768 furens
1148 1727 1235 1769 saevos
1250 1713 1352 1769 celerat
1364 1713 1457 1786 legare
1472 1714 1623 1770 ministros

120 1804 258 1858 Fluctibus
271 1810 353 1874 atque
368 1802 433 1857 ieris
443 1802 561 1874 spoliata
574 1802 713 1857 addicitur
723 1803 816 1871 armis,
977 1805 1135 1860 Crescentes
1147 1805 1301 1877 reprimant
1314 1805 1376 1861 nisu
1391 1806 1438 1877 qui
1453 1807 1581 1877 quolibet
1598 1824 1686 1864 ausus

121 1896 163 1949 llis
182 1894 326 1969 sexagenis
340 1892 423 1950 sociis
441 1900 554 1949 onerata
568 1893 711 1968 tegendis;
976 1897 1109 1952 blaterant
1124 1896 1213 1951 rabidi
1227 1906 1365 1969 praecepta
1384 1905 1495 1968 patrare
1509 1899 1630 1954 lanistae.

121 1988 288 2059 llurlimgam
302 1985 369 2041 lethi
383 1986 494 2040 fremitu
508 1985 648 2056 quatiente
663 1985 795 2054 carinam,
974 1989 1042 2043 Tum
1057 1995 1164 2043 mentes
1176 1989 1298 2043 mulcere
1311 1988 1394 2055 dolis,
1412 1998 1516 2044 terrere
1532 1990 1663 2065 llagellis,

120 2084 286 2137 arescerem
301 2080 433 2153 expositis
448 2080 583 2139 intentant
596 2083 689 2138 omnia
704 2090 830 2138 mortem.
977 2076 1095 2132 invitate
1110 2077 1240 2144 humiles,
1255 2077 1336 2133 d⁰1¹i⁵
1351 2077 1423 2133 serre
1438 2077 1536 2132 ultima
1551 2079 1650 2141 (lurist

120 2177 279 2232 ,lsraeimes
289 2181 401 2232 herrore
416 2177 513 2251 legens
527 2177 646 2232 educere
662 2177 721 2233 dire
977 2169 1007 2225 llt
1022 2186 1076 2225 non
1092 2170 1220 2245 egregios
1235 2188 1343 2235 aurum,
1362 2188 1417 2228 non
1428 2171 1545 2227 vulnera
1561 2173 1706 2249 frangunt,

121 2266 326 2337 Cunctipotcus,
338 2265 446 2321 lamule
458 2266 566 2337 trepida
580 2267 631 2321 suh
644 2274 717 2323 sorte
729 2267 853 2324 sodalem
976 2261 1034 2317 Non
1065 2276 1139 2318 mors
1178 2262 1249 2334 ipsa,
1284 2263 1392 2319 animos
1429 2271 1581 2335 properant
1622 2266 1656 2320 ad
1697 2266 1782 2322 lunera

51 2371 53 2374 ⁴
119 2357 210 2423 liittit,
223 2357 343 2411 nutantis
353 2357 456 2413 relevet
466 2373 526 2428 quae
537 2358 620 2413 corda
637 2359 781 2415 tumultus.
1651 2358 1750 2429 [sortes.

118 2448 311 2517 deproperans
325 2446 558 2502 aerlrratlreodote
574 2448 698 2522 margine
711 2451 818 2521 cymhae
977 2450 1021 2505 llis
1039 2459 1150 2506 centum
1170 2449 1216 2505 hic
1227 2449 1340 2505 subiere
1355 2449 1404 2504 viri
1416 2449 1493 2507 vario
1507 2451 1614 2507 aethera
1627 2452 1721 2514 ductu,

119 2538 253 2602 Srrlrsidiu
269 2536 437 2608 firmansque
451 2538 559 2592 anirnos
577 2539 611 2592 de
626 2555 720 2610 puppe
735 2539 870 2607 labantes,
976 2544 1048 2608 Quos
1068 2544 1252 2618 septingentae
1268 2544 1536 2620 comitanturagone
1552 2546 1665 2615 puellm.

120 2629 264 2700 Corrrponit
278 2628 361 2685 celeri
370 2635 496 2684 sternens
512 2630 618 2684 tumida
633 2646 745 2702 aequora
759 2639 837 2699 nutu,
979 2639 1010 2693 tt
1025 2639 1130 2695 ductrix
1146 2639 1260 2695 robusta
1273 2655 1372 2695 manus
1387 2640 1518 2703 exercita,
1535 2640 1598 2696 fixis

120 2720 149 2772 ut
164 2718 256 2773 solans
265 2716 393 2773 cornitem
408 2717 514 2773 tinctos
524 2718 606 2774 simul
615 2719 731 2775 advocat
745 2721 836 2777 astris
977 2729 1072 2785 Vincta
1088 2731 1174 2801 pedes
1193 2731 1273 2802 palis,
1289 2731 1396 2787 medios
1415 2731 1533 2787 exsultat
1549 2733 1579 2788 in
1595 2733 1685 2807 ignes,

120 2811 299 2867 dulichianus
313 2826 361 2866 eos
376 2811 447 2867 iuter
461 2812 563 2883 pietate
579 2829 679 2868 serena
979 2822 1178 2892 Exsultansquc
1192 2821 1312 2877 animam
1328 2821 1464 2877 radiantia
1480 2822 1551 2878 tollit
1566 2823 1685 2880 inastra.

119 2904 250 2966 tollebat,
266 2904 312 2975 qui
330 2921 392 2959 rura
411 2911 439 2958 et
451 2919 519 2975 opes
534 2906 660 2962 amittere
674 2905 811 2980 gaudens,
978 2909 1225 2981 Faunusrlpollonia
1244 2910 1338 2965 matris
1351 2918 1478 2966 servante
1491 2910 1568 2967 fideli

120 2991 200 3045 Fixus
214 3007 306 3046 amore
323 2992 368 3046 het
385 2993 552 3064 contempsit
566 2995 667 3068 gaudia
677 2995 762 3051 secli.
940 3030 964 3096 (ἶ
978 3002 1117 3068 Curatum,
1131 3001 1275 3072 multoque
1290 3009 1319 3057 ut
1338 3002 1432 3058 condit
1448 3011 1570 3060 momato
1585 3006 1716 3072 mambra,

119 3085 168 3151 Qui
184 3086 314 3154 quotiens
329 3084 444 3155 quaesita
459 3085 549 3156 palam
564 3095 738 3156 promoverat
753 3103 832 3143 orsa:
978 3093 1099 3148 basilicae
1110 3091 1214 3148 lubrica
1228 3091 1388 3164 celebrique
1401 3092 1503 3149 decore
1513 3103 1656 3159 venustat,

976 3183 1100 3240 Christus
1113 3191 1141 3239 et
1155 3183 1286 3241 emeritos
1300 3184 1458 3257 insignibus
1472 3193 1557 3258 auget
1572 3186 1698 3243 honores.

743 3324 902 3381 chartula
926 3327 1014 3381 LlBill
1035 3327 1161 3383 OCTAVl.

208 3421 272 3478 Car.
296 3423 318 3477 l.
336 3453 366 3462 -
381 3426 419 3478 De
429 3425 613 3492 persecutione
624 3425 788 3480 Maccui-ortt
801 3430 826 3480 et
840 3430 932 3481 sorroto
945 3427 1070 3482 Marcello
1086 3441 1162 3496 popa
1176 3427 1310 3497 sociisque
1326 3427 1426 3496 ipsias.

297 3493 330 3547 ll.
342 3497 425 3550 —lic
440 3499 536 3550 sancto
547 3496 652 3550 tactim
665 3499 690 3550 rt
700 3501 779 3550 socias
789 3501 856 3566 ejas.

296 3565 342 3620 lll.
364 3597 387 3604 -
411 3569 449 3621 De
467 3569 568 3622 sanctis
586 3569 690 3622 tooaac
707 3572 733 3622 ct
751 3569 855 3638 Crispo.

296 3636 338 3691 lV.
358 3668 388 3676 -
404 3640 442 3692 Dc
458 3642 536 3693 santo
551 3640 675 3694 Erasmo.

296 3708 326 3761 v,
342 3739 376 3748 —
393 3711 429 3763 lic
441 3709 549 3764 Sanctis
563 3710 653 3766 Sessio
663 3714 688 3765 et
701 3712 841 3766 lectuaria.

294 3779 380 3832 Vl.-
390 3781 427 3834 lle
441 3786 535 3837 sancto
550 3782 670 3836 Domitio.

297 3851 350 3906 Vll.
363 3882 397 3891 —
411 3855 449 3906 lic
461 3861 556 3907 sancto
571 3853 703 3907 Barbara.

297 3922 364 3978 vllt.
380 3953 414 3964 -
429 3925 467 3977 lle
473 3927 575 3979 soractis
590 3925 710 3980 Secundo
724 3929 749 3980 et
762 3925 923 3980 Alecondro

296 3994 338 4049 lll.
355 4025 388 4034 -
403 3997 542 4051 Desoncto
559 3996 703 4050 Theodoro.

295 4066 327 4119 Χ.
339 4097 372 4106 -
388 4069 424 4120 Dc
437 4069 538 4121 soractis
558 4066 652 4134 Felice,
675 4068 779 4122 Victore
792 4070 870 4135 alque
884 4066 995 4122 uacare.

296 4137 339 4190 ΧΙ.
360 4167 394 4176 -
409 4141 447 4192 lle
457 4140 557 4192 solutis
577 4139 748 4207 eaeroptoro
763 4141 787 4190 ct
801 4139 985 4193 albarrdmrtio.

297 4207 352 4262 llll.
369 4239 402 4246 —
418 4211 455 4262 De
469 4211 561 4262 sancto
574 4208 702 4273 Grcqorto
715 4214 845 4275 martyre.

295 4278 365 4333 Xlll.
380 4308 415 4319 -
429 4282 467 4334 Dc
482 4284 575 4333 sorrcto
589 4280 690 4334 Sabino
704 4281 827 4348 episcopo
840 4283 865 4333 ct
879 4281 958 4334 soccis
973 4280 1040 4349 ejas.

296 4349 361 4403 xlv.
376 4378 408 4388 -
421 4353 459 4404 lte
471 4352 572 4405 sanctis
590 4350 671 4404 Felice
685 4355 710 4405 et
727 4352 884 4405 Fortunato.

297 4420 349 4474 ΧΧ.
365 4450 400 4459 -
425 4424 462 4476 De
474 4425 569 4477 sorrcto
581 4421 664 4487 Afro.

297 4491 361 4545 ttvt.
377 4522 411 4531 —
426 4495 463 4547 lle
475 4498 568 4547 sancto
582 4493 696 4548 Eusebio
712 4508 798 4563 popu.

296 4562 373 4616 llVll.
391 4592 425 4603 —
439 4564 473 4618 ltc
486 4569 578 4620 sancto
595 4565 739 4619 Timotheo.

296 4634 385 4689 llVlll.
404 4667 435 4674 —
449 4639 487 4691 De
501 4639 603 4691 soractis
616 4638 723 4692 blariao
738 4640 763 4691 ct
777 4635 930 4692 Amalchio.

295 4705 361 4760 lllll.
380 4710 461 4763 -De
475 4713 569 4763 scitoto
584 4710 696 4776 alpncte.

295 4776 348 4831 ΧΧ.
365 4809 398 4818 -
414 4782 452 4833 llo
465 4784 559 4834 soracte
574 4781 777 4835 Entereatioao.

240 4868 245 4875 ·
295 4847 359 4902 ΧΧΙ.
376 4879 409 4889 -
429 4853 466 4905 lle
484 4853 586 4906 visione
598 4856 742 4921 pareatum
755 4853 854 4905 soracte
867 4849 991 4917 rlptaetts.

760 4954 917 5010 chartula
939 4953 1027 5008 tlultt
1052 4953 1141 5009 ΝΟΜ.

262 5091 269 5105 .
299 5051 309 5104 l
325 5081 358 5091 -
373 5055 411 5107 llc
428 5057 522 5109 sancto
537 5054 679 5110 Valentino
692 5054 825 5122 episcopo.

299 5122 331 5178 ll.
347 5155 382 5164 —
396 5127 433 5180 Dc
445 5129 547 5180 sanctis
561 5125 692 5180 Arathimo
705 5128 730 5178 rt
742 5125 872 5178 Maximo.

296 5195 342 5249 tlt.
358 5227 392 5236 —
406 5200 556 5266 Deceptam
570 5196 714 5263 frutribus.

295 5267 337 5322 lV.
357 5298 386 5308 -
398 5271 434 5324 De
448 5273 540 5323 sancto
554 5269 706 5335 Borrisacio.

296 5339 325 5393 V.
343 5343 424 5394 -lte
441 5341 543 5394 sanctis
559 5340 702 5407 Gereonio,
713 5339 844 5394 Dorothco
858 5339 1023 5394 ctblacimo.

295 5410 336 5465 Vl.
355 5441 388 5451 —
402 5412 550 5465 Dassaretis
562 5413 661 5465 Luccio
674 5412 813 5466 etAcccio.

294 5481 349 5537 vtl.
362 5512 397 5522 —
406 5485 444 5537 llo
455 5484 557 5537 salictis
569 5482 706 5548 archelio,
721 5481 878 5552 llpppotito,
895 5481 1034 5538 Vincentio
1052 5483 1076 5534 et
1090 5480 1170 5533 sociis
1182 5495 1282 5535 rorum.

297 5554 364 5608 vlll.
381 5584 415 5594 -
430 5556 467 5608 lle
478 5558 571 5608 sortcto
579 5554 719 5609 Silvestre.

296 5623 339 5680 lll.
355 5654 391 5666 -
402 5629 439 5680 Dc
452 5625 628 5696 synodoque
640 5626 717 5692 sacto
729 5628 769 5679 cst
778 5623 828 5678 sab
842 5626 908 5692 ipso.

296 5695 327 5751 Χ.
344 5726 380 5739 -
393 5698 430 5751 lte
443 5697 582 5755 Gallicano
596 5701 622 5751 et
636 5697 803 5754 Constantio.
