3840 6106
157 322 161 337 ι
196 246 250 304 239
754 249 938 307 exonexant
958 250 1112 308 (IANONlCl
1132 251 1296 308 REMENSlS
1805 253 1862 308 240

196 391 329 459 faciat,nt
341 389 453 446 veniant
465 389 532 460 ipsae
546 389 671 461 epistolae
686 407 778 448 coram
791 393 839 450 illo
849 400 876 449 et
893 394 1003 465 episco·
1016 396 1041 466 Α
1053 397 1124 452 villae
1138 396 1166 450 in
1186 395 1229 450 bis
1238 411 1299 466 quae
1309 395 1465 451 necessaria
1475 395 1603 464 luissent,
1619 396 1753 451 auxilium
1765 393 1861 462 ferret,

195 485 249 556 pis,
265 492 293 540 et
304 480 438 555 quidquid
454 482 793 541 meliusinventumluerit
806 486 871 541 inde
881 502 1001 557 sequan—
1051 489 1103 546 sub
1114 487 1277 544 defensione
1302 489 1405 558 temenj
1418 495 1446 543 et
1462 487 1546 543 tutela
1565 487 1671 559 praelati
1686 486 1802 542 Gerardi
1812 501 1862 542 eo·

196 578 249 640 tur,
265 570 374 640 etquis
389 570 501 623 interim
518 571 592 642 quod
613 573 815 630 rationabiliter
827 582 854 629 et
868 575 1001 630 canonice
1051 579 1134 643 mitis,
1144 577 1250 633 addens
1260 577 1294 632 de
1318 576 1425 631 caeteris
1433 576 1593 632 earumdem
1609 592 1702 632 rerum
1713 583 1862 646 usurpato-

195 667 295 724 l'ectum
311 665 373 733 luit,
390 681 445 720 nen
473 666 574 722 debeat
589 671 748 735 centemni;
767 671 896 726 Nantario
912 670 1001 726 amieo
1052 669 1129 723 ribus
1144 666 1211 739 quid
1225 665 1427 739 agendumsibi
1453 665 1602 720 videretur.
1619 666 1696 736 lpsas
1708 671 1801 720 autern
1817 680 1862 719 res

146 743 148 747 ’
195 770 246 810 suo
262 754 346 817 lidcli.
360 770 411 826 pro
422 756 503 811 rebus
521 758 608 812 sancti
636 758 754 833 Remigii
775 759 957 829 disponendis
973 760 1000 813 in
1051 755 1861 815 nullihominisuovelalteriusinbenclieiumdareau-

194 846 381 903 Wormueensi
407 862 488 918 pago,
518 847 639 904 inserens
663 851 737 921 quod
749 850 861 922 quidam
872 851 1001 906 homines
1051 851 1138 917 deret,
1155 849 1220 922 quia
1234 855 1346 904 sauctus
1360 848 1503 922 Remigius
1515 849 1567 904 boc
1577 850 1605 903 in
1627 863 1679 904 suo
1693 854 1860 904 testamento

195 951 258 990 eum
282 934 423 1007 petierint,
448 943 479 991 ut
504 943 646 1006 praestaret
680 938 734 993 illis
760 940 875 995 colonos
906 955 1000 995 earum
1052 942 1214 1000 terribiliter
1238 938 1415 997 contradixit.
1445 940 1507 1011 lpse
1528 954 1594 995 vero
1612 954 1717 1003 comes,
1747 939 1860 1011 quipro

195 1043 288 1083 rerum
304 1026 337 1082 ad
357 1026 480 1083 diversas
508 1043 616 1098 operas,
642 1029 792 1101 etquidem
817 1038 1002 1087 utvenatores
1053 1041 1259 1092 amoresanctae
1275 1032 1320 1087 Dei
1343 1030 1490 1086 Genitrieis
1517 1031 1643 1087 etsaneti
1671 1030 1805 1105 Remigii,
1819 1046 1860 1086 res

195 1120 305 1175 illorum
320 1118 347 1172 in
367 1118 436 1189 ipsis
449 1120 533 1175 rebus
554 1136 604 1191 per
628 1120 739 1193 aliquod
764 1130 872 1194 tempus
888 1137 1000 1177 manere
1053 1127 1129 1197 ipsas
1142 1125 1169 1179 in
1185 1141 1235 1180 sue
1249 1123 1366 1179 tuitione
1381 1131 1553 1194 susceperat,
1582 1123 1653 1178 sicut
1675 1121 1750 1178 bene
1765 1122 1859 1192 eoepit,

195 1212 361 1269 concederet
377 1228 384 1278 ;
400 1211 475 1283 quod
491 1219 615 1267 neutrum
627 1229 657 1267 se
673 1215 853 1282 concessisse,
873 1215 918 1270 uel
931 1229 1001 1270 eon·
1051 1213 1089 1268 ita
1102 1211 1220 1267 viriliter
1238 1211 1273 1266 de
1295 1218 1394 1267 caetero
1416 1227 1498 1283 agere
1532 1217 1670 1282 procuret,
1684 1209 1816 1282 quoniam
1832 1210 1859 1264 in

196 1317 341 1357 cessurum
362 1314 423 1356 esse
441 1299 550 1366 latetur,
580 1302 710 1373 quoniam
740 1303 782 1358 sui
810 1311 1001 1359 antecessores
1051 1299 1308 1357 Remensiecelesia
1332 1315 1381 1370 per
1403 1300 1499 1355 decem
1515 1299 1683 1355 monasteria
1706 1305 1764 1354 tarn
1778 1313 1861 1353 eano-

197 1389 351 1446 bociaeere
374 1404 428 1444 non
451 1398 516 1444 sunt
539 1391 608 1458 ausi,
639 1391 704 1463 quia
731 1400 844 1448 sanctus
859 1392 1000 1466 Remigius
1051 1394 1185 1456 nieorum,
1203 1408 1285 1463 quarn
1294 1390 1861 1464 monachorum‚atquesanctimonialium,

196 1496 259 1535 cum
272 1479 368 1555 grandi
385 1479 582 1535 maledictione
590 1481 633 1535 vel
643 1481 869 1537 interminatione
878 1481 931 1536 boc
941 1480 1000 1535 lieri
1050 1481 1169 1553 amplius
1183 1496 1265 1551 quam
1273 1480 1418 1551 quingenti
1447 1495 1498 1551 pro
1513 1480 1601 1551 ipsius
1610 1478 1740 1550 praesenti
1756 1486 1785 1534 et
1800 1495 1862 1550 per·

197 1571 316 1627 vetuerit
330 1571 365 1640 (S.
382 1572 479 1627 Rexrc.
496 1575 525 1626 tn
539 1573 770 1640 suotestumente),
786 1580 840 1638 etc,
858 1591 865 1638 ς
882 1572 1000 1629 immoni
1051 1579 1134 1642 petua
1147 1569 1246 1636 salute,
1261 1568 1287 1622 in
1304 1567 1428 1639 psalmis,
1455 1575 1484 1623 et
1500 1568 1615 1624 canticis
1630 1566 1811 1639 spiritalibus
1823 1574 1864 1622 at-

195 1662 301 1732 eomiti,
316 1678 366 1733 pro
381 1663 464 1717 rebus
489 1663 573 1731 hujus
602 1664 726 1719 ecclesiae
746 1664 775 1718 in
792 1680 876 1736 regno
888 1663 1002 1736 liquita·
1052 1658 1529 1734 quesacrisohlationibuscontinui
1540 1659 1862 1715 oratoresexistantetc.

195 1752 258 1806 nico
273 1750 493 1818 conjacentibus,
506 1758 536 1806 ut
551 1752 683 1807 auxilium
701 1752 783 1807 lerret
799 1768 892 1807 aarum
908 1752 1002 1823 provi·
1053 1756 1120 1809 ltern
1136 1767 1186 1825 pro
1194 1751 1299 1808 eisdem
1311 1750 1395 1805 rebus
1410 1767 1482 1822 pene
1495 1750 1610 1806 similia.
1621 1752 1689 1805 ltem
1706 1750 1822 1805 mittens
1831 1749 1863 1804 ad

194 1846 261 1912 sori,
277 1847 320 1902 cui
337 1844 590 1902 committebantur.
615 1845 735 1900 Gerardo
750 1846 843 1901 comiti
861 1845 1002 1900 nobilissi-
1053 1846 1163 1901 easdem
1180 1860 1223 1899 res
1236 1842 1404 1899 ordinandas
1420 1859 1469 1914 per
1484 1843 1572 1914 ipsius
1595 1841 1705 1898 comitis
1730 1841 1862 1897 auxilium

196 1956 252 2003 mo,
264 1956 313 2011 pre
340 1940 415 1993 lsaac
443 1937 601 2012 lingonicae
624 1937 698 1992 sedis
718 1939 864 2005 stertunt
883 1956 932 2010 per
942 1940 1003 2008 ejus
1055 1939 1084 2011 [i.
1101 1936 1577 2009 eonsiliuml,atquedispenendas‚
1593 1936 1761 1992 monachum
1783 1945 1863 2007 atque

196 2032 342 2087 hortamen
356 2030 530 2085 ordinaretur
541 2029 700 2100 episcopus,
717 2029 928 2101 quianladus,
954 2031 1001 2102 qui
1053 2027 1245 2099 presbyterum
1261 2025 1296 2079 de
1311 2025 1479 2080 monasterio
1501 2024 1589 2080 sancti
1614 2024 1734 2099 Remigii
1752 2024 1863 2081 nomine

196 2124 282 2195 ipsam
298 2129 481 2193 occupaverat
506 2122 662 2190 ecclesiam,
683 2124 814 2179 canonice
828 2139 884 2178 non
914 2124 1004 2193 potuit
1054 2115 1220 2170 Rollridum-
1244 2114 1390 2186 Rodulpho
1405 2114 1503 2170 illustri
1513 2114 1618 2180 comiti,
1634 2128 1685 2185 pro
1700 2113 1860 2168 infirmitate

196 2211 317 2267 ordinari
334 2211 427 2277 ;item,
443 2225 493 2280 pru
508 2210 552 2264 bis
562 2226 623 2282 quae
638 2211 691 2266 sibi
709 2213 810 2267 litteris
822 2213 895 2268 idem
907 2214 1004 2268 Gerar·
1054 2204 1180 2277 conjugis
1194 2202 1290 2274 ipsius,
1305 2212 1332 2257 et
1343 2218 1392 2273 pro
1403 2218 1436 2258 eo
1447 2202 1522 2274 qued
1532 2202 1759 2274 ferebaturjidem
1772 2217 1864 2258 comcs

196 2302 485 2378 dussignilicaverat;
509 2301 615 2359 seilicet
639 2304 714 2375 quod
744 2304 858 2360 llarolus
884 2304 1003 2360 Franciae
1055 2297 1236 2371 interregem
1251 2301 1278 2350 el
1293 2295 1427 2366 quosdam
1459 2294 1599 2363 subjectos
1627 2294 1864 2365 ipsruquuaedam

198 2411 245 2451 rex
258 2392 377 2450 senioris
404 2391 493 2463 ipsius
520 2392 610 2449 llaroli
636 2394 782 2466 Cisalpinae
807 2396 901 2451 Galliae
931 2396 1005 2471 regis
1055 2390 1192 2446 contraria
1220 2389 1368 2456 seminare,
1393 2405 1519 2444 asserens
1545 2388 1599 2443 sibi
1619 2403 1732 2461 quoque
1748 2388 1865 2444 domnus

197 2499 312 2556 regnum
332 2481 482 2536 sibivellet
510 2481 668 2553 subripere,
697 2484 770 2554 quud
802 2485 862 2556 ipse
887 2485 1005 2540 domnus
1056 2481 1343 2554 llincmarus,quiaab
1360 2481 1559 2550 hujusmodire
1571 2480 1651 2537 valde
1666 2496 1698 2536 se
1714 2478 1864 2536 iminuuem

197 2571 359 2626 llincmarus
374 2584 548 2641 nequaquam
577 2568 636 2624 fieri
649 2572 752 2625 asserit
764 2590 771 2638 ;
786 2571 821 2626 de
841 2572 925 2627 rebus
935 2588 1006 2662 quq·
1055 2575 1179 2646 putabat,
1189 2575 1242 2629 boc
1253 2575 1343 2645 ipsum
1353 2575 1474 2646 reputari
1488 2591 1495 2640 ;
1510 2580 1538 2629 et
1550 2574 1616 2646 quia
1630 2575 1665 2628 de
1678 2573 1722 2629 bis
1732 2573 1866 2645 quierant

197 2679 252 2734 que
262 2664 289 2717 S.
307 2661 426 2734 Remigii
440 2661 620 2716 inProvincia
632 2662 704 2728 sitis,
721 2679 771 2734 pro
787 2665 891 2735 quibus
902 2666 1003 2721 audie·
1055 2681 1117 2721 cum
1133 2682 1197 2738 rege
1207 2666 1272 2721 talia
1287 2665 1417 2720 mandata
1431 2666 1569 2732 venirent,
1579 2681 1641 2738 quae
1654 2681 1711 2722 uon
1721 2666 1867 2722 convenis-

197 2763 238 2809 rat
260 2755 392 2808 domnum
416 2752 591 2807 llinemarum
620 2753 655 2808 ad
681 2769 774 2829 regem
808 2757 1005 2835 proclamasse,
1057 2768 1130 2817 sent.
1146 2761 1223 2816 Unde
1238 2758 1307 2814 nibil
1317 2761 1409 2815 eidem
1422 2758 1517 2814 comiti
1530 2757 1652 2813 scribere
1666 2763 1866 2829 posset,neque

197 2845 316 2916 quodse
344 2843 455 2913 penitus
475 2851 558 2918 negat
580 2845 682 2919 egisse,
711 2862 762 2901 nec
785 2848 1007 2921 quotiescunque
1057 2865 1108 2921 per
1121 2849 1207 2904 alium
1222 2848 1468 2914 mandare‚donec
1482 2847 1564 2902 simul
1581 2846 1777 2917 loquerentur,
1793 2851 1820 2901 et
1833 2844 1866 2899 de

198 2951 312 2991 necesse
327 2933 388 3002 iuit,
416 2950 465 3005 pro
492 2936 579 3006 ipsius
598 2936 626 3008 ji,
651 2937 728 3008 ipsis]
747 2937 830 2993 rebus
856 2939 892 2994 ad
910 2940 1006 3006 alium,
1059 2940 1160 2995 talibus
1175 2955 1236 3012 quae
1250 2939 1385 2995 vidissent
1398 2939 1498 2995 melius
1524 2937 1557 2993 ad
1571 2936 1719 2993 utilitatem
1734 2945 1763 2992 et
1783 2937 1867 2991 bone·

198 3043 281 3100 quarn
296 3025 330 3080 ad
346 3025 437 3096 ipsum
465 3023 626 3092 Gerardum,
652 3034 680 3082 et
691 3026 725 3081 etl
741 3042 806 3082 suos
830 3025 927 3081 fideles
942 3026 1008 3082 inde
1058 3034 1156 3084 statem
1180 3028 1299 3083 senioris
1321 3028 1364 3084 sui
1392 3028 1543 3099 pertinere,
1574 3031 1669 3082 mutuo
1696 3024 1866 3092 conferrent,

197 3115 413 3192 suggestionem,
430 3114 563 3170 direxisse
579 3114 631 3186 ,de
655 3115 707 3171 boc
731 3116 815 3171 etiam
843 3117 919 3187 quod
935 3116 1005 3171 scri·
1021 3088 1221 3195 Cquantocius
1249 3131 1340 3178 autem
1365 3121 1501 3193 potuisset
1519 3120 1554 3175 ad
1579 3135 1673 3194 regem
1688 3125 1830 3192 pergeret,
1841 3126 1868 3172 et

198 3207 715 3280 pseratbiecomesseaudisse,qu0d
732 3225 779 3263 rex
806 3208 860 3263 iste
890 3208 1005 3263 llarolus
1055 3228 1117 3268 eum
1131 3212 1178 3267 illo
1194 3200 1310 3285 degens,
1343 3218 1589 3282 quantumcunque
1602 3207 1719 3275 valeret,
1737 3216 1866 3273 certaret,

199 3297 367 3354 monasteria
389 3296 473 3352 vellet
496 3312 640 3367 usurpare,
666 3313 727 3368 quae
741 3297 822 3352 beato
843 3298 923 3352 Petro
939 3311 1006 3367 apo·
1056 3311 1224 3359 utsecoram
1247 3303 1303 3359 [leo
1323 3302 1406 3358 corde
1425 3307 1453 3356 et
1478 3317 1564 3371 opere
1588 3300 1755 3367 custodiret,
1769 3301 1867 3371 urique

198 3391 270 3446 stolo
285 3389 358 3445 idem
373 3389 510 3444 Gerendus
522 3388 673 3444 tradiderat
685 3396 727 3444 :et
740 3390 805 3461 quia
819 3389 842 3443 si
857 3389 1004 3460 resipsius,
1056 3411 1105 3452 suo
1118 3396 1153 3450 ab
1166 3394 1234 3466 ipsis
1249 3394 1333 3449 etiam
1348 3394 1395 3465 qui
1419 3392 1589 3465 putabantur
1603 3391 1696 3457 amici,
1712 3392 1866 3447 custodiam

199 3483 302 3555 quaein
318 3484 464 3556 bocregno
492 3482 679 3551 conjacerent,
704 3482 739 3535 ab
751 3496 784 3536 eo
799 3480 889 3537 iurent
899 3481 1006 3549 ablatae,
1060 3484 1216 3556 imponeret
1242 3485 1293 3554 (ps.
1318 3484 1388 3551 exul,
1413 3481 1500 3537 etde
1526 3480 1729 3537 convocatione
1745 3478 1866 3535 fidelium

200 3572 263 3643 ipse'
273 3570 449 3627 licetinvitus
462 3585 506 3625 res
519 3569 693 3641 hujusregui‚
705 3569 856 3640 quaeinillo
866 3570 1009 3625 babeban·
1060 3572 1143 3645 regis,
1172 3580 1199 3626 et
1212 3571 1366 3627 directione
1389 3570 1476 3642 ipsius
1494 3569 1591 3636 animi,
1602 3576 1685 3640 atque
1701 3567 1868 3624 discissione

200 3671 243 3719 tur
254 3662 817 3736 regnopraesumeret;respondetdomnus
829 3662 1009 3734 praesul,quia
1058 3664 1142 3732 hujus
1156 3663 1234 3736 regni
1251 3682 1259 3729 ;
1279 3663 1328 3717 sed
1343 3672 1371 3718 et
1395 3661 1589 3718 interlectione
1612 3661 1756 3718 Britonum
1778 3661 1868 3716 lieris-

200 3772 249 3811 sua
261 3755 403 3810 voluntate
419 3770 501 3810 uerno
527 3770 570 3808 res
582 3752 706 3808 ecclesiae
720 3753 747 3807 in
761 3769 841 3809 suurn
854 3755 1007 3826 periculum
1060 3752 1146 3828 pogii,
1163 3752 1329 3818 Salomonis,
1346 3759 1373 3807 et
1384 3751 1532 3817 almarchi,
1556 3758 1639 3822 atque
1657 3750 1691 3806 de
1708 3750 1810 3807 itinere
1825 3765 1878 3804 re—

200 3854 361 3920 usurparet;
377 3847 474 3902 timere
485 3861 525 3912 se,
544 3861 673 3900 asserens
683 3861 719 3900 ne
734 3860 826 3901 coram
838 3846 894 3902 Dee
907 3846 1009 3921 dignus
1059 3846 1131 3919 ginee
1142 3845 1175 3899 ad
1187 3860 1291 3918 regem,
1304 3849 1385 3915 prout
1398 3844 1457 3915 ipse
1472 3843 1664 3910 mandaverat,
1677 3850 1707 3898 et
1718 3843 1784 3915 quia
1798 3840 1896 3897 mal-

200 3937 345 4004 babeatur,
360 3944 389 3990 ut
403 3936 454 3991 boc
471 3935 632 4006 intempore
647 3934 794 3990 sacerdotii
805 3935 848 3990 sui
861 3935 1010 3990 commissa
1059 3947 1117 3993 tum
1132 3937 1168 3992 de
1180 3952 1245 4009 rege
1258 3935 1384 3992 timebat.
1399 3937 1466 3991 ltem
1488 3935 1522 3990 de
1533 3951 1567 3991 eo
1577 3936 1653 4007 quod
1669 3934 1698 3989 in
1715 3935 1816 3990 litteris
1828 3935 1883 4006 ip-

199 4030 253 4083 sibi
279 4029 400 4101 patiatur
419 4028 546 4083 ecelesia.
574 4028 768 4082 Verumtamen
798 4028 821 4082 si
845 4029 907 4099 quis
937 4045 1008 4100 prae-
1059 4026 1320 4082 siuscomitisinter
1337 4026 1427 4096 ipsum
1451 4026 1581 4081 comitem
1594 4032 1621 4082 et
1635 4040 1730 4100 regern
1743 4038 1880 4080 eommo-

200 4120 360 4190 sumpscrit,
371 4120 431 4189 plus
445 4119 485 4173 illi
495 4118 591 4173 dolere
606 4134 688 4189 quam
703 4118 767 4180 sibi,
781 4119 932 4190 periculum
943 4136 1011 4191 prae·
1061 4121 1165 4176 tionem
1177 4124 1344 4192 cognoverat
1358 4132 1418 4173 esse
1434 4117 1599 4183 indebitam,
1613 4118 1689 4172 unde
1705 4117 1775 4173 satis
1788 4115 1873 4173 tristis

201 4208 863 4281 sumptorisexdivinispandensauctoritatibus.
873 4210 1012 4278 adjiciens
1062 4210 1175 4267 effectus
1185 4217 1251 4267 erat.
1278 4211 1309 4267 Et
1336 4211 1401 4282 quia
1415 4211 1450 4266 de
1464 4210 1509 4266 bis
1523 4209 1651 4283 quaesibi
1666 4209 1771 4265 litteris
1785 4208 1870 4283 signi·

203 4317 313 4374 quoquc
325 4302 360 4355 de
374 4316 407 4355 eo
422 4302 497 4373 quod
513 4316 543 4354 se
559 4306 713 4366 monuerat,
730 4308 760 4355 ut
774 4301 844 4355 sacri
863 4318 945 4356 eausa
957 4303 1011 4357 mi·
1062 4298 1200 4367 beaverat,
1214 4299 1286 4371 apud
1306 4315 1410 4375 regem,
1431 4306 1513 4371 prout
1522 4300 1666 4371 potuisset,
1684 4304 1831 4372 satageret,
1840 4304 1861 4352 el

202 4389 309 4445 nisterii
332 4404 425 4461 regem
447 4404 463 4442 a
477 4387 579 4443 talibus
608 4396 748 4444 revocaret
762 4389 931 4454 excessibus,
946 4391 1012 4462 quia
1063 4389 1199 4461 quidquid
1217 4389 1365 4455 inveniret,
1375 4389 1397 4443 si
1409 4388 1688 4454 adeumremitteret,
1700 4388 1754 4460 ipsi
1766 4400 1859 4444 reman-

202 4481 279 4553 prius
292 4480 321 4535 in
337 4480 412 4535 illius
431 4480 613 4552 dispositione
640 4481 705 4536 talia
722 4498 777 4537 non
798 4492 970 4554 perceperat,
985 4491 1012 4539 et
1024 4460 1125 4537 Duare
1140 4489 1257 4537 curaret.
1274 4481 1414 4551 Adjiciens
1427 4483 1494 4555 quid
1519 4482 1573 4538 sibi
1588 4482 1623 4536 de
1637 4478 1854 4537 bominibussuis

202 4574 236 4628 de
251 4573 328 4628 vanis
341 4573 547 4643 suspicionibus
559 4590 638 4629 suum
650 4589 705 4629 non
722 4584 783 4631 erat
792 4577 934 4632 seniorem
949 4593 1011 4633 cor·
1061 4570 1203 4636 acciderit,
1227 4585 1296 4641 (11108
1310 4586 1404 4626 secum
1431 4587 1515 4642 super
1540 4570 1658 4644 Ligerim
1686 4569 1796 4637 babuit,
1810 4581 1853 4651 ne

201 4666 305 4737 ripere,
321 4666 384 4720 ideo
399 4682 451 4721 nec
466 4667 531 4721 inde
541 4676 697 4722 monuerat.
714 4668 793 4723 Nune
805 4677 896 4725 autem
909 4676 1011 4726 sertam
1062 4667 1169 4716 nenset
1179 4657 1338 4714 confortans
1350 4659 1377 4714 in
1391 4659 1519 4728 Domino,
1535 4676 1571 4715 ne
1585 4654 1853 4715 commoneaturlevi·

202 4763 229 4810 et
239 4770 349 4810 eausam
370 4754 487 4819 babens,
503 4763 530 4810 et
540 4770 696 4826 personam,
714 4756 808 4811 debita
824 4757 973 4814 (levatione
981 4773 1013 4813 ae
1062 4756 1105 4805 ter
1119 4763 1170 4820 pro
1185 4744 1408 4819 talibus,quibus
1423 4748 1462 4803 illi
1473 4748 1520 4820 qui
1530 4749 1617 4803 ileum
1627 4748 1725 4803 timere
1734 4746 1852 4804 nesciunt,

203 4843 468 4900 fidelitatestudebit
480 4845 698 4902 dominationem
715 4846 802 4917 ipsius
821 4863 946 4903 monere.
1063 4849 1304 4900 commoventur:
1343 4839 1392 4896 sed
1417 4855 1498 4895 suurn
1540 4840 1644 4896 bonum
1664 4855 1780 4897 nomen.
1800 4837 1852 4893 sieut

238 4938 306 4993 ltern
318 4952 366 5008 pro
379 4936 499 5008 praelatis
528 4939 612 4994 rebus
638 4939 725 4994 sancti
757 4938 884 5013 Remigii,
895 4938 930 4992 de
945 4938 1011 5010 qui·
1063 4932 1135 4988 bene
1150 4932 1345 5003 crepitusque
1374 4931 1408 4985 ad
1435 4929 1519 4986 finem
1533 4930 1687 5002 perducere
1705 4930 1818 4986 studeat.
1829 4923 1851 4978 tt

201 5027 253 5082 bus
262 5026 334 5081 idem
351 5027 488 5082 Gerardus
503 5028 568 5083 huic
593 5027 804 5098 archiepiscopo
813 5027 911 5082 litteris
925 5027 1011 5100 signi·
1063 5021 1129 5095 quia
1143 5021 1217 5093 regis
1231 5020 1354 5075 animum
1383 5020 1440 5088 jam
1455 5018 1527 5074 bene
1537 5026 1731 5093 cognosceret,
1746 5017 1793 5092 qui
1804 5015 1850 5069 lieet

201 5113 330 5170 beaverat
344 5131 374 5170 se
390 5116 548 5181 condolere,
570 5117 634 5188 quia
661 5117 901 5172 devastabantura
917 5116 1011 5171 multis
1063 5112 1156 5183 aliqua
1174 5111 1209 5165 sit
1233 5107 1439 5181 perturbatione
1466 5108 1737 5175 commotus,statim
1764 5112 1793 5162 ut
1805 5115 1848 5160 ern

200 5212 228 5257 et
240 5202 334 5274 plures
361 5206 521 5261 earumdem
543 5213 694 5262 vastatores
717 5206 841 5262 dicerent
872 5205 944 5277 quod
963 5222 1012 5277 per
1062 5216 1095 5256 eo
1110 5201 1220 5256 locutus
1233 5198 1316 5253 luerit
1330 5207 1358 5252 et
1373 5197 1398 5253 ei
1422 5213 1500 5252 suam
1514 5196 1693 5252 devotionern
1706 5195 1848 5252 manileslt·

201 5296 410 5351 concessionem
421 5297 493 5371 regis
507 5298 608 5367 llaroli,
625 5305 652 5353 et
664 5299 747 5368 liujus
760 5298 855 5353 domni
872 5298 1010 5354 llinemari
1061 5291 1143 5358 verit,
1154 5291 1226 5347 sicut
1240 5290 1329 5349 decet,
1348 5298 1375 5344 et
1389 5288 1460 5344 sicut
1474 5297 1578 5345 rectum
1593 5296 1646 5358 est,
1667 5305 1732 5344 eum
1747 5281 1848 5343 addit

201 5385 311 5442 easdem
328 5397 556 5460 resoccuparent.
570 5390 646 5445 Unde
668 5390 792 5446 notificat
807 5390 897 5445 eidem
910 5391 1010 5445 Gerar·
1062 5383 1227 5449 adimens,
1248 5389 1277 5435 ui
1302 5380 1379 5448 1οΧῑο
1405 5378 1576 5449 Al>⁰⁸¹⁰111¹¹¹2
1602 5379 1694 5434 0¹¹¹ssss
1713 5370 1848 5451 indignatio

200 5477 247 5545 do,
265 5478 330 5550 quia
344 5494 440 5550 exquo
451 5481 563 5535 easdem
578 5497 622 5535 res
642 5480 736 5536 eidem
751 5480 932 5549 commiserit,
947 5480 1010 5536 nul·
1061 5471 1201 5528 auferatur
1211 5471 1244 5526 ab
1260 5486 1293 5527 00
1308 5469 1458 5527 cumomni
1481 5469 1587 5525 malilit
1599 5469 1709 5540 (pres.
1721 5469 1771 5538 tvl·
1789 5455 1847 5529 0⁰⁰4

200 5566 433 5624 liusalteriuseas
454 5569 604 5641 provisioni
629 5569 809 5643 delegaverit,
831 5569 884 5624 nisi
901 5574 1008 5626 tanturn
1059 5567 1082 5621 si
1102 5565 1190 5631 fieret,
1203 5579 1252 5635 pro
1278 5579 1311 5619 eo
1338 5564 1412 5636 quod
1427 5579 1474 5618 rex
1501 5578 1589 5635 nepus
1603 5562 1693 5635 ipsius
1707 5567 1788 5626 esset,
1801 5554 1846 5628 plut

199 5654 472 5715 llildoardocuidam
492 5658 656 5715 nutritosuo
681 5658 849 5730 injunxerat,
864 5664 894 5715 ut
909 5658 1007 5729 majori
1058 5655 1136 5727 pium
1161 5652 1283 5710 animum
1308 5668 1373 5726 erga
1399 5668 1462 5708 eum
1487 5652 1612 5721 baberet,
1645 5667 1696 5724 pro
1726 5635 1844 5716 boeqttld
