3840 6106
53 278 85 331 at
156 274 159 279 ’
392 268 554 325 iiiSTORlAE
572 266 744 323 ECCLRSiAE
763 264 928 321 auuuusts
948 264 1036 320 LiBRl
1057 265 1219 329 QURTUOR.
1232 298 1268 307 —
1288 266 1349 322 ΗΒ.
1371 271 1390 324 Ι.
1693 274 1728 329 82

53 401 180 476 gemitus
190 398 296 464 ederet,
309 405 408 469 pectus
423 393 713 464 tunderet,·laerpmas
726 390 865 456 iuudcret,
882 396 1019 462 Apetunt
1031 389 1166 453 ecclesiae,
1181 391 1277 446 videre
1287 393 1432 463 cupientes
1447 395 1584 469 magnalia
1596 396 1657 450 Dei.
1678 397 1728 452 Vi-

55 492 122 546 dum
143 501 198 545 tarn
223 486 361 560 stupenda
385 485 542 541 divinorum
569 483 644 540 dona
671 480 866 538 charismatum
917 487 1025 550 dentes,
1055 489 1086 537 ut
1107 481 1263 547 audierant,
1291 484 1447 540 divinarum
1474 487 1553 561 signa
1583 489 1725 556 virtutum,

55 566 446 653 conspiceresouiserenim
460 583 543 649 queat
554 590 720 631 enumerare
733 573 866 628 mirorum
917 576 1048 634 maninus
1062 583 1202 646 gratanter
1225 575 1253 628 in
1269 577 1368 630 catum
1394 580 1539 648 porrectis,
1555 580 1728 636 benedicunt

54 674 164 746 cOpiam
175 672 286 728 coelitus
300 670 346 725 hic
356 686 389 724 ea
408 669 453 723 die
469 667 611 739 profusam
628 664 744 720 iNemo
759 681 866 731 revera,
917 667 1075 723 Dominum.
1089 663 1465 739 Quoddivinaebenignitatis
1476 668 1637 724 miraculum
1647 669 1727 725 valde

55 762 103 834 qui
120 761 269 833 praevaleat
288 758 420 831 expedire
448 773 578 814 sermone
605 765 673 829 quot
699 762 867 830 aegrotantes
920 754 1132 827 tuucproiuisse
1160 754 1333 826 dignoscitur
1356 755 1501 809 adeorum
1518 759 1657 822 solatium,
1678 760 1726 831 qui

54 851 156 915 musti,
173 858 243 922 quot
257 848 409 904 titubantes
429 846 525 914 erecti,
538 852 607 917 quot
620 845 680 916 ipsa
693 844 737 899 die
751 843 869 898 diversis
918 863 948 902 se
964 844 1146 916 corporaliter
1161 843 1252 899 deseri
1273 851 1350 900 tanto
1375 844 1567 915 querebantur
1595 858 1723 917 patrono.

54 944 176 998 hicsunt
191 941 318 998 cladibus
333 939 466 996 absoluti.
919 934 1025 1001 Quibus
1042 943 1133 989 tanieu
1148 933 1312 1005 spiritaliter
1325 950 1355 989 se
1369 950 1424 989 nou
1439 934 1537 990 deesse
1549 936 1595 989 tali
1613 944 1726 1008 quatrata

90 1034 158 1089 Post
173 1032 283 1104 expleta
308 1030 489 1102 mysticorum
515 1024 691 1083 discedentes
705 1040 792 1090 sacra,
809 1041 869 1080 ma·
921 1025 1191 1098 pietatisdeclaravit
1205 1024 1318 1081 indicio.

55 1126 188 1183 turabaut
203 1127 308 1197 quique
332 1129 459 1194 repetere
474 1136 534 1175 sua.
550 1118 604 1174 Sed
627 1119 701 1173 inter
715 1116 871 1173 absceden·
955 1119 985 1173 lu
1003 1117 1120 1173 ecclesia
1136 1132 1248 1189 quoque
1264 1117 1352 1171 beatae
1365 1118 1413 1173 Dei
1423 1117 1729 1184 Genitriois,ubivene-

54 1217 121 1271 durn
142 1217 236 1270 minan
255 1213 323 1270 oriri
352 1211 497 1277 territatio,
521 1209 611 1266 nubes
630 1209 869 1264 teterrimaeterri·
920 1213 1007 1269 rabile
1024 1213 1110 1284 patris
1140 1213 1222 1281 hujus
1243 1211 1526 1286 servabaturpiguus,
1547 1212 1728 1267 nonnultidi.

55 1310 184 1380 bilesque
198 1320 377 1380 consurgere,
387 1303 544 1360 truculenta
555 1302 647 1373 polum
662 1299 780 1373 caligine
791 1300 867 1355 clau·
918 1305 1005 1361 versis
1019 1304 1115 1378 agroti
1131 1314 1196 1359 sunt
1216 1303 1326 1358 interim
1346 1303 1433 1358 curati
1454 1302 1644 1376 languoribus.
1662 1303 1727 1358 Nam

56 1396 245 1463 dere,micare
256 1393 375 1467 fulgura,
385 1406 553 1463 concrepare
560 1391 692 1455 tonitrua,
703 1389 867 1464 grandoque
890 1437 893 1448 ·
918 1398 1029 1469 quidam
1046 1397 1158 1452 nomine
1182 1396 1284 1451 Natalis
1299 1397 1333 1452 de
1349 1396 1522 1465 Rurdenaco,
1531 1395 1631 1453 mulier
1646 1397 1728 1450 etiam

55 1484 311 1541 solumverberare
342 1483 427 1554 coepii
452 1497 511 1537 ¹10ss
536 1480 661 1536 minima·
689 1480 747 1543 0¹10
763 1488 868 1534 lersfflss
918 1490 1130 1561 quaedamdicta
1146 1491 1386 1564 Teutberga,item
1399 1489 1502 1544 mulier
1516 1490 1601 1544 altera
1616 1490 1729 1545 nomine

56 1577 178 1650 perculsi
208 1576 318 1632 rediere
336 1573 459 1646 plurimi,
489 1572 663 1629 clementiam
688 1572 886 1644 deprecantes*
921 1580 1087 1642 warnildis,
1109 1581 1191 1648 hujus
1220 1579 1374 1650 patrocinio
1390 1579 1477 1650 papis
1496 1579 1586 1633 visum
1601 1578 1726 1649 recipere

55 1670 203 1737 ,altissima
220 1677 357 1741 quatenus
371 1664 753 1737 hujusintereessionepatris
763 1664 869 1719 beatis·
922 1679 1094 1723 meruerunt.
1110 1668 1168 1722 Alia
1179 1668 1305 1739 quaedam
1322 1683 1433 1739 quoque
1448 1667 1548 1722 mulier
1558 1667 1642 1721 unius
1655 1666 1726 1722 oculi

55 1765 115 1818 simi
131 1769 311 1818 mererentur
325 1760 359 1814 ab
378 1759 421 1814 bis
432 1757 643 1813 imminentibus
658 1757 855 1828 periculiserui
883 1763 1006 1832 ssvisurn
1017 1762 1148 1817 ineadem
1160 1762 1243 1816 domo
1259 1760 1435 1831 recuperavit
1446 1761 1588 1815 amissum.
1601 1760 1729 1825 Quaedam

56 1853 157 1907 llirum
178 1851 205 1906 iu
227 1851 339 1907 modum
358 1848 545 1921 perturbatio,
561 1855 764 1919 quaeterrorem
777 1848 869 1902 incus-

55 1950 137 2008 serat,
156 1938 307 2006 immutari,
324 1937 439 1992 nubium
454 1951 594 1992 rarescere
618 1936 648 2008 [s.
667 1939 686 1990 ἱ.
704 1935 865 2007 clarescere]

56 2030 253 2092 tenebrositas,
289 2043 398 2083 cessare
435 2026 555 2103 fulgura,
583 2026 705 2102 mitigari
735 2025 866 2093 tonitrua,

56 2129 214 2192 cunctaque
226 2119 318 2175 sedari
329 2119 413 2191 coepit
422 2135 455 2174 ac
474 2117 601 2188 dissipari
614 2122 773 2186 tempestas,
790 2125 820 2169 et
833 2131 866 2170 eu

56 2214 122 2268 truci
149 2228 286 2267 cons-ersa
312 2213 340 2266 in
360 2210 548 2282 exoptabilem
572 2210 694 2281 pluviam
717 2208 865 2281 grandine,

56 2301 164 2355 telluris
185 2299 306 2355 ubertim
321 2297 494 2372 superficies,
510 2315 573 2372 quae
595 2299 682 2355 nimio
697 2298 867 2354 solisexnsta

56 2392 181 2446 terrebat
196 2391 307 2458 ardore,
322 2391 434 2464 perlusa
446 2391 571 2447 secundo
586 2390 738 2446 salubriter
760 2390 869 2445 relove-

58 2482 235 2536 turhumore.
259 2481 361 2553 Sicque
382 2480 527 2537 manifeste
559 2481 685 2555 dignosci
699 2480 780 2534 datur
795 2479 869 2533 indi-

58 2573 199 2644 gnationis
219 2573 253 2627 ad
266 2572 363 2629 horam
389 2573 529 2629 concitata
542 2571 688 2643 permotio,
704 2572 801 2627 salutis
816 2573 868 2627 im-

59 2670 161 2718 mutata
182 2660 321 2718 subsidio.
339 2662 462 2734 [leuique
476 2660 671 2734 benignissimi
687 2662 771 2731 patris
785 2662 868 2730 hujus

58 2755 156 2810 solatio
180 2754 267 2811 totius
296 2754 363 2810 dirae
388 2754 475 2826 pestis
503 2755 604 2811 nostris
630 2755 742 2811 videtur
763 2754 867 2810 finibus

59 2847 200 2902 eliminata
214 2847 366 2919 corruptio,
389 2846 512 2902 Salubris
531 2863 588 2914 aer,
603 2846 696 2919 pluvia
717 2847 781 2903 data
799 2863 866 2904 cou-

60 2953 169 3009 gmens,
181 2937 266 2994 timor
279 2937 363 2993 etiam
377 2937 425 3009 qui
441 2955 558 3013 regnum
573 2944 731 3009 pervaserat
746 2937 865 3006 hostilis,

62 3029 173 3100 iuspem
195 3029 328 3100 paulatim
347 3030 504 3086 securitatis
525 3031 723 3104 tranquillitate
751 3032 868 3087 vertitur

64 3121 140 3189 pacis.

90 3212 257 3268 Raceadem
282 3212 394 3285 praelata
416 3215 523 3271 scilicet
538 3214 669 3272 illationis
679 3216 749 3271 sacri
767 3232 868 3288 corpo-

64 3317 84 3355 re
99 3303 127 3356 in
143 3300 244 3356 urbem
270 3301 327 3371 die,
352 3303 441 3380 tingui
470 3303 647 3372 tervtnajam
663 3305 731 3360 solis
759 3306 868 3361 Oceano

64 3397 113 3443 rota
128 3397 254 3460 petente,
270 3390 393 3462 quidam,
409 3391 522 3448 Nivolus
543 3394 664 3460 nomine,
677 3394 711 3449 de
727 3394 868 3466 villaque

66 3492 168 3536 vocatur
183 3481 341 3547 [lominica
371 3482 518 3540 Remorum
538 3486 639 3540 montis
653 3485 680 3540 in
706 3487 791 3540 latare
804 3485 866 3552 sita,

67 3571 156 3625 surdus
170 3576 199 3625 et
209 3572 456 3641 mutus,manibus
483 3589 594 3646 quoque
608 3591 657 3645 per
670 3589 867 3631 annosnovem

69 3657 157 3714 debilis
172 3675 206 3714 ac
236 3660 366 3730 pedibus
392 3663 582 3735 qualicunque
605 3664 689 3720 v’aluit
714 3680 763 3735 per
783 3672 866 3719 totam

70 3747 129 3803 liern
143 3751 303 3819 conamine,
319 3752 354 3807 ab
370 3752 459 3826 ipsius
474 3756 614 3828 surgentis
634 3772 740 3812 aurorae
752 3755 868 3820 lumine,

71 3855 109 3907 per
122 3842 250 3914 quinque
273 3843 359 3901 ierme
386 3863 517 3918 passuum
533 3863 635 3920 repens
663 3848 759 3914 millia,
775 3849 818 3903 vix
834 3847 869 3901 ad

72 3928 145 3999 ipsius
154 3932 226 3987 aedis
235 3933 356 4004 sepulcri
366 3935 470 4002 limina,
487 3954 542 4009 qua
557 3937 665 3993 decima
677 3937 788 3993 taudem
806 3953 869 4008 per·

72 4024 133 4077 renit
146 4025 226 4080 hora.
249 4025 299 4090 oui
313 4026 378 4083 dum
389 4028 515 4090 veniens,
528 4046 636 4085 sacrum
648 4046 749 4101 corpus
764 4029 868 4083 ibidem

73 4131 115 4169 ron
129 4118 230 4175 adesse
245 4121 436 4192 comperisset,
466 4123 617 4195 templique
634 4122 707 4178 iores
719 4121 790 4176 seris
800 4118 867 4172 dili-

10 4216 15 4241 ¹-
72 4216 159 4273 genter
173 4208 330 4265 obfirmatis
339 4211 447 4267 clausas
458 4213 635 4284 perspiceret,
651 4213 755 4267 cadens
776 4212 803 4265 in
824 4210 835 4264 l
853 4238 867 4249 ·

73 4297 230 4371 ciemsuper
257 4307 369 4368 terrant,
384 4301 503 4373 quadam
529 4303 868 4375 praesumptionisimpnr-

73 4393 187 4461 leuitate,
201 4397 356 4453 sanctitatis
362 4412 446 4453 aures
465 4395 639 4452 clandestino
653 4396 738 4467 coepit
751 4396 869 4450 clamere

919 1858 1053 1923 praeterea
1073 1850 1175 1921 puella,
1191 1849 1357 1921 cognomino
1371 1850 1389 1903 F
1392 1850 1526 1924 lorgitdis,
1541 1866 1574 1904 ex
1588 1849 1652 1903 villa
1667 1865 1729 1921 quae

918 1951 1032 1996 vocatur
1045 1939 1171 1994 Cancelia
1183 1954 1264 1993 secus
1275 1937 1383 1993 Libram
1397 1939 1514 1993 rivulum
1528 1939 1591 2002 sita,
1612 1947 1731 2009 quatuor

919 2028 1029 2083 circiter
1050 2028 1140 2083 aetatis
1164 2044 1251 2083 annos
1282 2045 1393 2102 gerens,
1412 2028 1574 2087 lubricando
1590 2029 1729 2100 prolapsa,

918 2124 1064 2188 utrumque
1085 2117 1139 2171 sibi
1160 2135 1232 2191 genu
1246 2118 1439 2173 debilitaverat
1457 2135 1463 2172 :
1481 2118 1519 2171 ita
1534 2117 1632 2172 clauda
1646 2117 1726 2184 lacta,

918 2213 947 2260 ut
960 2207 1074 2261 omniuo
1090 2222 1141 2261 nec
1169 2222 1295 2279 gressum
1308 2205 1404 2281 figere,
1427 2222 1477 2261 nec
1492 2206 1611 2277 pedibus
1626 2208 1729 2261 valeret

918 2298 1056 2353 insistere.
1073 2299 1157 2364 Quem
1168 2307 1297 2370 parentes
1308 2299 1380 2367 eius,
1393 2299 1518 2369 quamvis
1529 2314 1677 2369 pauperes,
1692 2297 1726 2353 dc

919 2391 1051 2462 sospitate
1065 2399 1156 2448 tamen
1174 2391 1261 2462 ipsius
1276 2391 1397 2456 solliciti,
1420 2407 1469 2461 per
1480 2391 1603 2445 diversas
1618 2391 1727 2445 ‹lelerre

919 2493 1076 2541 sanctorum
1093 2493 1257 2541 curaverunt
1284 2483 1426 2539 ecclesias.
1452 2485 1498 2538 ast
1525 2484 1572 2538 ubi
1599 2485 1654 2554 iam
1677 2500 1728 2554 per

919 2581 1078 2638 duodenum
1107 2579 1165 2635 lere
1195 2594 1330 2634 annorum
1357 2578 1475 2649 spatium
1505 2577 1551 2632 tuli
1583 2586 1728 2631 vexaretur

918 2671 1059 2745 languoris
1072 2667 1232 2729 acerbitate,
1263 2683 1314 2721 nec
1343 2666 1497 2721 remedium
1519 2674 1611 2737 posset
1627 2666 1730 2720 doloris

918 2759 1067 2822 invenire;
1088 2756 1263 2828 comperiens
1295 2757 1330 2810 de
1359 2756 1493 2810 relatione
1506 2755 1577 2809 sacri
1592 2754 1727 2825 corporis,

917 2866 1089 2924 operumque
1104 2850 1253 2914 miraculis,
1269 2865 1323 2920 quo
1332 2848 1417 2904 valuit
1431 2848 1504 2912 nisu,
1523 2863 1619 2918 repere
1633 2847 1728 2918 coepit,

918 2960 968 3000 nec
981 2961 1011 2999 se
1025 2952 1157 3013 carpento
1173 2941 1308 3013 permittit
1323 2941 1439 3012 imponi,
1457 2941 1505 2994 sed
1535 2947 1635 3005 tractu,
1647 2947 1730 3010 prout

917 3039 1000 3102 valet,
1016 3036 1083 3090 illud
1099 3051 1181 3110 agere
1198 3034 1279 3109 gestit
1296 3035 1357 3089 iter.
1386 3033 1424 3087 td
1441 3033 1573 3104 templum
1589 3048 1654 3087 vero
1669 3049 1732 3103 per-

879 3093 1043 3194 Cveniens,
1071 3141 1126 3197 quo
1164 3124 1319 3196 pretiosum
1349 3123 1445 3178 salutis
1472 3123 1598 3178 audierat
1630 3139 1731 3178 munus

920 3219 1022 3283 inesse,
1036 3215 1106 3270 fusis
1120 3212 1414 3270 Dominiclementiam
1424 3212 1496 3268 votis
1508 3228 1559 3284 pro
1571 3212 1728 3286 suiilagitat

919 3309 1096 3364 liberatione.
1114 3306 1206 3362 Sedet
1220 3305 1341 3377 propriis
1360 3305 1447 3360 lertur
1463 3305 1621 3375 pavimenta
1636 3306 1728 3376 iacry-

920 3403 971 3456 mis
985 3403 1170 3460 humectasse,
1197 3398 1261 3461 Quae
1290 3405 1437 3467 postquam
1464 3413 1515 3468 per
1537 3405 1594 3452 tres
1619 3397 1731 3453 itadics

918 3492 1031 3566 egisset,
1062 3490 1127 3544 dum
1157 3489 1250 3542 ‹louuo
1273 3484 1404 3556 precibus
1425 3485 1609 3551 incumberet,
1636 3487 1730 3542 divina

917 3581 971 3635 sibi
986 3579 1074 3653 gratia
1089 3576 1314 3648 superveniente,
1339 3576 1394 3631 vim
1416 3575 1564 3631 medicinae
1580 3577 1625 3632 vu
1637 3577 1731 3632 valens

919 3673 991 3728 lerre
1008 3671 1116 3744 magnis
1145 3669 1230 3740 coepit
1256 3667 1371 3724 vocibus
1398 3675 1532 3739 strepere,
1555 3677 1582 3724 et
1607 3668 1728 3738 ejulatus

919 3762 1033 3817 acerbos
1064 3760 1148 3814 edere
1182 3758 1283 3829 Sicque
1309 3758 1391 3813 nodis
1414 3773 1560 3813 nervorum
1590 3759 1729 3825 resolutis,

920 3852 1053 3923 omnique
1067 3851 1204 3922 poplitum
1219 3847 1547 3913 contractionerelaxata,
1564 3848 1646 3901 unius
1656 3848 1730 3902 horae

919 3941 1004 3995 lerme
1019 3940 1120 4010 spatio,
1136 3937 1242 3993 viribus
1257 3937 1400 4001 exhausta,
1412 3935 1500 4003 iacuit
1512 3935 1592 4006 qnasi
1604 3943 1730 3990 mortua.

919 4031 971 4085 Sed
986 4029 1034 4101 qui
1049 4026 1166 4083 contulit
1185 4024 1369 4081 absolutionis
1386 4038 1479 4095 opem,
1497 4023 1606 4080 roboris
1619 4023 1729 4079 addidit

919 4137 1031 4195 quoque
1057 4121 1191 4192 vigorem.
1211 4117 1327 4190 llioaque
1359 4133 1408 4173 ceu
1430 4117 1465 4172 de
1489 4117 1565 4191 gravi
1588 4116 1729 4188 evigilans

921 4230 1029 4285 somno,
1043 4214 1092 4269 ubi
1118 4229 1269 4285 supernum
1283 4211 1337 4266 sibi
1353 4211 1439 4266 sentit
1457 4209 1606 4267 obvenisse
1619 4209 1730 4265 benefr-

920 4309 1006 4372 cium,
1023 4307 1148 4382 pignoris
1163 4305 1226 4360 almi
1243 4304 1313 4376 petit
1329 4303 1460 4369 loculum,
1477 4304 1556 4372 cujus
1568 4303 1657 4377 gratia
1676 4302 1731 4357 sibi

920 4399 1069 4474 contigisse
1079 4414 1134 4454 nou
1159 4397 1306 4453 haesitabat
1330 4395 1494 4452 remedium.
1507 4394 1731 4468 Dehincgratias

74 4485 184 4552 pulsare,
196 4493 251 4541 tam
263 4501 364 4559 magno
378 4503 409 4543 se
424 4503 599 4560 conquerens
612 4487 706 4542 labore
715 4486 870 4559 fatigatum,
881 4473 911 4541 D
924 4493 969 4547 hic
982 4508 1079 4567 agens,
1089 4491 1252 4561 ibidemque
1265 4489 1366 4561 degere
1379 4485 1504 4562 gratifica
1520 4488 1687 4556 decernens,
1704 4493 1732 4541 et

76 4590 117 4629 uec
128 4576 183 4630 sibi
198 4575 257 4631 iore
272 4576 440 4647 permissum
451 4577 547 4632 videre
560 4577 658 4633 saltem
668 4577 789 4632 loculum
801 4576 872 4631 sacri

78 4667 190 4742 pignoris
204 4669 341 4738 bajulum,
357 4670 404 4742 qui
414 4681 506 4727 tamen
531 4671 591 4741 ejus
604 4670 657 4725 sibi
675 4686 755 4742 posse
770 4671 872 4725 snbve-

80 4761 240 4817 uirecelsum
255 4778 432 4834 nequaquam
455 4762 593 4819 diffideret
613 4763 784 4835 praesidium.
799 4763 873 4818 Talia

10 4861 12 4867 ’
82 4845 187 4922 deniqne
210 4850 277 4906 dum
311 4853 394 4907 tacita
416 4868 511 4908 secum
535 4853 649 4908 volutat.
669 4863 760 4908 mente
776 4853 873 4908 salutis

10 4938 13 4971 ἓ
84 4936 144 5012 vigor
158 4939 247 5012 ipsius
262 4957 312 5011 per
327 4941 451 4996 membra
464 4958 581 5014 quaeque
593 4942 696 4997 sensim
707 4943 871 5013 coepitirre·

10 5035 15 5058 ³
87 5045 144 5097 pere,
163 5033 415 5106 priscasquesimul
430 5043 524 5107 stupet
534 5037 657 5092 omnium
676 5053 706 5092 se
720 5038 793 5093 vires
808 5054 874 5092 sen-

10 5125 15 5208 ‚¹
88 5132 147 5176 suum
161 5139 336 5196 recuperare.
354 5124 477 5198 Cumque
491 5143 585 5183 rumor
596 5129 785 5197 hujuscemodi
801 5145 872 5203 ope-

10 5224 11 5231 *
89 5211 193 5281 rationis,
217 5215 386 5289 quibusdam
402 5216 605 5284 nuntiantibus
621 5235 703 5273 aures
714 5219 875 5288 percelleret

88 5299 259 5374 plurimomm,
273 5307 510 5379 certatimquique
526 5315 701 5378 procurrunt,
714 5308 876 5364 admiranda

90 5387 122 5446 lei
134 5396 269 5473 magnuia
280 5397 405 5453 laetantes
420 5398 559 5469 aspiciunt
583 5416 589 5463 ;
605 5405 720 5453 ovanter
736 5399 874 5454 bominem

87 5479 202 5541 altoerun
226 5486 379 5541 venerandi
401 5487 522 5558 sepulcri
538 5486 704 5558 perducunt,
728 5503 875 5559 campanas

87 5573 189 5642 pulsant,
211 5575 381 5632 laetabundis
408 5578 464 5633 Deo
479 5578 576 5634 laudes
591 5579 706 5635 vocibus
736 5579 872 5635 intonant.

85 5660 156 5736 liujus
167 5669 295 5726 miraculi
308 5670 428 5740 permoti
453 5670 525 5726 lama
539 5671 747 5744 quamplurimi,
761 5673 874 5728 domum

924 4582 1052 4653 precibus
1084 4579 1189 4636 crebris
1210 4579 1353 4643 insistens
1383 4576 1492 4631 debitas
1506 4576 1668 4631 medicatori
1681 4590 1732 4630 suo

922 4675 1046 4730 celebrat
1061 4672 1202 4740 excubias,
1232 4688 1263 4726 ac
1286 4670 1415 4727 salutaris
1439 4669 1563 4741 quotidie
1592 4669 1734 4723 libaminis

923 4762 1003 4818 offert
1015 4762 1183 4818 oblationes.

958 4853 1019 4907 Ruit
1032 4859 1123 4908 autem
1140 4850 1233 4907 Remis
1247 4851 1276 4904 in
1290 4850 1403 4921 praeiata
1414 4849 1461 4904 llei
1482 4848 1629 4904 Genitricis
1642 4849 1733 4903 cccle-

923 4948 963 5002 sia
979 4963 1080 5018 corpus
1109 4945 1176 5000 iilud
1205 4943 1419 4999 sacratissimum
1444 4942 1599 4997 beatissimi
1625 4941 1733 5013 patroni

926 5037 1011 5094 nostri
1023 5035 1140 5109 Remigii
1155 5035 1221 5089 dum
1237 5040 1465 5104 praememoratus
1479 5032 1596 5087 antistes
1615 5033 1734 5087 domnus

925 5126 1007 5182 Fulco
1023 5125 1187 5197 presulatus
1207 5122 1330 5194 iungitur
1350 5121 1454 5189 officio,
1474 5121 1581 5176 scilicet
1597 5120 1732 5192 usquead

926 5219 1117 5289 episcopatum
1128 5215 1296 5272 venerabilis
1321 5213 1429 5269 Rerivei
1455 5213 1669 5286 archiepiscopi,
1684 5213 1733 5284 qui

926 5319 1051 5366 cessante
1065 5309 1295 5365 Nortmannorum
1309 5306 1503 5378 persecutione
1520 5308 1577 5378 (aa.
1594 5306 1666 5375 sut),
1684 5322 1734 5376 per

926 5404 1012 5458 solam
1023 5402 1070 5456 bei
1085 5401 1259 5457 clementiam
1276 5408 1525 5471 pacerecuperata,
1542 5415 1642 5455 munus
1657 5397 1732 5451 idem

925 5508 1076 5563 supernum
1094 5491 1204 5562 propria
1219 5491 1369 5561 sepulturae
1384 5491 1473 5562 ipsius
1493 5490 1595 5544 reterre
1610 5485 1733 5542 docrevit
1764 5530 1776 5547 ,

925 5582 997 5635 intra
1010 5581 1122 5637 moenia.
1139 5581 1216 5646 Quod
1233 5579 1640 5652 dumconvocatisquibusdam
1655 5572 1731 5645 regui

924 5675 1088 5746 proceribus
1110 5689 1194 5746 agere
1222 5681 1383 5742 maturaret,
1408 5675 1581 5729 accumulare
1600 5667 1732 5725 Dominus
