3840 6106
118 264 172 320 763
498 261 682 319 ttoootttut
702 262 855 321 cartotttct
875 265 1039 322 Ruutusts
1059 264 1228 323 orttstutt
1248 264 1403 322 mutulen.
1738 269 1786 325 tot

118 391 176 446 lliis
189 396 280 466 grates
296 390 406 446 iullatus
420 391 477 467 agit
492 398 641 463 pompante
657 400 777 460 tumore,
943 400 969 469 Α
982 395 1058 451 licus
1077 396 1123 467 pia
1142 395 1184 450 sic
1198 395 1284 451 coeloa
1298 395 1398 466 repetit
1410 401 1482 450 terra
1494 395 1571 450 edita
1584 402 1686 451 terram

119 484 308 554 incensusque
323 483 504 541 bclrerontaee
519 483 678 539 flammante
692 484 785 539 lurore
983 485 1100 560 Pignora
1108 485 1330 558 quaequellbdon
1339 484 1445 541 tumulo
1455 485 1778 559 Scunenquecapessunt

120 575 290 648 Praecipitem
304 574 381 651 vergi
394 573 545 647 Tyberiuas
556 576 669 632 mandat
682 576 710 631 in
724 577 821 632 undas.
1123 581 1135 603 ⁸

860 674 964 731 CAPUT
987 673 1053 730 lltll.

638 781 677 840 lle
689 789 792 842 scruto
807 781 959 853 Herculio,
976 779 1118 838 Hilurica
1135 785 1161 836 et
1174 779 1273 838 sociis.

119 913 240 968 Donatus
256 911 344 967 lector
355 911 510 968 studiorum
524 911 553 967 iu
567 928 657 985 agone
672 913 777 969 sodalis
981 909 1105 980 lldjurat,
1121 909 1211 965 erucis
1226 910 1383 986 adjungens
1397 909 1425 966 in
1439 908 1534 981 stipite
1550 909 1610 975 fixi,

118 1004 149 1059 Et
159 1003 365 1074 condiscipulus
377 1011 471 1060 sancto
482 1004 535 1061 boc
548 1006 600 1060 sub
613 1011 689 1077 patre
701 1005 822 1076 tyranni,
982 1000 1050 1065 Quid
1066 999 1167 1055 tactum
1183 999 1265 1066 dicat,
1282 1015 1336 1072 qua
1350 1009 1429 1071 rapta
1443 999 1564 1070 pecunia
1578 998 1650 1056 fisci.

119 1095 189 1150 Ense
206 1093 275 1150 truci
287 1093 397 1169 genitor
409 1095 585 1168 genitrixque
596 1095 642 1151 ubi
659 1095 750 1152 sidera
763 1100 885 1161 sumunt,
980 1093 1058 1148 Jussa
1076 1092 1159 1148 relort
1176 1092 1232 1148 imo
1245 1092 1330 1148 uerba
1346 1092 1489 1147 Eufrasina
1503 1091 1648 1164 sepulcro,

93 1201 101 1217 ’
119 1188 208 1262 Fugit,
224 1187 417 1259 Aricinamque
431 1195 529 1259 petens
541 1189 728 1260 apprenderat
742 1188 851 1245 urbem.
981 1186 1061 1241 Tecta
1071 1186 1171 1241 domus
1184 1184 1260 1240 aditu
1275 1184 1355 1240 latrat
1368 1201 1428 1257 quae
1443 1201 1511 1259 gaza
1530 1193 1670 1260 rogatur:

119 1280 254 1351 Dumque,
268 1278 313 1350 pio
324 1278 439 1346 junctus
456 1279 587 1347 llilarino,
608 1287 689 1335 noete
705 1279 807 1352 dieque
982 1277 1026 1332 AEs
1040 1283 1135 1332 notum
1149 1276 1281 1351 egeritur,
1297 1277 1387 1349 pergit
1400 1277 1441 1332 vir
1456 1276 1530 1333 fasce
1546 1276 1666 1333 levatus.

119 1374 187 1430 Vota
202 1374 257 1429 Deo
273 1373 377 1447 legans,
390 1374 498 1443 jejunia
510 1375 606 1429 crebra
619 1373 787 1446 frequentat,
980 1368 1039 1423 lam
1050 1367 1142 1442 dignis
1157 1368 1246 1425 Satira
1266 1368 1371 1424 meritis
1384 1368 1420 1423 ad
1431 1384 1517 1441 regua
1529 1375 1641 1437 vocato,

120 1463 233 1518 Cantilia
247 1462 353 1518 Surena
366 1463 454 1519 oculis
468 1462 596 1519 necorde
612 1463 734 1518 tenebris
981 1458 1103 1514 Donatus
1117 1458 1203 1513 sacris
1216 1457 1276 1526 ejus
1289 1456 1350 1512 vice
1367 1457 1488 1532 iungitur
1502 1457 1571 1513 aris,

118 1555 210 1611 Obsita
222 1572 283 1612 cum
297 1557 391 1631 genite
407 1555 503 1610 cellam
521 1556 676 1626 perrumpit
687 1556 808 1626 opimam
981 1551 1032 1616 oui
1051 1550 1115 1605 dum
1130 1549 1203 1616 diua,
1212 1549 1257 1604 die
1270 1549 1400 1621 quadam,
1414 1550 1545 1620 mysteria
1558 1555 1670 1615 tractat,

119 1648 259 1719 Quamque
273 1645 328 1703 lide
339 1646 473 1702 imbutam
490 1647 570 1702 Satiri
586 1647 653 1701 dant
667 1649 793 1719 praesulis
806 1650 857 1714 ori,
980 1643 1128 1717 Sanguinis
1141 1650 1169 1697 et
1180 1642 1275 1713 superi
1288 1642 1398 1713 populis
1409 1642 1454 1696 dut
1471 1643 1546 1697 dona
1566 1643 1708 1712 minister,

118 1741 261 1795 Nascentis
276 1740 356 1796 laetus
370 1738 434 1794 fidei
450 1739 497 1810 qui
513 1738 618 1792 lumina
634 1755 752 1794 cernens
981 1737 1085 1807 lmpete
1100 1735 1195 1805 gentili
1212 1733 1347 1806 impulsus
1367 1734 1431 1800 ruit,
1446 1742 1530 1807 atque
1545 1742 1689 1791 sacratum

119 1833 207 1902 Atque
220 1832 276 1885 Deo
291 1835 382 1904 gratos
397 1828 648 1897 reterens,jcjuuia
659 1829 780 1895 mandat,
981 1829 1285 1893 Comminuitcalicem;
1301 1834 1393 1883 motus
1403 1843 1464 1883 cum
1482 1827 1564 1899 plebe
1578 1829 1714 1885 sacerdos

120 1922 183 1976 Fert
201 1922 277 1976 ciues
290 1928 416 1988 stratum,
431 1920 477 1974 dat
491 1919 559 1974 dura
572 1919 663 1976 cilicia
679 1920 810 1976 amictum
981 1920 1110 1993 Angitur;
1125 1935 1258 1994 angorem
1270 1919 1370 1974 Christi
1385 1918 1434 1974 sed
1446 1919 1544 1973 dextra
1556 1924 1673 1974 serenat
1687 1935 1695 1972 ε

121 2010 234 2065 instruit
249 2017 332 2081 atque
348 2008 429 2076 lavat,
440 2025 502 2064 cum
518 2026 572 2080 qua
587 2009 662 2065 subit
676 2011 775 2066 unicus
790 2011 878 2066 undas
982 2013 1062 2067 Lecta
1081 2011 1212 2083 equidem
1227 2011 1406 2067 devectantur
1420 2010 1577 2084 fragmenta
1591 2009 1693 2076 beato;

123 2105 282 2172 llerculius;
298 2104 391 2159 lumen
408 2119 470 2159 mex
491 2103 566 2160 trous
582 2105 729 2162 tenebrosa
744 2106 860 2161 resumit
983 2100 1031 2155 lllc
1044 2100 1159 2155 madens
1172 2099 1298 2177 lacrymis
1312 2114 1491 2172 sumensque,
1508 2099 1556 2154 ubi
1567 2107 1635 2155 vota
1648 2097 1792 2170 profundit,

121 2197 152 2251 Et
163 2196 300 2252 Clrristnm
309 2211 402 2249 rerum
415 2194 477 2249 uitae
488 2194 612 2267 lucisque
627 2202 768 2267 potentem
983 2197 1011 2251 ln
1034 2196 1152 2268 priscam
1171 2202 1282 2252 revocat
1295 2195 1414 2252 solidato
1430 2195 1566 2269 fragmine
1578 2193 1710 2251 termam.

121 2286 261 2343 Exclamat
279 2286 390 2352 mulier,
406 2285 530 2342 sobolem
544 2286 648 2342 radiata
657 2303 819 2343 renoscens.
982 2287 1125 2342 barbaries
1142 2287 1269 2357 perculsa
1285 2287 1348 2343 novi
1363 2287 1522 2359 spectacula
1538 2286 1608 2343 laeti

118 2379 195 2442 Quod
211 2378 294 2434 certis
309 2377 424 2449 capiens
439 2379 599 2434 rumoribus
612 2379 798 2450 Apronianus,
985 2376 1138 2446 aspiciens,
1151 2376 1261 2431 laudare
1276 2376 1363 2432 Deum
1378 2392 1439 2432 cum
1456 2375 1539 2447 plebe
1552 2390 1660 2432 canora

120 2470 225 2526 Donato
238 2469 384 2525 attonitum
400 2469 461 2525 diro
475 2470 626 2541 spiramine
639 2478 753 2538 gnatum
984 2468 1092 2539 Incipit,
1109 2474 1191 2540 atque
1207 2467 1306 2523 animae
1320 2467 1389 2524 citra
1402 2467 1542 2541 octoginta
1557 2467 1700 2524 dieantur.

122 2557 223 2624 llnlert,
235 2558 282 2630 qui
298 2557 381 2613 sociis
395 2558 517 2613 bitorino
532 2559 689 2629 acpraesule
701 2559 816 2628 iunctis,
983 2559 1075 2615 llultls
1089 2566 1223 2631 praeterea
1233 2559 1322 2633 signis
1341 2558 1434 2614 diuina
1448 2565 1575 2629 potestas

122 2647 227 2702 insistit
242 2647 385 2719 precibus;
402 2646 482 2717 pulso
494 2645 534 2700 sic
548 2645 659 2702 llamine
679 2647 761 2712 uotis,
985 2650 1120 2704 Donatum
1134 2649 1277 2703 illustrans
1288 2648 1367 2704 testis
1383 2647 1505 2704 sustollit
1518 2649 1647 2705 bonore:

120 2741 289 2797 lncolumem
304 2757 431 2813 puerum,
442 2741 580 2814 gaudente
596 2749 721 2814 parente,
735 2742 877 2799 reformat.
983 2742 1086 2797 latitas
1101 2741 1186 2807 enim,
1199 2739 1356 2812 pariterque
1371 2739 1520 2806 lliiarinus,
1535 2757 1604 2797 saxa
1615 2740 1730 2811 J'ubctur

119 2836 235 2892 desidua
250 2837 315 2892 binc
328 2836 459 2911 gradibus
471 2837 559 2893 virtus
572 2843 600 2893 et
614 2837 702 2912 gloria
717 2838 815 2893 cressit
982 2829 1073 2885 Thule
1088 2844 1185 2902 wilare
1205 2827 1280 2896 (¹³10,
1293 2827 1432 2897 jussiscui
1452 2828 1505 2885 lile
1521 2829 1617 2886 reniso

121 2922 233 2978 ,accedit
246 2924 358 2995 quiqam
375 2924 526 2991 pascasius,
540 2925 642 2981 fiscalia
656 2927 736 2995 cujus
983 2919 1018 2974 tis
1034 2919 1131 2974 teritur
1142 2918 1230 2984 saxis3
1243 2918 1381 2973 llilarinus
1391 2917 1510 2974 fustibus
1525 2926 1606 2975 actus

120 3012 233 3068 lluuera
248 3019 277 3068 ut
290 3015 435 3070 abdiderat
449 3022 540 3083 terrae,
555 3015 717 3090 defungitur
731 3031 807 3072 uxor.
983 3011 1126 3082 Temptam
1137 3010 1236 3082 linquit
1248 3010 1374 3077 humum,
1386 3010 1527 3083 quaesitam
1542 3011 1664 3083 percipit
1674 3014 1781 3077 aethram»

121 3103 168 3159 llle
183 3120 293 3179 gravem
310 3105 431 3162 tolerans
446 3115 522 3163 torvo
538 3114 665 3163 exactore
681 3107 814 3170 furorem,
983 3099 1056 3155 OSUa
1072 3099 1195 3154 membra
1208 3098 1290 3170 salli·
1307 3099 1444 3154 D⁰¹¹²l¹¹¹¹¹
1464 3098 1587 3155 Claustra
1602 3109 1739 3173 lssoelfflll

11 3220 16 3231 «
122 3192 219 3248 bonati
235 3193 304 3263 petit
317 3194 449 3249 auxilium
465 3195 512 3266 qui
525 3196 609 3251 corde
625 3194 701 3251 fideli
983 3193 1030 3249 llic
1045 3208 1157 3265 quoquc
1172 3191 1251 3263 plura
1266 3192 1338 3246 lteus
1352 3207 1402 3263 per
1416 3207 1499 3263 quem
1514 3194 1657 3266 magnalia
1673 3193 1775 3248 Christus

121 3280 282 3336 Praesidium
297 3290 426 3351 tractans,
436 3300 566 3355 superum
575 3285 649 3340 subit
663 3286 772 3359 aggeris
787 3293 895 3341 antrum
983 3285 1050 3340 llum
1068 3283 1170 3357 popule
1185 3282 1334 3355 plaudente
1345 3283 1425 3357 gerit,
1439 3283 1501 3339 diro
1511 3299 1582 3340 ense
1592 3292 1735 3341 resectum.

121 3372 226 3430 Nomen
240 3385 268 3431 ct
282 3375 433 3433 inclamans
448 3377 548 3433 iunctae
566 3393 616 3450 per
625 3378 739 3434 numina
749 3378 849 3434 Christi
984 3375 1228 3449 Educitfitenebris,
1242 3391 1314 3431 verm
1328 3375 1401 3447 capit
1419 3376 1523 3433 aethere
1537 3375 1619 3434 lucis.

871 3505 974 3561 CAPUT
998 3504 1052 3560 llV.

616 3606 655 3664 De
669 3608 782 3667 sanctu
796 3607 909 3680 Prisco,
931 3606 1125 3667 Priscilliuuo
1140 3612 1166 3664 et
1180 3606 1302 3665 ceteris.

122 3737 176 3793 liae
186 3743 285 3809 praeter
300 3738 367 3795 istos
381 3739 456 3794 nube
473 3739 550 3796 multi
568 3739 677 3798 caelicos
947 3742 1172 3818 CConlessionis
1182 3743 1309 3798 enitescit
1319 3741 1417 3816 gloria,

123 3831 223 3886 l’etuut
238 3831 356 3887 bonores
369 3829 525 3889 abdicando
539 3840 653 3890 terreos.
981 3835 1097 3889 Mentem
1108 3850 1230 3904 superna
1240 3832 1335 3889 condit
1350 3833 1422 3888 inter
1434 3832 1539 3889 sidera.

122 3923 229 3980 l‘riscus
244 3925 374 3981 sacerdes
386 3941 453 3982 ense
468 3927 575 3984 scandit
586 3929 704 3996 artlrcra3
980 3924 1200 3980 luuusloannes
1211 3922 1349 3994 gloriosus
1364 3922 1520 3994 presbyter,

125 4019 311 4076 Priscillianus
324 4037 406 4094 quem
421 4030 532 4078 secutus
546 4023 663 4080 clericus
981 4017 1030 4073 Ubi
1041 4017 1100 4073 sole
1113 4017 1180 4072 bine
1192 4017 1269 4072 triste
1283 4016 1330 4071 dat
1341 4016 1543 4088 spectaculum,

125 4110 241 4166 l‘arilem
260 4128 390 4169 coronam
405 4122 478 4169 sorte
489 4114 573 4169 sumit
588 4115 720 4186 compari.
982 4115 1048 4170 Foro
1064 4114 1159 4186 rapina
1170 4113 1274 4188 colligit
1285 4112 1418 4169 laudabili

125 4204 271 4261 ltcuedicta
284 4213 393 4261 sectans
406 4207 458 4263 bos
471 4208 572 4278 pudica
586 4207 689 4264 lernina
981 4210 1035 4266 Piis
1048 4209 1176 4281 sepulcro
1196 4208 1329 4281 copulans
1342 4207 1518 4280 parentibus,

123 4291 201 4348 Subit
216 4293 324 4364 piorum
340 4310 425 4368 regna
438 4312 487 4366 per
500 4296 629 4369 uestigia,
981 4299 1195 4365 Quibussereris
1210 4299 1333 4353 membra
1342 4298 1399 4367 jam
1409 4297 1558 4372 jugaverat

124 4380 240 4436 Faustus
254 4382 547 4455 triumphaussreptra
559 4385 618 4460 regi
629 4385 769 4460 juugitur;
981 4394 1065 4455 Quem
1078 4389 1217 4455 Julianus,
1230 4389 1296 4444 dum
1310 4403 1363 4444 nec
1372 4388 1469 4444 auditu
1484 4388 1584 4461 probat

125 4476 213 4532 Fausti
229 4476 351 4545 ilalrosa,
362 4484 425 4549 post
435 4479 538 4553 jugalis
549 4480 676 4556 gloriam,
980 4482 1097 4552 [liguum
1110 4496 1171 4547 suo,
1182 4479 1339 4536 Pboebream
1354 4479 1389 4535 ad
1404 4496 1480 4535 aram
1497 4480 1622 4554 praecipit

106 4633 108 4639 Ι
123 4568 203 4625 Exsul
218 4577 318 4646 negata
329 4579 492 4648 segregatur
506 4572 595 4645 patria
981 4572 1091 4628 Ceruicc
1107 4572 1205 4644 plecti:
1221 4588 1303 4645 quem
1324 4571 1392 4647 legit
1405 4570 1576 4627 Concordius

123 4660 246 4735 l‘oloque
263 4665 299 4720 ab
314 4681 381 4721 ense
396 4665 475 4736 pulsa
487 4666 568 4722 terris
583 4668 714 4734 sumitur;
982 4665 1040 4720 Pari
1052 4665 1182 4722 sacerdos
1196 4672 1269 4721 sorte
1283 4663 1394 4740 fulgens
1408 4664 1542 4736 praeditur

123 4750 173 4815 Qui
190 4751 302 4808 Biviana
316 4753 393 4825 prole
407 4769 470 4811 cum
484 4754 621 4812 Demetrio
981 4755 1149 4826 sacrumque
1165 4755 1239 4810 cultu
1257 4753 1371 4810 honoris
1384 4768 1488 4810 ornans
1498 4753 1585 4811 debiti

124 4839 235 4895 Florent
250 4849 388 4911 parentes,
401 4842 473 4898 clara
488 4843 560 4900 nacti
575 4843 705 4917 pignora:
940 4877 970 4947 D
986 4843 1067 4898 Loeat
1083 4843 1179 4899 beatos
1192 4851 1340 4914 martyrem
1360 4841 1432 4898 iuter
1452 4850 1597 4916 martyres.

124 4928 243 4993 Quarum
259 4930 339 4987 hoste
353 4945 444 4987 coram
459 4931 539 4988 dueta
556 4931 621 4987 dum
638 4934 774 4989 bernetria

529 5102 777 5192 INCIPIT
819 5103 1017 5191 LIBER
1061 5102 1379 5193 DECIMUS.

829 5260 933 5316 CAPUT
957 5259 1099 5317 Plattltttt.

664 5357 704 5418 De
716 5360 831 5419 sanctia
844 5359 944 5421 llerco
962 5368 988 5420 et
1002 5358 1085 5422 lulio
1102 5359 1257 5440 episeopis.

123 5486 243 5562 Digressi
260 5487 399 5559 perbelle,
415 5488 515 5560 pedem
531 5485 683 5542 referamus
694 5487 722 5542 in
734 5486 841 5557 urbam,
983 5490 1048 5544 lliva
1058 5487 1133 5544 subit
1148 5488 1263 5560 primus,
1274 5486 1385 5564 gemino
1400 5502 1462 5559 quae
1472 5486 1542 5543 solis
1557 5486 1586 5542 iu
1601 5485 1664 5543 orbe

126 5578 214 5634 visuri
230 5579 278 5652 qui
291 5580 357 5636 sede
368 5579 441 5637 Petri
456 5581 594 5636 sintsorte
609 5579 695 5635 secuti
981 5578 1119 5645 Tractans,
1135 5578 1237 5650 templa
1247 5586 1334 5650 parat,
1346 5576 1522 5650 donisqueet
1536 5575 1734 5637 antibarum,

126 5675 310 5746 sylvestrum:
324 5674 409 5734 olfieii
423 5692 539 5750 quorum
557 5675 685 5748 mysteria
698 5675 803 5733 blarcus
984 5674 1063 5730 ltusla
1076 5674 1150 5740 colit,
1164 5681 1332 5747 comptoque
1342 5671 1444 5746 gradus
1458 5672 1593 5730 sublimat
1605 5672 1712 5734 honore,
