<?xml version="1.0" encoding="UTF-8"?>
<!DOCTYPE html PUBLIC "-//W3C//DTD XHTML 1.0 Transitional//EN"
    "http://www.w3.org/TR/xhtml1/DTD/xhtml1-transitional.dtd">
<html xmlns="http://www.w3.org/1999/xhtml" xml:lang="en" lang="en">
 <head>
  <title>
</title>
<meta http-equiv="Content-Type" content="text/html;charset=utf-8" />
  <meta name='ocr-system' content='tesseract 3.04.00' />
  <meta name='ocr-capabilities' content='ocr_page ocr_carea ocr_par ocr_line ocrx_word'/>
</head>
<body>
  <div class='ocr_page' id='page_1' title='image "./patrologiaecurs08migngoog/patrologiaecurs08migngoog_0033.png"; bbox 0 0 3840 6106; ppageno 0'>
   <div class='ocr_carea' id='block_1_1' title="bbox 171 217 1841 301">
    <p class='ocr_par' dir='ltr' id='par_1_1' title="bbox 171 217 1841 301">
     <span class='ocr_line' id='line_1_1' title="bbox 171 217 1841 301; baseline 0.001 -15"><span class='ocrx_word' id='word_1_1' title='bbox 171 225 207 286; x_wconf 79' lang='lat' dir='ltr'><strong>sa</strong></span> <span class='ocrx_word' id='word_1_2' title='bbox 494 297 497 301; x_wconf 9' lang='lat' dir='ltr'><strong>g</strong></span> <span class='ocrx_word' id='word_1_3' title='bbox 734 230 916 288; x_wconf 81' lang='lat' dir='ltr'><strong>rnouuanur</strong></span> <span class='ocrx_word' id='word_1_4' title='bbox 936 231 1088 289; x_wconf 75' lang='lat' dir='ltr'><strong>canumet</strong></span> <span class='ocrx_word' id='word_1_5' title='bbox 1108 231 1271 288; x_wconf 83' lang='lat' dir='ltr'><strong>nunansrs</strong></span> <span class='ocrx_word' id='word_1_6' title='bbox 1762 217 1765 221; x_wconf 79' lang='grc'>’</span> <span class='ocrx_word' id='word_1_7' title='bbox 1805 233 1841 287; x_wconf 80' lang='lat' dir='ltr'><strong>sc</strong></span> 
     </span>
    </p>
   </div>
   <div class='ocr_carea' id='block_1_2' title="bbox 153 355 1859 5726">
    <p class='ocr_par' dir='ltr' id='par_1_2' title="bbox 153 355 1859 5726">
     <span class='ocr_line' id='line_1_2' title="bbox 173 355 1841 430; baseline 0 -18"><span class='ocrx_word' id='word_1_8' title='bbox 173 357 338 428; x_wconf 88' lang='lat' dir='ltr'><strong>persuadeat</strong></span> <span class='ocrx_word' id='word_1_9' title='bbox 356 355 432 412; x_wconf 90' lang='lat' dir='ltr'><strong>lllieo</strong></span> <span class='ocrx_word' id='word_1_10' title='bbox 451 356 493 411; x_wconf 87' lang='lat' dir='ltr'><strong>vir</strong></span> <span class='ocrx_word' id='word_1_11' title='bbox 514 356 612 413; x_wconf 88' lang='lat' dir='ltr'><strong>beatus</strong></span> <span class='ocrx_word' id='word_1_12' title='bbox 626 358 696 412; x_wconf 88' lang='lat' dir='ltr'><strong>nihil</strong></span> <span class='ocrx_word' id='word_1_13' title='bbox 711 359 841 415; x_wconf 64' lang='lat' dir='ltr'><strong>haesitans</strong></span> <span class='ocrx_word' id='word_1_14' title='bbox 853 360 911 415; x_wconf 89' lang='lat' dir='ltr'><strong>adit</strong></span> <span class='ocrx_word' id='word_1_15' title='bbox 921 375 979 414; x_wconf 87' lang='lat' dir='ltr'><strong>ma·</strong></span> <span class='ocrx_word' id='word_1_16' title='bbox 996 358 1195 430; x_wconf 72' lang='lat' dir='ltr'><strong>Avirsanetus</strong></span> <span class='ocrx_word' id='word_1_17' title='bbox 1211 365 1266 414; x_wconf 90' lang='lat' dir='ltr'><strong>tam</strong></span> <span class='ocrx_word' id='word_1_18' title='bbox 1281 356 1375 424; x_wconf 83' lang='lat' dir='ltr'><strong>vitam,</strong></span> <span class='ocrx_word' id='word_1_19' title='bbox 1389 370 1474 428; x_wconf 89' lang='lat' dir='ltr'><strong>quam</strong></span> <span class='ocrx_word' id='word_1_20' title='bbox 1488 370 1579 411; x_wconf 89' lang='lat' dir='ltr'><strong>rerum</strong></span> <span class='ocrx_word' id='word_1_21' title='bbox 1594 355 1716 411; x_wconf 83' lang='lat' dir='ltr'>obtinuit</span> <span class='ocrx_word' id='word_1_22' title='bbox 1730 372 1841 428; x_wconf 86' lang='lat' dir='ltr'><strong>posses·</strong></span> 
     </span>
     <span class='ocr_line' id='line_1_3' title="bbox 173 444 1839 520; baseline 0 -19"><span class='ocrx_word' id='word_1_23' title='bbox 173 461 301 520; x_wconf 87' lang='lat' dir='ltr'><strong>gnaeum</strong></span> <span class='ocrx_word' id='word_1_24' title='bbox 316 444 456 499; x_wconf 89' lang='lat' dir='ltr'><strong>celeritate</strong></span> <span class='ocrx_word' id='word_1_25' title='bbox 487 445 659 503; x_wconf 86' lang='lat' dir='ltr'><strong>Laudunum.</strong></span> <span class='ocrx_word' id='word_1_26' title='bbox 683 447 741 514; x_wconf 80' lang='lat' dir='ltr'><strong>Quo</strong></span> <span class='ocrx_word' id='word_1_27' title='bbox 767 449 943 520; x_wconf 87' lang='lat' dir='ltr'><strong>perveniens,</strong></span> <span class='ocrx_word' id='word_1_28' title='bbox 953 450 981 503; x_wconf 92' lang='lat' dir='ltr'><strong>iu</strong></span> <span class='ocrx_word' id='word_1_29' title='bbox 1031 450 1150 506; x_wconf 88' lang='lat' dir='ltr'><strong>sienem.</strong></span> <span class='ocrx_word' id='word_1_30' title='bbox 1162 448 1224 519; x_wconf 89' lang='lat' dir='ltr'><strong>lpse</strong></span> <span class='ocrx_word' id='word_1_31' title='bbox 1238 461 1315 512; x_wconf 83' lang='lat' dir='ltr'><strong>vero,</strong></span> <span class='ocrx_word' id='word_1_32' title='bbox 1325 446 1403 518; x_wconf 89' lang='lat' dir='ltr'><strong>quasi</strong></span> <span class='ocrx_word' id='word_1_33' title='bbox 1415 444 1682 515; x_wconf 85' lang='lat' dir='ltr'><strong>recompensationis</strong></span> <span class='ocrx_word' id='word_1_34' title='bbox 1691 445 1839 512; x_wconf 81' lang='lat' dir='ltr'><strong>beneficio,</strong></span> 
     </span>
     <span class='ocr_line' id='line_1_4' title="bbox 173 533 1841 611; baseline -0.003 -16"><span class='ocrx_word' id='word_1_35' title='bbox 173 537 235 595; x_wconf 90' lang='lat' dir='ltr'><strong>ostii</strong></span> <span class='ocrx_word' id='word_1_36' title='bbox 250 534 356 604; x_wconf 90' lang='lat' dir='ltr'><strong>limine,</strong></span> <span class='ocrx_word' id='word_1_37' title='bbox 369 536 444 591; x_wconf 89' lang='lat' dir='ltr'><strong>salvo</strong></span> <span class='ocrx_word' id='word_1_38' title='bbox 456 536 548 611; x_wconf 80' lang='lat' dir='ltr'><strong>sigillo</strong></span> <span class='ocrx_word' id='word_1_39' title='bbox 563 555 681 611; x_wconf 87' lang='lat' dir='ltr'><strong>seraque</strong></span> <span class='ocrx_word' id='word_1_40' title='bbox 692 541 817 608; x_wconf 90' lang='lat' dir='ltr'><strong>reserati,</strong></span> <span class='ocrx_word' id='word_1_41' title='bbox 832 541 981 596; x_wconf 87' lang='lat' dir='ltr'><strong>Gencbau·</strong></span> <span class='ocrx_word' id='word_1_42' title='bbox 1032 536 1158 594; x_wconf 83' lang='lat' dir='ltr'><strong>benefico</strong></span> <span class='ocrx_word' id='word_1_43' title='bbox 1173 542 1289 608; x_wconf 89' lang='lat' dir='ltr'><strong>patrono</strong></span> <span class='ocrx_word' id='word_1_44' title='bbox 1302 535 1470 606; x_wconf 89' lang='lat' dir='ltr'><strong>Sparuaeum</strong></span> <span class='ocrx_word' id='word_1_45' title='bbox 1496 534 1640 605; x_wconf 70' lang='lat' dir='ltr'><strong>(nemoy)</strong></span> <span class='ocrx_word' id='word_1_46' title='bbox 1655 533 1748 589; x_wconf 83' lang='lat' dir='ltr'><strong>villam</strong></span> <span class='ocrx_word' id='word_1_47' title='bbox 1764 552 1841 590; x_wconf 90' lang='lat' dir='ltr'><strong>suam</strong></span> 
     </span>
     <span class='ocr_line' id='line_1_5' title="bbox 173 625 1842 700; baseline -0.001 -17"><span class='ocrx_word' id='word_1_48' title='bbox 173 625 383 694; x_wconf 84' lang='lat' dir='ltr'><strong>dumjacentem</strong></span> <span class='ocrx_word' id='word_1_49' title='bbox 397 626 502 696; x_wconf 90' lang='lat' dir='ltr'><strong>reperit</strong></span> <span class='ocrx_word' id='word_1_50' title='bbox 515 645 521 681; x_wconf 92' lang='lat'>:</span> <span class='ocrx_word' id='word_1_51' title='bbox 533 643 615 699; x_wconf 90' lang='lat' dir='ltr'><strong>quem</strong></span> <span class='ocrx_word' id='word_1_52' title='bbox 638 631 776 700; x_wconf 89' lang='lat' dir='ltr'><strong>protensis</strong></span> <span class='ocrx_word' id='word_1_53' title='bbox 787 630 910 686; x_wconf 88' lang='lat' dir='ltr'><strong>brachiis</strong></span> <span class='ocrx_word' id='word_1_54' title='bbox 919 647 981 688; x_wconf 92' lang='lat' dir='ltr'><strong>cum</strong></span> <span class='ocrx_word' id='word_1_55' title='bbox 1032 630 1133 688; x_wconf 90' lang='lat' dir='ltr'><strong>obtulit</strong></span> <span class='ocrx_word' id='word_1_56' title='bbox 1148 629 1176 684; x_wconf 91' lang='lat' dir='ltr'><strong>in</strong></span> <span class='ocrx_word' id='word_1_57' title='bbox 1190 628 1398 700; x_wconf 79' lang='lat' dir='ltr'><strong>proprietatem.</strong></span> <span class='ocrx_word' id='word_1_58' title='bbox 1422 628 1521 682; x_wconf 78' lang='lat' dir='ltr'><strong>Beatus</strong></span> <span class='ocrx_word' id='word_1_59' title='bbox 1533 635 1625 681; x_wconf 90' lang='lat' dir='ltr'><strong>autem</strong></span> <span class='ocrx_word' id='word_1_60' title='bbox 1642 627 1753 698; x_wconf 84' lang='lat' dir='ltr'><strong>praesul,</strong></span> <span class='ocrx_word' id='word_1_61' title='bbox 1771 635 1842 682; x_wconf 91' lang='lat' dir='ltr'><strong>tem-</strong></span> 
     </span>
     <span class='ocr_line' id='line_1_6' title="bbox 173 715 1843 794; baseline -0.001 -20"><span class='ocrx_word' id='word_1_62' title='bbox 173 717 265 794; x_wconf 90' lang='lat' dir='ltr'><strong>gaudii</strong></span> <span class='ocrx_word' id='word_1_63' title='bbox 280 715 408 788; x_wconf 82' lang='lat' dir='ltr'><strong>lacrymis</strong></span> <span class='ocrx_word' id='word_1_64' title='bbox 428 717 536 774; x_wconf 85' lang='lat' dir='ltr'><strong>Domini</strong></span> <span class='ocrx_word' id='word_1_65' title='bbox 546 721 722 777; x_wconf 87' lang='lat' dir='ltr'><strong>clementiam</strong></span> <span class='ocrx_word' id='word_1_66' title='bbox 734 723 905 789; x_wconf 88' lang='lat' dir='ltr'><strong>collaudans,</strong></span> <span class='ocrx_word' id='word_1_67' title='bbox 921 741 983 780; x_wconf 91' lang='lat' dir='ltr'><strong>ere·</strong></span> <span class='ocrx_word' id='word_1_68' title='bbox 1033 720 1155 793; x_wconf 88' lang='lat' dir='ltr'><strong>poralem</strong></span> <span class='ocrx_word' id='word_1_69' title='bbox 1167 734 1216 791; x_wconf 94' lang='lat' dir='ltr'><strong>pro</strong></span> <span class='ocrx_word' id='word_1_70' title='bbox 1231 734 1288 775; x_wconf 81' lang='lat' dir='ltr'><strong>suae</strong></span> <span class='ocrx_word' id='word_1_71' title='bbox 1303 718 1507 773; x_wconf 78' lang='lat' dir='ltr'><strong>intercessionis</strong></span> <span class='ocrx_word' id='word_1_72' title='bbox 1532 734 1646 774; x_wconf 90' lang='lat' dir='ltr'><strong>munere</strong></span> <span class='ocrx_word' id='word_1_73' title='bbox 1661 718 1751 772; x_wconf 89' lang='lat' dir='ltr'><strong>vitans</strong></span> <span class='ocrx_word' id='word_1_74' title='bbox 1761 718 1843 773; x_wconf 91' lang='lat' dir='ltr'><strong>retri-</strong></span> 
     </span>
     <span class='ocr_line' id='line_1_7' title="bbox 172 805 1844 886; baseline 0.002 -20"><span class='ocrx_word' id='word_1_75' title='bbox 172 810 222 879; x_wconf 81' lang='lat' dir='ltr'><strong>xit,</strong></span> <span class='ocrx_word' id='word_1_76' title='bbox 231 825 351 881; x_wconf 84' lang='lat' dir='ltr'><strong>eumque</strong></span> <span class='ocrx_word' id='word_1_77' title='bbox 362 809 422 866; x_wconf 83' lang='lat' dir='ltr'><strong>sedi</strong></span> <span class='ocrx_word' id='word_1_78' title='bbox 436 817 464 865; x_wconf 83' lang='lat' dir='ltr'><strong>er</strong></span> <span class='ocrx_word' id='word_1_79' title='bbox 482 810 574 868; x_wconf 81' lang='lat' dir='ltr'><strong>officio</strong></span> <span class='ocrx_word' id='word_1_80' title='bbox 593 815 756 870; x_wconf 79' lang='lat' dir='ltr'><strong>sacerdotali</strong></span> <span class='ocrx_word' id='word_1_81' title='bbox 780 817 911 886; x_wconf 80' lang='lat' dir='ltr'><strong>reddens,</strong></span> <span class='ocrx_word' id='word_1_82' title='bbox 929 818 983 874; x_wconf 82' lang='lat' dir='ltr'><strong>ne·</strong></span> <span class='ocrx_word' id='word_1_83' title='bbox 1032 809 1177 864; x_wconf 78' lang='lat' dir='ltr'><strong>hattonem</strong></span> <span class='ocrx_word' id='word_1_84' title='bbox 1192 807 1327 878; x_wconf 78' lang='lat' dir='ltr'><strong>recipere,</strong></span> <span class='ocrx_word' id='word_1_85' title='bbox 1348 805 1511 877; x_wconf 77' lang='lat' dir='ltr'><strong>praedictum</strong></span> <span class='ocrx_word' id='word_1_86' title='bbox 1535 805 1635 869; x_wconf 80' lang='lat' dir='ltr'><strong>virum,</strong></span> <span class='ocrx_word' id='word_1_87' title='bbox 1650 805 1781 877; x_wconf 81' lang='lat' dir='ltr'><strong>quoniam</strong></span> <span class='ocrx_word' id='word_1_88' title='bbox 1795 822 1844 860; x_wconf 80' lang='lat' dir='ltr'><strong>ve-</strong></span> 
     </span>
     <span class='ocr_line' id='line_1_8' title="bbox 173 898 1842 976; baseline -0.004 -17"><span class='ocrx_word' id='word_1_89' title='bbox 173 917 233 958; x_wconf 89' lang='lat' dir='ltr'><strong>mos</strong></span> <span class='ocrx_word' id='word_1_90' title='bbox 251 917 314 958; x_wconf 88' lang='lat' dir='ltr'><strong>cum</strong></span> <span class='ocrx_word' id='word_1_91' title='bbox 327 900 430 976; x_wconf 89' lang='lat' dir='ltr'><strong>gaudio</strong></span> <span class='ocrx_word' id='word_1_92' title='bbox 455 903 607 974; x_wconf 86' lang='lat' dir='ltr'><strong>repedavit.</strong></span> <span class='ocrx_word' id='word_1_93' title='bbox 633 907 817 964; x_wconf 75' lang='lat' dir='ltr'><strong>denebaudus</strong></span> <span class='ocrx_word' id='word_1_94' title='bbox 843 918 935 966; x_wconf 71' lang='lat' dir='ltr'><strong>autem</strong></span> <span class='ocrx_word' id='word_1_95' title='bbox 954 911 982 965; x_wconf 76' lang='lat' dir='ltr'><strong>jn</strong></span> <span class='ocrx_word' id='word_1_96' title='bbox 1033 898 1696 971; x_wconf 69' lang='lat' dir='ltr'><strong>recundiaeconiusionedepressuslquiaeontra</strong></span> <span class='ocrx_word' id='word_1_97' title='bbox 1711 899 1842 954; x_wconf 87' lang='lat' dir='ltr'><strong>natalium</strong></span> 
     </span>
     <span class='ocr_line' id='line_1_9' title="bbox 172 991 1843 1065; baseline -0.002 -17"><span class='ocrx_word' id='word_1_98' title='bbox 172 991 318 1047; x_wconf 84' lang='lat' dir='ltr'><strong>sanctitate</strong></span> <span class='ocrx_word' id='word_1_99' title='bbox 331 999 428 1061; x_wconf 86' lang='lat' dir='ltr'><strong>postea</strong></span> <span class='ocrx_word' id='word_1_100' title='bbox 442 1003 556 1049; x_wconf 85' lang='lat' dir='ltr'><strong>cunctos</strong></span> <span class='ocrx_word' id='word_1_101' title='bbox 580 994 643 1050; x_wconf 89' lang='lat' dir='ltr'><strong>vitae</strong></span> <span class='ocrx_word' id='word_1_102' title='bbox 669 1011 726 1051; x_wconf 86' lang='lat' dir='ltr'><strong>suae</strong></span> <span class='ocrx_word' id='word_1_103' title='bbox 742 996 812 1064; x_wconf 87' lang='lat' dir='ltr'><strong>dies,</strong></span> <span class='ocrx_word' id='word_1_104' title='bbox 830 997 877 1053; x_wconf 83' lang='lat' dir='ltr'><strong>Dei</strong></span> <span class='ocrx_word' id='word_1_105' title='bbox 898 998 983 1055; x_wconf 78' lang='lat' dir='ltr'><strong>fretus</strong></span> <span class='ocrx_word' id='word_1_106' title='bbox 1033 993 1120 1050; x_wconf 88' lang='lat' dir='ltr'><strong>decus</strong></span> <span class='ocrx_word' id='word_1_107' title='bbox 1135 1008 1259 1056; x_wconf 90' lang='lat' dir='ltr'><strong>sucrum,</strong></span> <span class='ocrx_word' id='word_1_108' title='bbox 1271 992 1327 1047; x_wconf 85' lang='lat' dir='ltr'><strong>vita</strong></span> <span class='ocrx_word' id='word_1_109' title='bbox 1341 991 1437 1046; x_wconf 89' lang='lat' dir='ltr'><strong>donari</strong></span> <span class='ocrx_word' id='word_1_110' title='bbox 1450 1008 1501 1063; x_wconf 91' lang='lat' dir='ltr'><strong>per</strong></span> <span class='ocrx_word' id='word_1_111' title='bbox 1511 991 1711 1065; x_wconf 86' lang='lat' dir='ltr'><strong>indulgentiam</strong></span> <span class='ocrx_word' id='word_1_112' title='bbox 1728 992 1843 1047; x_wconf 88' lang='lat' dir='ltr'><strong>meruis·</strong></span> 
     </span>
     <span class='ocr_line' id='line_1_10' title="bbox 173 1081 1844 1156; baseline 0.001 -21"><span class='ocrx_word' id='word_1_113' title='bbox 173 1081 271 1155; x_wconf 86' lang='lat' dir='ltr'><strong>gratia,</strong></span> <span class='ocrx_word' id='word_1_114' title='bbox 287 1094 433 1153; x_wconf 88' lang='lat' dir='ltr'><strong>peragens,</strong></span> <span class='ocrx_word' id='word_1_115' title='bbox 456 1082 546 1154; x_wconf 86' lang='lat' dir='ltr'><strong>palam</strong></span> <span class='ocrx_word' id='word_1_116' title='bbox 561 1100 623 1156; x_wconf 84' lang='lat' dir='ltr'><strong>quau</strong></span> <span class='ocrx_word' id='word_1_117' title='bbox 645 1085 699 1140; x_wconf 92' lang='lat' dir='ltr'><strong>sibi</strong></span> <span class='ocrx_word' id='word_1_118' title='bbox 721 1085 853 1142; x_wconf 84' lang='lat' dir='ltr'><strong>Dominus</strong></span> <span class='ocrx_word' id='word_1_119' title='bbox 868 1085 981 1154; x_wconf 87' lang='lat' dir='ltr'><strong>lecerat,</strong></span> <span class='ocrx_word' id='word_1_120' title='bbox 1033 1088 1085 1152; x_wconf 91' lang='lat' dir='ltr'><strong>set)</strong></span> <span class='ocrx_word' id='word_1_121' title='bbox 1114 1083 1250 1139; x_wconf 84' lang='lat' dir='ltr'><strong>inhabita</strong></span> <span class='ocrx_word' id='word_1_122' title='bbox 1273 1083 1398 1140; x_wconf 62' lang='lat' dir='ltr'><strong>saeculari</strong></span> <span class='ocrx_word' id='word_1_123' title='bbox 1421 1100 1534 1139; x_wconf 88' lang='lat' dir='ltr'><strong>manere</strong></span> <span class='ocrx_word' id='word_1_124' title='bbox 1549 1082 1671 1150; x_wconf 90' lang='lat' dir='ltr'><strong>nolebat,</strong></span> <span class='ocrx_word' id='word_1_125' title='bbox 1695 1082 1844 1138; x_wconf 89' lang='lat' dir='ltr'><strong>salubriter</strong></span> 
     </span>
     <span class='ocr_line' id='line_1_11' title="bbox 174 1170 1843 1247; baseline 0.002 -23"><span class='ocrx_word' id='word_1_126' title='bbox 174 1170 353 1241; x_wconf 78' lang='lat' dir='ltr'><strong>predicabat.</strong></span> <span class='ocrx_word' id='word_1_127' title='bbox 370 1170 444 1227; x_wconf 86' lang='lat' dir='ltr'><strong>Obiit</strong></span> <span class='ocrx_word' id='word_1_128' title='bbox 456 1173 541 1247; x_wconf 89' lang='lat' dir='ltr'><strong>igitur</strong></span> <span class='ocrx_word' id='word_1_129' title='bbox 555 1174 739 1231; x_wconf 87' lang='lat' dir='ltr'><strong>Geuebaudus</strong></span> <span class='ocrx_word' id='word_1_130' title='bbox 754 1177 782 1231; x_wconf 91' lang='lat' dir='ltr'><strong>in</strong></span> <span class='ocrx_word' id='word_1_131' title='bbox 804 1191 871 1247; x_wconf 93' lang='lat' dir='ltr'><strong>pace</strong></span> <span class='ocrx_word' id='word_1_132' title='bbox 881 1178 984 1234; x_wconf 86' lang='lat' dir='ltr'><strong>sanctis</strong></span> <span class='ocrx_word' id='word_1_133' title='bbox 1033 1175 1193 1229; x_wconf 82' lang='lat' dir='ltr'><strong>exhortatus</strong></span> <span class='ocrx_word' id='word_1_134' title='bbox 1211 1182 1262 1240; x_wconf 90' lang='lat' dir='ltr'><strong>est,</strong></span> <span class='ocrx_word' id='word_1_135' title='bbox 1288 1174 1406 1229; x_wconf 88' lang='lat' dir='ltr'><strong>dicens:</strong></span> <span class='ocrx_word' id='word_1_136' title='bbox 1424 1175 1457 1230; x_wconf 91' lang='lat' dir='ltr'><strong>Ut</strong></span> <span class='ocrx_word' id='word_1_137' title='bbox 1471 1175 1494 1229; x_wconf 90' lang='lat' dir='ltr'><strong>si</strong></span> <span class='ocrx_word' id='word_1_138' title='bbox 1509 1174 1649 1246; x_wconf 90' lang='lat' dir='ltr'><strong>perlectus</strong></span> <span class='ocrx_word' id='word_1_139' title='bbox 1673 1189 1735 1228; x_wconf 90' lang='lat' dir='ltr'><strong>esse</strong></span> <span class='ocrx_word' id='word_1_140' title='bbox 1749 1173 1843 1238; x_wconf 90' lang='lat' dir='ltr'><strong>vellet,</strong></span> 
     </span>
     <span class='ocr_line' id='line_1_12' title="bbox 175 1259 1845 1339; baseline 0.002 -25"><span class='ocrx_word' id='word_1_141' title='bbox 175 1259 222 1315; x_wconf 85' lang='lat' dir='ltr'><strong>bei</strong></span> <span class='ocrx_word' id='word_1_142' title='bbox 236 1271 460 1331; x_wconf 87' lang='lat' dir='ltr'><strong>connumeratus,</strong></span> <span class='ocrx_word' id='word_1_143' title='bbox 475 1263 571 1319; x_wconf 93' lang='lat' dir='ltr'><strong>tandiu</strong></span> <span class='ocrx_word' id='word_1_144' title='bbox 595 1264 756 1336; x_wconf 90' lang='lat' dir='ltr'><strong>episcopatu</strong></span> <span class='ocrx_word' id='word_1_145' title='bbox 772 1264 943 1335; x_wconf 82' lang='lat' dir='ltr'><strong>perfunctus,</strong></span> <span class='ocrx_word' id='word_1_146' title='bbox 954 1276 984 1323; x_wconf 91' lang='lat' dir='ltr'><strong>ut</strong></span> <span class='ocrx_word' id='word_1_147' title='bbox 1033 1267 1157 1321; x_wconf 83' lang='lat' dir='ltr'><strong>vendens</strong></span> <span class='ocrx_word' id='word_1_148' title='bbox 1171 1266 1264 1322; x_wconf 90' lang='lat' dir='ltr'><strong>omnia</strong></span> <span class='ocrx_word' id='word_1_149' title='bbox 1278 1283 1329 1322; x_wconf 88' lang='lat' dir='ltr'><strong>sua</strong></span> <span class='ocrx_word' id='word_1_150' title='bbox 1343 1267 1421 1322; x_wconf 88' lang='lat' dir='ltr'><strong>daret</strong></span> <span class='ocrx_word' id='word_1_151' title='bbox 1435 1267 1616 1339; x_wconf 90' lang='lat' dir='ltr'><strong>pauperibus,</strong></span> <span class='ocrx_word' id='word_1_152' title='bbox 1638 1272 1666 1322; x_wconf 91' lang='lat' dir='ltr'><strong>et</strong></span> <span class='ocrx_word' id='word_1_153' title='bbox 1680 1275 1845 1337; x_wconf 88' lang='lat' dir='ltr'><strong>sequeretur</strong></span> 
     </span>
     <span class='ocr_line' id='line_1_13' title="bbox 174 1348 1845 1431; baseline 0.004 -27"><span class='ocrx_word' id='word_1_154' title='bbox 174 1348 200 1404; x_wconf 91' lang='lat' dir='ltr'><strong>ei</strong></span> <span class='ocrx_word' id='word_1_155' title='bbox 219 1352 383 1407; x_wconf 87' lang='lat' dir='ltr'><strong>successerit</strong></span> <span class='ocrx_word' id='word_1_156' title='bbox 401 1351 482 1410; x_wconf 87' lang='lat' dir='ltr'><strong>Latro</strong></span> <span class='ocrx_word' id='word_1_157' title='bbox 507 1352 582 1410; x_wconf 87' lang='lat' dir='ltr'><strong>lilius</strong></span> <span class='ocrx_word' id='word_1_158' title='bbox 609 1353 680 1423; x_wconf 88' lang='lat' dir='ltr'><strong>ejus,</strong></span> <span class='ocrx_word' id='word_1_159' title='bbox 695 1354 844 1426; x_wconf 88' lang='lat' dir='ltr'><strong>episeopus</strong></span> <span class='ocrx_word' id='word_1_160' title='bbox 869 1362 896 1410; x_wconf 89' lang='lat' dir='ltr'><strong>et</strong></span> <span class='ocrx_word' id='word_1_161' title='bbox 924 1355 984 1426; x_wconf 85' lang='lat' dir='ltr'><strong>ipse</strong></span> <span class='ocrx_word' id='word_1_162' title='bbox 1035 1359 1171 1414; x_wconf 87' lang='lat' dir='ltr'><strong>Christum</strong></span> <span class='ocrx_word' id='word_1_163' title='bbox 1183 1360 1290 1427; x_wconf 72' lang='lat' dir='ltr'><strong>tumet.</strong></span> <span class='ocrx_word' id='word_1_164' title='bbox 1313 1376 1370 1415; x_wconf 85' lang='lat' dir='ltr'><strong>xrx.</strong></span> <span class='ocrx_word' id='word_1_165' title='bbox 1388 1360 1444 1415; x_wconf 80' lang='lat' dir='ltr'><strong>ah.</strong></span> <span class='ocrx_word' id='word_1_166' title='bbox 1472 1360 1574 1431; x_wconf 89' lang='lat' dir='ltr'><strong>Sicque</strong></span> <span class='ocrx_word' id='word_1_167' title='bbox 1588 1365 1719 1424; x_wconf 85' lang='lat' dir='ltr'><strong>taxatum,</strong></span> <span class='ocrx_word' id='word_1_168' title='bbox 1736 1358 1770 1412; x_wconf 90' lang='lat' dir='ltr'><strong>de</strong></span> <span class='ocrx_word' id='word_1_169' title='bbox 1785 1358 1845 1412; x_wconf 87' lang='lat' dir='ltr'><strong>the-</strong></span> 
     </span>
     <span class='ocr_line' id='line_1_14' title="bbox 175 1446 1846 1519; baseline 0.001 -21"><span class='ocrx_word' id='word_1_170' title='bbox 175 1449 271 1513; x_wconf 87' lang='lat' dir='ltr'><strong>postea</strong></span> <span class='ocrx_word' id='word_1_171' title='bbox 285 1451 406 1499; x_wconf 88' lang='lat' dir='ltr'><strong>sanctus.</strong></span> <span class='ocrx_word' id='word_1_172' title='bbox 1034 1448 1124 1503; x_wconf 82' lang='lat' dir='ltr'><strong>saunis</strong></span> <span class='ocrx_word' id='word_1_173' title='bbox 1135 1448 1340 1516; x_wconf 88' lang='lat' dir='ltr'><strong>ecelesiasticis,</strong></span> <span class='ocrx_word' id='word_1_174' title='bbox 1357 1447 1487 1519; x_wconf 85' lang='lat' dir='ltr'><strong>pretium,</strong></span> <span class='ocrx_word' id='word_1_175' title='bbox 1499 1447 1622 1519; x_wconf 92' lang='lat' dir='ltr'><strong>quinque</strong></span> <span class='ocrx_word' id='word_1_176' title='bbox 1638 1446 1724 1501; x_wconf 89' lang='lat' dir='ltr'><strong>millia</strong></span> <span class='ocrx_word' id='word_1_177' title='bbox 1738 1446 1846 1501; x_wconf 90' lang='lat' dir='ltr'><strong>scilicet</strong></span> 
     </span>
     <span class='ocr_line' id='line_1_15' title="bbox 201 1526 1848 1616; baseline 0 -26"><span class='ocrx_word' id='word_1_178' title='bbox 201 1526 267 1590; x_wconf 80' lang='lat' dir='ltr'><strong>¹Rea</strong></span> <span class='ocrx_word' id='word_1_179' title='bbox 291 1537 412 1610; x_wconf 89' lang='lat' dir='ltr'><strong>denique</strong></span> <span class='ocrx_word' id='word_1_180' title='bbox 441 1539 594 1595; x_wconf 85' lang='lat' dir='ltr'><strong>Lodovieus</strong></span> <span class='ocrx_word' id='word_1_181' title='bbox 622 1540 651 1594; x_wconf 90' lang='lat' dir='ltr'><strong>in</strong></span> <span class='ocrx_word' id='word_1_182' title='bbox 682 1539 794 1595; x_wconf 86' lang='lat' dir='ltr'><strong>civitate</strong></span> <span class='ocrx_word' id='word_1_183' title='bbox 820 1540 986 1598; x_wconf 89' lang='lat' dir='ltr'><strong>Suessoniea</strong></span> <span class='ocrx_word' id='word_1_184' title='bbox 1035 1543 1142 1615; x_wconf 89' lang='lat' dir='ltr'><strong>argenti</strong></span> <span class='ocrx_word' id='word_1_185' title='bbox 1159 1542 1255 1606; x_wconf 89' lang='lat' dir='ltr'><strong>libras,</strong></span> <span class='ocrx_word' id='word_1_186' title='bbox 1266 1541 1382 1616; x_wconf 84' lang='lat' dir='ltr'><strong>Eulogio</strong></span> <span class='ocrx_word' id='word_1_187' title='bbox 1392 1541 1480 1596; x_wconf 80' lang='lat' dir='ltr'><strong>fertur</strong></span> <span class='ocrx_word' id='word_1_188' title='bbox 1489 1540 1611 1606; x_wconf 90' lang='lat' dir='ltr'><strong>dedisse,</strong></span> <span class='ocrx_word' id='word_1_189' title='bbox 1635 1539 1780 1610; x_wconf 89' lang='lat' dir='ltr'><strong>ipsamque</strong></span> <span class='ocrx_word' id='word_1_190' title='bbox 1794 1537 1848 1591; x_wconf 86' lang='lat' dir='ltr'><strong>vil-</strong></span> 
     </span>
     <span class='ocr_line' id='line_1_16' title="bbox 175 1627 1845 1704; baseline -0.001 -21"><span class='ocrx_word' id='word_1_191' title='bbox 175 1627 270 1683; x_wconf 91' lang='lat' dir='ltr'><strong>sedem</strong></span> <span class='ocrx_word' id='word_1_192' title='bbox 298 1645 376 1685; x_wconf 93' lang='lat' dir='ltr'><strong>suam</strong></span> <span class='ocrx_word' id='word_1_193' title='bbox 391 1631 572 1696; x_wconf 88' lang='lat' dir='ltr'><strong>constituens,</strong></span> <span class='ocrx_word' id='word_1_194' title='bbox 594 1632 785 1688; x_wconf 87' lang='lat' dir='ltr'><strong>delectabatur</strong></span> <span class='ocrx_word' id='word_1_195' title='bbox 797 1634 945 1704; x_wconf 76' lang='lat' dir='ltr'><strong>presentia</strong></span> <span class='ocrx_word' id='word_1_196' title='bbox 959 1644 987 1691; x_wconf 86' lang='lat' dir='ltr'><strong>et</strong></span> <span class='ocrx_word' id='word_1_197' title='bbox 1009 1640 1012 1644; x_wconf 85' lang='grc'><strong>’</strong></span> <span class='ocrx_word' id='word_1_198' title='bbox 1035 1633 1088 1687; x_wconf 92' lang='lat' dir='ltr'><strong>lam</strong></span> <span class='ocrx_word' id='word_1_199' title='bbox 1103 1633 1132 1688; x_wconf 92' lang='lat' dir='ltr'><strong>iu</strong></span> <span class='ocrx_word' id='word_1_200' title='bbox 1152 1632 1281 1688; x_wconf 73' lang='lat' dir='ltr'><strong>Ecclesiae</strong></span> <span class='ocrx_word' id='word_1_201' title='bbox 1309 1632 1514 1702; x_wconf 89' lang='lat' dir='ltr'><strong>possessionem</strong></span> <span class='ocrx_word' id='word_1_202' title='bbox 1538 1644 1720 1699; x_wconf 88' lang='lat' dir='ltr'><strong>comparasse.</strong></span> <span class='ocrx_word' id='word_1_203' title='bbox 1739 1629 1845 1682; x_wconf 86' lang='lat' dir='ltr'><strong>Bonum</strong></span> 
     </span>
     <span class='ocr_line' id='line_1_17' title="bbox 175 1718 1846 1796; baseline -0.001 -22"><span class='ocrx_word' id='word_1_204' title='bbox 175 1718 315 1790; x_wconf 91' lang='lat' dir='ltr'><strong>colloquio</strong></span> <span class='ocrx_word' id='word_1_205' title='bbox 325 1719 413 1775; x_wconf 88' lang='lat' dir='ltr'><strong>sancti</strong></span> <span class='ocrx_word' id='word_1_206' title='bbox 424 1719 552 1796; x_wconf 76' lang='lat' dir='ltr'><strong>Remigii.</strong></span> <span class='ocrx_word' id='word_1_207' title='bbox 564 1722 618 1777; x_wconf 92' lang='lat' dir='ltr'><strong>Sed</strong></span> <span class='ocrx_word' id='word_1_208' title='bbox 634 1722 700 1793; x_wconf 89' lang='lat' dir='ltr'><strong>quia</strong></span> <span class='ocrx_word' id='word_1_209' title='bbox 713 1723 756 1778; x_wconf 90' lang='lat' dir='ltr'><strong>vir</strong></span> <span class='ocrx_word' id='word_1_210' title='bbox 770 1723 815 1779; x_wconf 91' lang='lat' dir='ltr'><strong>hic</strong></span> <span class='ocrx_word' id='word_1_211' title='bbox 827 1733 939 1781; x_wconf 87' lang='lat' dir='ltr'><strong>sauctus</strong></span> <span class='ocrx_word' id='word_1_212' title='bbox 953 1726 982 1780; x_wconf 91' lang='lat' dir='ltr'><strong>in</strong></span> <span class='ocrx_word' id='word_1_213' title='bbox 998 1722 1141 1794; x_wconf 84' lang='lat' dir='ltr'><strong>sscunctis</strong></span> <span class='ocrx_word' id='word_1_214' title='bbox 1166 1720 1327 1792; x_wconf 91' lang='lat' dir='ltr'><strong>relinquens</strong></span> <span class='ocrx_word' id='word_1_215' title='bbox 1349 1720 1504 1792; x_wconf 80' lang='lat' dir='ltr'><strong>exemplum</strong></span> <span class='ocrx_word' id='word_1_216' title='bbox 1514 1719 1664 1791; x_wconf 90' lang='lat' dir='ltr'><strong>episcopis,</strong></span> <span class='ocrx_word' id='word_1_217' title='bbox 1680 1720 1846 1791; x_wconf 73' lang='lat' dir='ltr'><strong>caeterisque</strong></span> 
     </span>
     <span class='ocr_line' id='line_1_18' title="bbox 176 1806 1846 1882; baseline 0 -19"><span class='ocrx_word' id='word_1_218' title='bbox 176 1806 296 1863; x_wconf 85' lang='lat' dir='ltr'><strong>civitatis</strong></span> <span class='ocrx_word' id='word_1_219' title='bbox 310 1810 393 1879; x_wconf 88' lang='lat' dir='ltr'><strong>hujus</strong></span> <span class='ocrx_word' id='word_1_220' title='bbox 405 1810 509 1866; x_wconf 81' lang='lat' dir='ltr'><strong>ricinia</strong></span> <span class='ocrx_word' id='word_1_221' title='bbox 523 1811 602 1867; x_wconf 83' lang='lat' dir='ltr'><strong>villas</strong></span> <span class='ocrx_word' id='word_1_222' title='bbox 617 1827 673 1867; x_wconf 91' lang='lat' dir='ltr'><strong>non</strong></span> <span class='ocrx_word' id='word_1_223' title='bbox 702 1812 823 1868; x_wconf 89' lang='lat' dir='ltr'><strong>habebat</strong></span> <span class='ocrx_word' id='word_1_224' title='bbox 841 1813 921 1882; x_wconf 87' lang='lat' dir='ltr'><strong>alias,</strong></span> <span class='ocrx_word' id='word_1_225' title='bbox 933 1815 986 1871; x_wconf 90' lang='lat' dir='ltr'><strong>uisi</strong></span> <span class='ocrx_word' id='word_1_226' title='bbox 1036 1810 1239 1875; x_wconf 88' lang='lat' dir='ltr'><strong>sacerdotibus,</strong></span> <span class='ocrx_word' id='word_1_227' title='bbox 1253 1819 1283 1864; x_wconf 95' lang='lat' dir='ltr'><strong>ut</strong></span> <span class='ocrx_word' id='word_1_228' title='bbox 1297 1810 1362 1865; x_wconf 91' lang='lat' dir='ltr'><strong>dum</strong></span> <span class='ocrx_word' id='word_1_229' title='bbox 1376 1809 1481 1880; x_wconf 88' lang='lat' dir='ltr'><strong>probis</strong></span> <span class='ocrx_word' id='word_1_230' title='bbox 1495 1808 1542 1881; x_wconf 93' lang='lat' dir='ltr'><strong>qui</strong></span> <span class='ocrx_word' id='word_1_231' title='bbox 1551 1808 1586 1862; x_wconf 91' lang='lat' dir='ltr'><strong>ad</strong></span> <span class='ocrx_word' id='word_1_232' title='bbox 1600 1807 1727 1865; x_wconf 81' lang='lat' dir='ltr'><strong>Ecclesiae</strong></span> <span class='ocrx_word' id='word_1_233' title='bbox 1742 1809 1846 1871; x_wconf 87' lang='lat' dir='ltr'><strong>sinum,</strong></span> 
     </span>
     <span class='ocr_line' id='line_1_19' title="bbox 176 1896 1849 1975; baseline 0.003 -25"><span class='ocrx_word' id='word_1_234' title='bbox 176 1896 324 1968; x_wconf 89' lang='lat' dir='ltr'><strong>quamdam</strong></span> <span class='ocrx_word' id='word_1_235' title='bbox 340 1913 451 1968; x_wconf 89' lang='lat' dir='ltr'><strong>parvam</strong></span> <span class='ocrx_word' id='word_1_236' title='bbox 477 1915 539 1970; x_wconf 78' lang='lat' dir='ltr'><strong>qum</strong></span> <span class='ocrx_word' id='word_1_237' title='bbox 562 1907 657 1955; x_wconf 88' lang='lat' dir='ltr'><strong>sancto</strong></span> <span class='ocrx_word' id='word_1_238' title='bbox 674 1898 782 1956; x_wconf 87' lang='lat' dir='ltr'><strong>Nicasio</strong></span> <span class='ocrx_word' id='word_1_239' title='bbox 798 1901 861 1956; x_wconf 88' lang='lat' dir='ltr'><strong>data</strong></span> <span class='ocrx_word' id='word_1_240' title='bbox 887 1901 986 1973; x_wconf 84' lang='lat' dir='ltr'><strong>lueret,</strong></span> <span class='ocrx_word' id='word_1_241' title='bbox 1037 1904 1081 1958; x_wconf 85' lang='lat' dir='ltr'><strong>rel</strong></span> <span class='ocrx_word' id='word_1_242' title='bbox 1093 1901 1295 1958; x_wconf 79' lang='lat' dir='ltr'><strong>servorumllei</strong></span> <span class='ocrx_word' id='word_1_243' title='bbox 1310 1902 1440 1975; x_wconf 79' lang='lat' dir='ltr'><strong>presidia</strong></span> <span class='ocrx_word' id='word_1_244' title='bbox 1454 1900 1614 1975; x_wconf 83' lang='lat' dir='ltr'><strong>coniugium</strong></span> <span class='ocrx_word' id='word_1_245' title='bbox 1630 1899 1744 1967; x_wconf 81' lang='lat' dir='ltr'><strong>iaciunt,</strong></span> <span class='ocrx_word' id='word_1_246' title='bbox 1761 1901 1849 1956; x_wconf 89' lang='lat' dir='ltr'><strong>inter-</strong></span> 
     </span>
     <span class='ocr_line' id='line_1_20' title="bbox 177 1991 1849 2069; baseline 0.004 -27"><span class='ocrx_word' id='word_1_247' title='bbox 177 2003 223 2044; x_wconf 83' lang='lat' dir='ltr'><strong>rex</strong></span> <span class='ocrx_word' id='word_1_248' title='bbox 236 1991 413 2064; x_wconf 79' lang='lat' dir='ltr'><strong>(suggerente</strong></span> <span class='ocrx_word' id='word_1_249' title='bbox 425 1992 531 2066; x_wconf 87' lang='lat' dir='ltr'><strong>regina,</strong></span> <span class='ocrx_word' id='word_1_250' title='bbox 546 1992 726 2064; x_wconf 90' lang='lat' dir='ltr'><strong>locorumque</strong></span> <span class='ocrx_word' id='word_1_251' title='bbox 738 1996 987 2066; x_wconf 87' lang='lat' dir='ltr'><strong>petentibusinco-</strong></span> <span class='ocrx_word' id='word_1_252' title='bbox 1037 1995 1150 2063; x_wconf 89' lang='lat' dir='ltr'><strong>cedunt,</strong></span> <span class='ocrx_word' id='word_1_253' title='bbox 1158 2002 1206 2050; x_wconf 89' lang='lat' dir='ltr'><strong>aut</strong></span> <span class='ocrx_word' id='word_1_254' title='bbox 1219 1994 1294 2050; x_wconf 87' lang='lat' dir='ltr'><strong>buna</strong></span> <span class='ocrx_word' id='word_1_255' title='bbox 1305 1994 1437 2066; x_wconf 88' lang='lat' dir='ltr'><strong>quaelibet</strong></span> <span class='ocrx_word' id='word_1_256' title='bbox 1448 2001 1543 2069; x_wconf 82' lang='lat' dir='ltr'><strong>agunt,</strong></span> <span class='ocrx_word' id='word_1_257' title='bbox 1558 1993 1618 2047; x_wconf 87' lang='lat' dir='ltr'><strong>haec</strong></span> <span class='ocrx_word' id='word_1_258' title='bbox 1637 2008 1687 2063; x_wconf 90' lang='lat' dir='ltr'><strong>pro</strong></span> <span class='ocrx_word' id='word_1_259' title='bbox 1702 1994 1849 2064; x_wconf 88' lang='lat' dir='ltr'><strong>temporali</strong></span> 
     </span>
     <span class='ocr_line' id='line_1_21' title="bbox 177 2082 1851 2163; baseline -0.001 -25"><span class='ocrx_word' id='word_1_260' title='bbox 177 2083 222 2151; x_wconf 91' lang='lat' dir='ltr'><strong>lis,</strong></span> <span class='ocrx_word' id='word_1_261' title='bbox 238 2084 286 2155; x_wconf 92' lang='lat' dir='ltr'><strong>qui</strong></span> <span class='ocrx_word' id='word_1_262' title='bbox 299 2084 501 2157; x_wconf 87' lang='lat' dir='ltr'><strong>multiplicibus</strong></span> <span class='ocrx_word' id='word_1_263' title='bbox 511 2092 589 2141; x_wconf 89' lang='lat' dir='ltr'><strong>eraut</strong></span> <span class='ocrx_word' id='word_1_264' title='bbox 603 2088 743 2160; x_wconf 84' lang='lat' dir='ltr'><strong>aggravati</strong></span> <span class='ocrx_word' id='word_1_265' title='bbox 753 2089 852 2156; x_wconf 85' lang='lat' dir='ltr'><strong>xeniis,</strong></span> <span class='ocrx_word' id='word_1_266' title='bbox 868 2097 899 2146; x_wconf 91' lang='lat' dir='ltr'><strong>ut</strong></span> <span class='ocrx_word' id='word_1_267' title='bbox 913 2091 988 2163; x_wconf 92' lang='lat' dir='ltr'><strong>quod</strong></span> <span class='ocrx_word' id='word_1_268' title='bbox 1039 2083 1298 2156; x_wconf 89' lang='lat' dir='ltr'><strong>recompensatione</strong></span> <span class='ocrx_word' id='word_1_269' title='bbox 1314 2098 1368 2138; x_wconf 92' lang='lat' dir='ltr'><strong>uon</strong></span> <span class='ocrx_word' id='word_1_270' title='bbox 1377 2083 1515 2154; x_wconf 86' lang='lat' dir='ltr'><strong>expleant,</strong></span> <span class='ocrx_word' id='word_1_271' title='bbox 1533 2098 1584 2137; x_wconf 93' lang='lat' dir='ltr'><strong>nec</strong></span> <span class='ocrx_word' id='word_1_272' title='bbox 1594 2082 1752 2137; x_wconf 87' lang='lat' dir='ltr'><strong>transitoria</strong></span> <span class='ocrx_word' id='word_1_273' title='bbox 1762 2082 1851 2137; x_wconf 81' lang='lat' dir='ltr'><strong>velint</strong></span> 
     </span>
     <span class='ocr_line' id='line_1_22' title="bbox 179 2173 1851 2252; baseline -0.003 -19"><span class='ocrx_word' id='word_1_274' title='bbox 179 2178 236 2252; x_wconf 89' lang='lat' dir='ltr'><strong>regi</strong></span> <span class='ocrx_word' id='word_1_275' title='bbox 248 2177 400 2246; x_wconf 90' lang='lat' dir='ltr'><strong>debebant,</strong></span> <span class='ocrx_word' id='word_1_276' title='bbox 417 2178 546 2242; x_wconf 75' lang='lat' dir='ltr'><strong>Ecclesia</strong></span> <span class='ocrx_word' id='word_1_277' title='bbox 568 2179 695 2234; x_wconf 89' lang='lat' dir='ltr'><strong>Remensi</strong></span> <span class='ocrx_word' id='word_1_278' title='bbox 711 2182 906 2252; x_wconf 84' lang='lat' dir='ltr'><strong>persolverent)</strong></span> <span class='ocrx_word' id='word_1_279' title='bbox 920 2199 988 2238; x_wconf 90' lang='lat' dir='ltr'><strong>sau·</strong></span> <span class='ocrx_word' id='word_1_280' title='bbox 1038 2177 1163 2249; x_wconf 90' lang='lat' dir='ltr'><strong>recipere</strong></span> <span class='ocrx_word' id='word_1_281' title='bbox 1189 2175 1259 2242; x_wconf 89' lang='lat' dir='ltr'><strong>;sed</strong></span> <span class='ocrx_word' id='word_1_282' title='bbox 1277 2175 1357 2243; x_wconf 80' lang='lat' dir='ltr'><strong>juxta</strong></span> <span class='ocrx_word' id='word_1_283' title='bbox 1383 2175 1543 2230; x_wconf 88' lang='lat' dir='ltr'><strong>mandatum</strong></span> <span class='ocrx_word' id='word_1_284' title='bbox 1567 2173 1687 2244; x_wconf 85' lang='lat' dir='ltr'><strong>Domini,</strong></span> <span class='ocrx_word' id='word_1_285' title='bbox 1711 2176 1760 2247; x_wconf 89' lang='lat' dir='ltr'><strong>qui</strong></span> <span class='ocrx_word' id='word_1_286' title='bbox 1786 2191 1851 2249; x_wconf 89' lang='lat' dir='ltr'><strong>gra-</strong></span> 
     </span>
     <span class='ocr_line' id='line_1_23' title="bbox 177 2267 1851 2345; baseline 0.002 -17"><span class='ocrx_word' id='word_1_287' title='bbox 177 2279 222 2329; x_wconf 89' lang='lat' dir='ltr'><strong>cto</strong></span> <span class='ocrx_word' id='word_1_288' title='bbox 238 2272 383 2342; x_wconf 91' lang='lat' dir='ltr'><strong>proposuit</strong></span> <span class='ocrx_word' id='word_1_289' title='bbox 399 2271 535 2345; x_wconf 90' lang='lat' dir='ltr'><strong>Remigio,</strong></span> <span class='ocrx_word' id='word_1_290' title='bbox 545 2279 577 2327; x_wconf 90' lang='lat' dir='ltr'><strong>ut</strong></span> <span class='ocrx_word' id='word_1_291' title='bbox 591 2281 725 2344; x_wconf 90' lang='lat' dir='ltr'><strong>quantum</strong></span> <span class='ocrx_word' id='word_1_292' title='bbox 750 2275 909 2331; x_wconf 88' lang='lat' dir='ltr'><strong>circumiret</strong></span> <span class='ocrx_word' id='word_1_293' title='bbox 923 2275 989 2330; x_wconf 93' lang='lat' dir='ltr'><strong>dum</strong></span> <span class='ocrx_word' id='word_1_294' title='bbox 1039 2269 1075 2325; x_wconf 72' lang='lat' dir='ltr'><strong>tis</strong></span> <span class='ocrx_word' id='word_1_295' title='bbox 1090 2275 1267 2341; x_wconf 66' lang='lat' dir='ltr'><strong>acceperunt,</strong></span> <span class='ocrx_word' id='word_1_296' title='bbox 1296 2268 1426 2324; x_wconf 64' lang='lat' dir='ltr'><strong>studeant</strong></span> <span class='ocrx_word' id='word_1_297' title='bbox 1443 2283 1555 2339; x_wconf 67' lang='lat' dir='ltr'><strong>&lt;umque</strong></span> <span class='ocrx_word' id='word_1_298' title='bbox 1573 2267 1659 2340; x_wconf 68' lang='lat' dir='ltr'><strong>graiis</strong></span> <span class='ocrx_word' id='word_1_299' title='bbox 1686 2267 1851 2340; x_wconf 68' lang='lat' dir='ltr'><strong>impendere</strong></span> 
     </span>
     <span class='ocr_line' id='line_1_24' title="bbox 179 2359 1244 2434; baseline -0.003 -17"><span class='ocrx_word' id='word_1_300' title='bbox 179 2362 238 2434; x_wconf 89' lang='lat' dir='ltr'><strong>ipse</strong></span> <span class='ocrx_word' id='word_1_301' title='bbox 253 2363 370 2419; x_wconf 92' lang='lat' dir='ltr'><strong>meridie</strong></span> <span class='ocrx_word' id='word_1_302' title='bbox 385 2363 552 2434; x_wconf 86' lang='lat' dir='ltr'><strong>quiesceret,</strong></span> <span class='ocrx_word' id='word_1_303' title='bbox 568 2360 608 2416; x_wconf 91' lang='lat' dir='ltr'><strong>illi</strong></span> <span class='ocrx_word' id='word_1_304' title='bbox 633 2369 720 2419; x_wconf 89' lang='lat' dir='ltr'><strong>totum</strong></span> <span class='ocrx_word' id='word_1_305' title='bbox 747 2364 874 2420; x_wconf 91' lang='lat' dir='ltr'><strong>donaret.</strong></span> <span class='ocrx_word' id='word_1_306' title='bbox 892 2366 991 2420; x_wconf 86' lang='lat' dir='ltr'><strong>Beatus</strong></span> <span class='ocrx_word' id='word_1_307' title='bbox 1040 2362 1148 2431; x_wconf 72' lang='lat' dir='ltr'><strong>(bledla.</strong></span> <span class='ocrx_word' id='word_1_308' title='bbox 1165 2376 1192 2426; x_wconf 84' lang='lat' dir='ltr'><strong>x,</strong></span> <span class='ocrx_word' id='word_1_309' title='bbox 1207 2359 1244 2426; x_wconf 86' lang='grc'><strong>8).</strong></span> 
     </span>
     <span class='ocr_line' id='line_1_25' title="bbox 176 2445 1532 2528; baseline -0.004 -23"><span class='ocrx_word' id='word_1_310' title='bbox 176 2450 264 2526; x_wconf 84' lang='lat' dir='ltr'><strong>igitur</strong></span> <span class='ocrx_word' id='word_1_311' title='bbox 278 2452 420 2528; x_wconf 81' lang='lat' dir='ltr'><strong>Remigius</strong></span> <span class='ocrx_word' id='word_1_312' title='bbox 431 2469 482 2525; x_wconf 91' lang='lat' dir='ltr'><strong>per</strong></span> <span class='ocrx_word' id='word_1_313' title='bbox 504 2451 575 2508; x_wconf 86' lang='lat' dir='ltr'><strong>fines</strong></span> <span class='ocrx_word' id='word_1_314' title='bbox 593 2453 641 2524; x_wconf 94' lang='lat' dir='ltr'><strong>qui</strong></span> <span class='ocrx_word' id='word_1_315' title='bbox 657 2453 787 2509; x_wconf 83' lang='lat' dir='ltr'><strong>videntur</strong></span> <span class='ocrx_word' id='word_1_316' title='bbox 798 2456 890 2512; x_wconf 91' lang='lat' dir='ltr'><strong>adhuc</strong></span> <span class='ocrx_word' id='word_1_317' title='bbox 902 2454 992 2510; x_wconf 91' lang='lat' dir='ltr'><strong>mani·</strong></span> <span class='ocrx_word' id='word_1_318' title='bbox 1361 2445 1466 2504; x_wconf 78' lang='lat' dir='ltr'>CAPUT</span> <span class='ocrx_word' id='word_1_319' title='bbox 1480 2448 1532 2504; x_wconf 84' lang='lat' dir='ltr'><strong>xv.</strong></span> 
     </span>
     <span class='ocr_line' id='line_1_26' title="bbox 179 2538 1857 2620; baseline -0.002 -18"><span class='ocrx_word' id='word_1_320' title='bbox 179 2547 254 2615; x_wconf 82' lang='lat' dir='ltr'><strong>testi,</strong></span> <span class='ocrx_word' id='word_1_321' title='bbox 265 2545 415 2618; x_wconf 84' lang='lat' dir='ltr'><strong>proiectus,</strong></span> <span class='ocrx_word' id='word_1_322' title='bbox 432 2545 541 2601; x_wconf 92' lang='lat' dir='ltr'><strong>itineris</strong></span> <span class='ocrx_word' id='word_1_323' title='bbox 555 2544 599 2600; x_wconf 92' lang='lat' dir='ltr'><strong>sui</strong></span> <span class='ocrx_word' id='word_1_324' title='bbox 611 2545 692 2620; x_wconf 91' lang='lat' dir='ltr'><strong>signa</strong></span> <span class='ocrx_word' id='word_1_325' title='bbox 704 2547 819 2603; x_wconf 89' lang='lat' dir='ltr'><strong>dimisit.</strong></span> <span class='ocrx_word' id='word_1_326' title='bbox 838 2548 868 2602; x_wconf 93' lang='lat' dir='ltr'><strong>lu</strong></span> <span class='ocrx_word' id='word_1_327' title='bbox 877 2565 932 2620; x_wconf 91' lang='lat' dir='ltr'><strong>qua</strong></span> <span class='ocrx_word' id='word_1_328' title='bbox 947 2547 994 2603; x_wconf 91' lang='lat' dir='ltr'><strong>de·</strong></span> <span class='ocrx_word' id='word_1_329' title='bbox 1044 2547 1080 2600; x_wconf 80' lang='lat' dir='ltr'><strong>Ro</strong></span> <span class='ocrx_word' id='word_1_330' title='bbox 1094 2542 1215 2598; x_wconf 76' lang='lat' dir='ltr'><strong>uictoriis</strong></span> <span class='ocrx_word' id='word_1_331' title='bbox 1229 2538 1361 2596; x_wconf 78' lang='lat' dir='ltr'><strong>lodovici</strong></span> <span class='ocrx_word' id='word_1_332' title='bbox 1371 2555 1423 2611; x_wconf 83' lang='lat' dir='ltr'><strong>per</strong></span> <span class='ocrx_word' id='word_1_333' title='bbox 1436 2542 1573 2596; x_wconf 73' lang='lat' dir='ltr'><strong>discilium</strong></span> <span class='ocrx_word' id='word_1_334' title='bbox 1587 2544 1676 2596; x_wconf 80' lang='lat' dir='ltr'><strong>soracti</strong></span> <span class='ocrx_word' id='word_1_335' title='bbox 1689 2544 1815 2614; x_wconf 68' lang='lat' dir='ltr'><strong>Remigii,</strong></span> <span class='ocrx_word' id='word_1_336' title='bbox 1831 2549 1857 2598; x_wconf 82' lang='lat' dir='ltr'><strong>et</strong></span> 
     </span>
     <span class='ocr_line' id='line_1_27' title="bbox 178 2613 1568 2709; baseline -0.001 -17"><span class='ocrx_word' id='word_1_337' title='bbox 178 2635 376 2693; x_wconf 88' lang='lat' dir='ltr'><strong>terminatione</strong></span> <span class='ocrx_word' id='word_1_338' title='bbox 386 2633 500 2706; x_wconf 90' lang='lat' dir='ltr'><strong>quidam</strong></span> <span class='ocrx_word' id='word_1_339' title='bbox 515 2634 662 2706; x_wconf 89' lang='lat' dir='ltr'><strong>possidens</strong></span> <span class='ocrx_word' id='word_1_340' title='bbox 684 2638 876 2694; x_wconf 90' lang='lat' dir='ltr'><strong>molendinum</strong></span> <span class='ocrx_word' id='word_1_341' title='bbox 892 2613 995 2709; x_wconf 71' lang='lat' dir='ltr'><strong>repulit</strong></span> <span class='ocrx_word' id='word_1_342' title='bbox 1327 2631 1568 2701; x_wconf 70' lang='lat' dir='ltr'><strong>dneiptittsredis·</strong></span> 
     </span>
     <span class='ocr_line' id='line_1_28' title="bbox 177 2721 1858 2800; baseline -0.003 -14"><span class='ocrx_word' id='word_1_343' title='bbox 177 2740 303 2786; x_wconf 90' lang='lat' dir='ltr'><strong>sanctum</strong></span> <span class='ocrx_word' id='word_1_344' title='bbox 332 2729 434 2797; x_wconf 86' lang='lat' dir='ltr'><strong>uirum,</strong></span> <span class='ocrx_word' id='word_1_345' title='bbox 463 2743 497 2783; x_wconf 91' lang='lat' dir='ltr'><strong>ne</strong></span> <span class='ocrx_word' id='word_1_346' title='bbox 519 2727 592 2783; x_wconf 89' lang='lat' dir='ltr'><strong>intra</strong></span> <span class='ocrx_word' id='word_1_347' title='bbox 619 2728 695 2800; x_wconf 89' lang='lat' dir='ltr'><strong>ipsos</strong></span> <span class='ocrx_word' id='word_1_348' title='bbox 714 2729 792 2784; x_wconf 93' lang='lat' dir='ltr'><strong>illum</strong></span> <span class='ocrx_word' id='word_1_349' title='bbox 813 2729 993 2787; x_wconf 88' lang='lat' dir='ltr'><strong>concluderet</strong></span> <span class='ocrx_word' id='word_1_350' title='bbox 1081 2726 1137 2780; x_wconf 83' lang='lat' dir='ltr'><strong>Rex</strong></span> <span class='ocrx_word' id='word_1_351' title='bbox 1161 2723 1255 2794; x_wconf 91' lang='lat' dir='ltr'><strong>itaque</strong></span> <span class='ocrx_word' id='word_1_352' title='bbox 1281 2721 1436 2777; x_wconf 81' lang='lat' dir='ltr'><strong>ludovicus</strong></span> <span class='ocrx_word' id='word_1_353' title='bbox 1462 2728 1556 2778; x_wconf 89' lang='lat' dir='ltr'><strong>contra</strong></span> <span class='ocrx_word' id='word_1_354' title='bbox 1583 2721 1799 2779; x_wconf 88' lang='lat' dir='ltr'><strong>Gundebaudum</strong></span> <span class='ocrx_word' id='word_1_355' title='bbox 1829 2734 1858 2782; x_wconf 87' lang='lat' dir='ltr'><strong>et</strong></span> 
     </span>
     <span class='ocr_line' id='line_1_29' title="bbox 178 2813 1853 2892; baseline 0.002 -19"><span class='ocrx_word' id='word_1_356' title='bbox 178 2818 258 2874; x_wconf 89' lang='lat' dir='ltr'><strong>lines.</strong></span> <span class='ocrx_word' id='word_1_357' title='bbox 270 2819 356 2884; x_wconf 83' lang='lat' dir='ltr'><strong>Quem</strong></span> <span class='ocrx_word' id='word_1_358' title='bbox 381 2818 424 2873; x_wconf 89' lang='lat' dir='ltr'><strong>vir</strong></span> <span class='ocrx_word' id='word_1_359' title='bbox 452 2818 561 2875; x_wconf 85' lang='lat' dir='ltr'><strong>bomini</strong></span> <span class='ocrx_word' id='word_1_360' title='bbox 586 2818 686 2874; x_wconf 88' lang='lat' dir='ltr'><strong>leuiter</strong></span> <span class='ocrx_word' id='word_1_361' title='bbox 708 2817 807 2876; x_wconf 82' lang='lat' dir='ltr'><strong>affatus</strong></span> <span class='ocrx_word' id='word_1_362' title='bbox 815 2820 873 2875; x_wconf 92' lang='lat' dir='ltr'><strong>ait:</strong></span> <span class='ocrx_word' id='word_1_363' title='bbox 888 2818 990 2885; x_wconf 80' lang='lat' dir='ltr'><strong>Amice,</strong></span> <span class='ocrx_word' id='word_1_364' title='bbox 1042 2816 1230 2892; x_wconf 69' lang='lat' dir='ltr'><strong>bodegisilum</strong></span> <span class='ocrx_word' id='word_1_365' title='bbox 1242 2813 1352 2869; x_wconf 83' lang='lat' dir='ltr'><strong>fratrem</strong></span> <span class='ocrx_word' id='word_1_366' title='bbox 1369 2814 1429 2882; x_wconf 89' lang='lat' dir='ltr'><strong>ejus</strong></span> <span class='ocrx_word' id='word_1_367' title='bbox 1446 2815 1551 2871; x_wconf 88' lang='lat' dir='ltr'><strong>ducens</strong></span> <span class='ocrx_word' id='word_1_368' title='bbox 1567 2818 1716 2874; x_wconf 88' lang='lat' dir='ltr'><strong>exercitum</strong></span> <span class='ocrx_word' id='word_1_369' title='bbox 1729 2821 1775 2891; x_wconf 81' lang='lat' dir='ltr'><strong>(aa</strong></span> <span class='ocrx_word' id='word_1_370' title='bbox 1802 2824 1853 2878; x_wconf 78' lang='lat'><strong>501</strong></span> 
     </span>
     <span class='ocr_line' id='line_1_30' title="bbox 179 2905 1856 2984; baseline 0.002 -18"><span class='ocrx_word' id='word_1_371' title='bbox 179 2927 235 2968; x_wconf 92' lang='lat' dir='ltr'><strong>nou</strong></span> <span class='ocrx_word' id='word_1_372' title='bbox 249 2912 285 2968; x_wconf 90' lang='lat' dir='ltr'><strong>sit</strong></span> <span class='ocrx_word' id='word_1_373' title='bbox 297 2911 349 2967; x_wconf 90' lang='lat' dir='ltr'><strong>tibi</strong></span> <span class='ocrx_word' id='word_1_374' title='bbox 364 2911 475 2979; x_wconf 91' lang='lat' dir='ltr'><strong>durum,</strong></span> <span class='ocrx_word' id='word_1_375' title='bbox 491 2919 522 2967; x_wconf 93' lang='lat' dir='ltr'><strong>ut</strong></span> <span class='ocrx_word' id='word_1_376' title='bbox 536 2910 689 2967; x_wconf 88' lang='lat' dir='ltr'><strong>habeamus</strong></span> <span class='ocrx_word' id='word_1_377' title='bbox 700 2912 783 2967; x_wconf 90' lang='lat' dir='ltr'><strong>simul</strong></span> <span class='ocrx_word' id='word_1_378' title='bbox 793 2913 868 2967; x_wconf 92' lang='lat' dir='ltr'><strong>hunc</strong></span> <span class='ocrx_word' id='word_1_379' title='bbox 883 2911 992 2968; x_wconf 90' lang='lat' dir='ltr'><strong>molen·</strong></span> <span class='ocrx_word' id='word_1_380' title='bbox 1042 2911 1155 2978; x_wconf 54' lang='lat' dir='ltr'><strong>staats,</strong></span> <span class='ocrx_word' id='word_1_381' title='bbox 1169 2905 1504 2979; x_wconf 87' lang='lat' dir='ltr'><strong>pereeptubcuedictione</strong></span> <span class='ocrx_word' id='word_1_382' title='bbox 1516 2924 1532 2961; x_wconf 91' lang='lat' dir='ltr'><strong>a</strong></span> <span class='ocrx_word' id='word_1_383' title='bbox 1542 2907 1624 2964; x_wconf 92' lang='lat' dir='ltr'><strong>beato</strong></span> <span class='ocrx_word' id='word_1_384' title='bbox 1634 2910 1856 2984; x_wconf 82' lang='lat' dir='ltr'><strong>Remigicvicto-</strong></span> 
     </span>
     <span class='ocr_line' id='line_1_31' title="bbox 179 2999 1853 3073; baseline -0.001 -12"><span class='ocrx_word' id='word_1_385' title='bbox 179 3005 286 3061; x_wconf 91' lang='lat' dir='ltr'><strong>diuum.</strong></span> <span class='ocrx_word' id='word_1_386' title='bbox 302 3003 333 3058; x_wconf 86' lang='lat' dir='ltr'><strong>dt</strong></span> <span class='ocrx_word' id='word_1_387' title='bbox 348 3002 396 3058; x_wconf 90' lang='lat' dir='ltr'><strong>ille</strong></span> <span class='ocrx_word' id='word_1_388' title='bbox 412 3013 442 3059; x_wconf 91' lang='lat' dir='ltr'><strong>ut</strong></span> <span class='ocrx_word' id='word_1_389' title='bbox 456 3018 520 3058; x_wconf 90' lang='lat' dir='ltr'><strong>eum</strong></span> <span class='ocrx_word' id='word_1_390' title='bbox 549 3003 657 3073; x_wconf 88' lang='lat' dir='ltr'><strong>rejecit,</strong></span> <span class='ocrx_word' id='word_1_391' title='bbox 672 3003 764 3059; x_wconf 91' lang='lat' dir='ltr'><strong>statim</strong></span> <span class='ocrx_word' id='word_1_392' title='bbox 780 3003 809 3059; x_wconf 91' lang='lat' dir='ltr'><strong>in</strong></span> <span class='ocrx_word' id='word_1_393' title='bbox 823 3003 992 3060; x_wconf 90' lang='lat' dir='ltr'><strong>contrarium</strong></span> <span class='ocrx_word' id='word_1_394' title='bbox 1042 3003 1111 3058; x_wconf 91' lang='lat' dir='ltr'><strong>riam</strong></span> <span class='ocrx_word' id='word_1_395' title='bbox 1119 3000 1173 3057; x_wconf 92' lang='lat' dir='ltr'><strong>sibi</strong></span> <span class='ocrx_word' id='word_1_396' title='bbox 1195 2999 1374 3071; x_wconf 77' lang='lat' dir='ltr'><strong>predicente,</strong></span> <span class='ocrx_word' id='word_1_397' title='bbox 1389 2999 1497 3070; x_wconf 88' lang='lat' dir='ltr'><strong>accepit</strong></span> <span class='ocrx_word' id='word_1_398' title='bbox 1515 3000 1543 3054; x_wconf 91' lang='lat' dir='ltr'><strong>iu</strong></span> <span class='ocrx_word' id='word_1_399' title='bbox 1560 3002 1740 3058; x_wconf 89' lang='lat' dir='ltr'><strong>mandatisab</strong></span> <span class='ocrx_word' id='word_1_400' title='bbox 1753 3020 1786 3060; x_wconf 87' lang='lat' dir='ltr'><strong>eu</strong></span> <span class='ocrx_word' id='word_1_401' title='bbox 1797 3007 1853 3060; x_wconf 88' lang='lat' dir='ltr'><strong>sihi</strong></span> 
     </span>
     <span class='ocr_line' id='line_1_32' title="bbox 179 3090 1855 3167; baseline 0.001 -16"><span class='ocrx_word' id='word_1_402' title='bbox 179 3103 239 3151; x_wconf 90' lang='lat' dir='ltr'><strong>rota</strong></span> <span class='ocrx_word' id='word_1_403' title='bbox 255 3091 406 3149; x_wconf 89' lang='lat' dir='ltr'><strong>molendini</strong></span> <span class='ocrx_word' id='word_1_404' title='bbox 420 3092 490 3147; x_wconf 87' lang='lat' dir='ltr'><strong>verti</strong></span> <span class='ocrx_word' id='word_1_405' title='bbox 508 3093 602 3164; x_wconf 86' lang='lat' dir='ltr'><strong>coepit.</strong></span> <span class='ocrx_word' id='word_1_406' title='bbox 620 3092 757 3165; x_wconf 89' lang='lat' dir='ltr'><strong>Repulsor</strong></span> <span class='ocrx_word' id='word_1_407' title='bbox 770 3092 992 3149; x_wconf 89' lang='lat' dir='ltr'><strong>autemclamare</strong></span> <span class='ocrx_word' id='word_1_408' title='bbox 1044 3093 1127 3158; x_wconf 89' lang='lat' dir='ltr'><strong>datis,</strong></span> <span class='ocrx_word' id='word_1_409' title='bbox 1150 3098 1180 3147; x_wconf 91' lang='lat' dir='ltr'><strong>ut</strong></span> <span class='ocrx_word' id='word_1_410' title='bbox 1199 3090 1300 3146; x_wconf 87' lang='lat' dir='ltr'><strong>tandiu</strong></span> <span class='ocrx_word' id='word_1_411' title='bbox 1321 3099 1416 3146; x_wconf 86' lang='lat' dir='ltr'><strong>eontra</strong></span> <span class='ocrx_word' id='word_1_412' title='bbox 1427 3091 1521 3146; x_wconf 89' lang='lat' dir='ltr'><strong>hostes</strong></span> <span class='ocrx_word' id='word_1_413' title='bbox 1547 3092 1703 3159; x_wconf 86' lang='lat' dir='ltr'><strong>dimicaret,</strong></span> <span class='ocrx_word' id='word_1_414' title='bbox 1730 3098 1855 3167; x_wconf 88' lang='lat' dir='ltr'><strong>quandiu</strong></span> 
     </span>
     <span class='ocr_line' id='line_1_33' title="bbox 179 3141 1854 3256; baseline 0.001 -14"><span class='ocrx_word' id='word_1_415' title='bbox 179 3183 334 3255; x_wconf 88' lang='lat' dir='ltr'><strong>coepitpost</strong></span> <span class='ocrx_word' id='word_1_416' title='bbox 352 3189 477 3238; x_wconf 90' lang='lat' dir='ltr'><strong>sanctum</strong></span> <span class='ocrx_word' id='word_1_417' title='bbox 504 3181 660 3256; x_wconf 82' lang='lat' dir='ltr'><strong>Remigium</strong></span> <span class='ocrx_word' id='word_1_418' title='bbox 679 3200 685 3236; x_wconf 94' lang='lat'>:</span> <span class='ocrx_word' id='word_1_419' title='bbox 701 3183 785 3238; x_wconf 85' lang='lat' dir='ltr'><strong>Serve</strong></span> <span class='ocrx_word' id='word_1_420' title='bbox 800 3183 860 3250; x_wconf 85' lang='lat' dir='ltr'><strong>uei,</strong></span> <span class='ocrx_word' id='word_1_421' title='bbox 884 3184 997 3247; x_wconf 62' lang='lat' dir='ltr'><strong>vectet</strong></span> <span class='ocrx_word' id='word_1_422' title='bbox 1008 3141 1034 3213; x_wconf 72' lang='lat' dir='ltr'>C</span> <span class='ocrx_word' id='word_1_423' title='bbox 1046 3184 1225 3242; x_wconf 90' lang='lat' dir='ltr'><strong>benedictum</strong></span> <span class='ocrx_word' id='word_1_424' title='bbox 1239 3182 1293 3238; x_wconf 90' lang='lat' dir='ltr'><strong>sibi</strong></span> <span class='ocrx_word' id='word_1_425' title='bbox 1303 3182 1409 3245; x_wconf 80' lang='lat' dir='ltr'><strong>viuum,</strong></span> <span class='ocrx_word' id='word_1_426' title='bbox 1425 3183 1498 3253; x_wconf 91' lang='lat' dir='ltr'><strong>quod</strong></span> <span class='ocrx_word' id='word_1_427' title='bbox 1506 3184 1531 3239; x_wconf 89' lang='lat' dir='ltr'><strong>ei</strong></span> <span class='ocrx_word' id='word_1_428' title='bbox 1546 3184 1588 3240; x_wconf 82' lang='lat' dir='ltr'><strong>vir</strong></span> <span class='ocrx_word' id='word_1_429' title='bbox 1602 3185 1710 3240; x_wconf 86' lang='lat' dir='ltr'><strong>bomini</strong></span> <span class='ocrx_word' id='word_1_430' title='bbox 1727 3186 1854 3256; x_wconf 82' lang='lat' dir='ltr'><strong>dederat,</strong></span> 
     </span>
     <span class='ocr_line' id='line_1_34' title="bbox 153 3258 1853 3349; baseline 0.002 -22"><span class='ocrx_word' id='word_1_431' title='bbox 153 3258 156 3263; x_wconf 41' lang='lat'>¹</span> <span class='ocrx_word' id='word_1_432' title='bbox 180 3271 447 3342; x_wconf 89' lang='lat' dir='ltr'><strong>habeamuspariter</strong></span> <span class='ocrx_word' id='word_1_433' title='bbox 460 3269 661 3327; x_wconf 90' lang='lat' dir='ltr'><strong>molendinum.</strong></span> <span class='ocrx_word' id='word_1_434' title='bbox 679 3271 901 3329; x_wconf 86' lang='lat' dir='ltr'><strong>Cuivirsanctus</strong></span> <span class='ocrx_word' id='word_1_435' title='bbox 918 3292 924 3328; x_wconf 93' lang='lat'>:</span> <span class='ocrx_word' id='word_1_436' title='bbox 941 3274 996 3330; x_wconf 86' lang='lat' dir='ltr'><strong>Nee</strong></span> <span class='ocrx_word' id='word_1_437' title='bbox 1046 3277 1075 3332; x_wconf 91' lang='lat' dir='ltr'><strong>in</strong></span> <span class='ocrx_word' id='word_1_438' title='bbox 1088 3292 1140 3330; x_wconf 92' lang='lat' dir='ltr'><strong>usu</strong></span> <span class='ocrx_word' id='word_1_439' title='bbox 1153 3273 1315 3346; x_wconf 90' lang='lat' dir='ltr'><strong>quotidiano</strong></span> <span class='ocrx_word' id='word_1_440' title='bbox 1339 3270 1490 3328; x_wconf 83' lang='lat' dir='ltr'><strong>sufficeret.</strong></span> <span class='ocrx_word' id='word_1_441' title='bbox 1511 3273 1611 3329; x_wconf 84' lang='lat' dir='ltr'><strong>Contra</strong></span> <span class='ocrx_word' id='word_1_442' title='bbox 1625 3291 1707 3346; x_wconf 91' lang='lat' dir='ltr'><strong>quem</strong></span> <span class='ocrx_word' id='word_1_443' title='bbox 1722 3276 1853 3349; x_wconf 83' lang='lat' dir='ltr'><strong>Burgun-</strong></span> 
     </span>
     <span class='ocr_line' id='line_1_35' title="bbox 180 3362 1856 3451; baseline 0.002 -32"><span class='ocrx_word' id='word_1_444' title='bbox 180 3364 261 3430; x_wconf 91' lang='lat' dir='ltr'><strong>mihi,</strong></span> <span class='ocrx_word' id='word_1_445' title='bbox 278 3379 329 3420; x_wconf 91' lang='lat' dir='ltr'><strong>uec</strong></span> <span class='ocrx_word' id='word_1_446' title='bbox 340 3363 401 3418; x_wconf 89' lang='lat' dir='ltr'><strong>tibi.</strong></span> <span class='ocrx_word' id='word_1_447' title='bbox 417 3363 561 3421; x_wconf 80' lang='lat' dir='ltr'><strong>ldoxtanta</strong></span> <span class='ocrx_word' id='word_1_448' title='bbox 576 3364 750 3435; x_wconf 78' lang='lat' dir='ltr'><strong>profunditas</strong></span> <span class='ocrx_word' id='word_1_449' title='bbox 764 3366 792 3420; x_wconf 90' lang='lat' dir='ltr'><strong>iu</strong></span> <span class='ocrx_word' id='word_1_450' title='bbox 807 3367 906 3423; x_wconf 89' lang='lat' dir='ltr'><strong>eodem</strong></span> <span class='ocrx_word' id='word_1_451' title='bbox 923 3367 996 3451; x_wconf 72' lang='lat' dir='ltr'><strong>loeo,</strong></span> <span class='ocrx_word' id='word_1_452' title='bbox 1046 3367 1144 3423; x_wconf 89' lang='lat' dir='ltr'><strong>diones</strong></span> <span class='ocrx_word' id='word_1_453' title='bbox 1158 3381 1221 3421; x_wconf 91' lang='lat' dir='ltr'><strong>cum</strong></span> <span class='ocrx_word' id='word_1_454' title='bbox 1246 3362 1385 3434; x_wconf 74' lang='lat' dir='ltr'><strong>predictis</strong></span> <span class='ocrx_word' id='word_1_455' title='bbox 1400 3362 1518 3419; x_wconf 90' lang='lat' dir='ltr'><strong>ducibus</strong></span> <span class='ocrx_word' id='word_1_456' title='bbox 1546 3365 1704 3440; x_wconf 85' lang='lat' dir='ltr'><strong>pugnaturi,</strong></span> <span class='ocrx_word' id='word_1_457' title='bbox 1718 3376 1856 3423; x_wconf 79' lang='lat' dir='ltr'><strong>venerunt</strong></span> 
     </span>
     <span class='ocr_line' id='line_1_36' title="bbox 180 3450 1854 3532; baseline 0 -21"><span class='ocrx_word' id='word_1_458' title='bbox 180 3456 328 3512; x_wconf 87' lang='lat' dir='ltr'><strong>tellurese</strong></span> <span class='ocrx_word' id='word_1_459' title='bbox 345 3456 529 3525; x_wconf 86' lang='lat' dir='ltr'><strong>subducente,</strong></span> <span class='ocrx_word' id='word_1_460' title='bbox 553 3456 689 3526; x_wconf 85' lang='lat' dir='ltr'><strong>iactaest,</strong></span> <span class='ocrx_word' id='word_1_461' title='bbox 707 3465 737 3514; x_wconf 91' lang='lat' dir='ltr'><strong>ut</strong></span> <span class='ocrx_word' id='word_1_462' title='bbox 754 3459 995 3532; x_wconf 89' lang='lat' dir='ltr'><strong>nunquamdein-</strong></span> <span class='ocrx_word' id='word_1_463' title='bbox 1044 3470 1129 3526; x_wconf 91' lang='lat' dir='ltr'><strong>super</strong></span> <span class='ocrx_word' id='word_1_464' title='bbox 1156 3454 1282 3510; x_wconf 83' lang='lat' dir='ltr'><strong>Oscaram</strong></span> <span class='ocrx_word' id='word_1_465' title='bbox 1316 3450 1442 3516; x_wconf 84' lang='lat' dir='ltr'><strong>tluvium,</strong></span> <span class='ocrx_word' id='word_1_466' title='bbox 1460 3469 1541 3508; x_wconf 88' lang='lat' dir='ltr'><strong>secus</strong></span> <span class='ocrx_word' id='word_1_467' title='bbox 1564 3453 1707 3508; x_wconf 85' lang='lat' dir='ltr'><strong>Divionem</strong></span> <span class='ocrx_word' id='word_1_468' title='bbox 1722 3464 1854 3512; x_wconf 87' lang='lat' dir='ltr'><strong>castrum.</strong></span> 
     </span>
     <span class='ocr_line' id='line_1_37' title="bbox 180 3542 1854 3626; baseline 0.002 -26"><span class='ocrx_word' id='word_1_469' title='bbox 180 3559 247 3616; x_wconf 89' lang='lat' dir='ltr'><strong>ceps</strong></span> <span class='ocrx_word' id='word_1_470' title='bbox 260 3543 329 3598; x_wconf 89' lang='lat' dir='ltr'><strong>inibi</strong></span> <span class='ocrx_word' id='word_1_471' title='bbox 354 3543 532 3600; x_wconf 87' lang='lat' dir='ltr'><strong>molendinus</strong></span> <span class='ocrx_word' id='word_1_472' title='bbox 551 3545 648 3601; x_wconf 90' lang='lat' dir='ltr'><strong>haberi</strong></span> <span class='ocrx_word' id='word_1_473' title='bbox 671 3555 774 3618; x_wconf 90' lang='lat' dir='ltr'><strong>posset.</strong></span> <span class='ocrx_word' id='word_1_474' title='bbox 790 3548 811 3602; x_wconf 82' lang='lat' dir='ltr'><strong>d</strong></span> <span class='ocrx_word' id='word_1_475' title='bbox 826 3548 993 3620; x_wconf 90' lang='lat' dir='ltr'><strong>quibusdam</strong></span> <span class='ocrx_word' id='word_1_476' title='bbox 1044 3545 1096 3602; x_wconf 88' lang='lat' dir='ltr'><strong>llbi</strong></span> <span class='ocrx_word' id='word_1_477' title='bbox 1122 3544 1304 3616; x_wconf 84' lang='lat' dir='ltr'><strong>confligentes</strong></span> <span class='ocrx_word' id='word_1_478' title='bbox 1327 3542 1457 3598; x_wconf 88' lang='lat' dir='ltr'><strong>atrociter</strong></span> <span class='ocrx_word' id='word_1_479' title='bbox 1480 3545 1691 3619; x_wconf 85' lang='lat' dir='ltr'><strong>Burgundiones</strong></span> <span class='ocrx_word' id='word_1_480' title='bbox 1712 3545 1739 3599; x_wconf 92' lang='lat' dir='ltr'><strong>in</strong></span> <span class='ocrx_word' id='word_1_481' title='bbox 1763 3547 1854 3626; x_wconf 81' lang='lat' dir='ltr'><strong>lugam</strong></span> 
     </span>
     <span class='ocr_line' id='line_1_38' title="bbox 181 3634 1856 3711; baseline 0.002 -20"><span class='ocrx_word' id='word_1_482' title='bbox 181 3651 294 3708; x_wconf 91' lang='lat' dir='ltr'><strong>quoque</strong></span> <span class='ocrx_word' id='word_1_483' title='bbox 315 3636 454 3708; x_wconf 90' lang='lat' dir='ltr'><strong>repulsus,</strong></span> <span class='ocrx_word' id='word_1_484' title='bbox 479 3652 513 3692; x_wconf 87' lang='lat' dir='ltr'><strong>nc</strong></span> <span class='ocrx_word' id='word_1_485' title='bbox 529 3636 655 3693; x_wconf 86' lang='lat' dir='ltr'><strong>silvulam</strong></span> <span class='ocrx_word' id='word_1_486' title='bbox 678 3640 825 3711; x_wconf 88' lang='lat' dir='ltr'><strong>quamdam</strong></span> <span class='ocrx_word' id='word_1_487' title='bbox 840 3656 905 3696; x_wconf 90' lang='lat' dir='ltr'><strong>suos</strong></span> <span class='ocrx_word' id='word_1_488' title='bbox 922 3640 994 3696; x_wconf 88' lang='lat' dir='ltr'><strong>intra</strong></span> <span class='ocrx_word' id='word_1_489' title='bbox 1042 3645 1198 3703; x_wconf 84' lang='lat' dir='ltr'><strong>vertuntur,</strong></span> <span class='ocrx_word' id='word_1_490' title='bbox 1213 3644 1241 3690; x_wconf 89' lang='lat' dir='ltr'><strong>et</strong></span> <span class='ocrx_word' id='word_1_491' title='bbox 1252 3637 1280 3690; x_wconf 92' lang='lat' dir='ltr'><strong>in</strong></span> <span class='ocrx_word' id='word_1_492' title='bbox 1291 3634 1561 3692; x_wconf 81' lang='lat' dir='ltr'><strong>dviuionecastrose</strong></span> <span class='ocrx_word' id='word_1_493' title='bbox 1574 3637 1856 3694; x_wconf 86' lang='lat' dir='ltr'><strong>Gundebauduscon·</strong></span> 
     </span>
     <span class='ocr_line' id='line_1_39' title="bbox 182 3723 1854 3796; baseline 0.001 -17"><span class='ocrx_word' id='word_1_494' title='bbox 182 3723 316 3779; x_wconf 90' lang='lat' dir='ltr'><strong>terminos</strong></span> <span class='ocrx_word' id='word_1_495' title='bbox 330 3724 590 3796; x_wconf 89' lang='lat' dir='ltr'><strong>comprehenderet,</strong></span> <span class='ocrx_word' id='word_1_496' title='bbox 611 3725 690 3792; x_wconf 78' lang='lat' dir='ltr'><strong>dixit,</strong></span> <span class='ocrx_word' id='word_1_497' title='bbox 709 3737 739 3784; x_wconf 92' lang='lat' dir='ltr'><strong>ut</strong></span> <span class='ocrx_word' id='word_1_498' title='bbox 761 3743 812 3785; x_wconf 91' lang='lat' dir='ltr'><strong>nec</strong></span> <span class='ocrx_word' id='word_1_499' title='bbox 826 3728 922 3784; x_wconf 86' lang='lat' dir='ltr'><strong>lolium</strong></span> <span class='ocrx_word' id='word_1_500' title='bbox 938 3744 992 3784; x_wconf 94' lang='lat' dir='ltr'><strong>un·</strong></span> <span class='ocrx_word' id='word_1_501' title='bbox 1043 3727 1198 3792; x_wconf 90' lang='lat' dir='ltr'><strong>eludens,a</strong></span> <span class='ocrx_word' id='word_1_502' title='bbox 1214 3723 1352 3779; x_wconf 87' lang='lat' dir='ltr'><strong>ludovico</strong></span> <span class='ocrx_word' id='word_1_503' title='bbox 1382 3740 1476 3795; x_wconf 86' lang='lat' dir='ltr'><strong>pacem</strong></span> <span class='ocrx_word' id='word_1_504' title='bbox 1504 3740 1553 3795; x_wconf 87' lang='lat' dir='ltr'><strong>per</strong></span> <span class='ocrx_word' id='word_1_505' title='bbox 1579 3725 1708 3779; x_wconf 83' lang='lat' dir='ltr'><strong>hredium</strong></span> <span class='ocrx_word' id='word_1_506' title='bbox 1722 3726 1854 3782; x_wconf 83' lang='lat' dir='ltr'><strong>consilia·</strong></span> 
     </span>
     <span class='ocr_line' id='line_1_40' title="bbox 182 3810 1855 3896; baseline -0.001 -25"><span class='ocrx_word' id='word_1_507' title='bbox 182 3832 264 3888; x_wconf 91' lang='lat' dir='ltr'><strong>quam</strong></span> <span class='ocrx_word' id='word_1_508' title='bbox 280 3817 314 3872; x_wconf 94' lang='lat' dir='ltr'><strong>de</strong></span> <span class='ocrx_word' id='word_1_509' title='bbox 326 3817 386 3889; x_wconf 89' lang='lat' dir='ltr'><strong>ipsa</strong></span> <span class='ocrx_word' id='word_1_510' title='bbox 400 3817 469 3873; x_wconf 80' lang='lat' dir='ltr'><strong>silva</strong></span> <span class='ocrx_word' id='word_1_511' title='bbox 482 3818 558 3886; x_wconf 89' lang='lat' dir='ltr'><strong>(lieet</strong></span> <span class='ocrx_word' id='word_1_512' title='bbox 577 3825 651 3874; x_wconf 88' lang='lat' dir='ltr'><strong>esset</strong></span> <span class='ocrx_word' id='word_1_513' title='bbox 664 3820 817 3896; x_wconf 87' lang='lat' dir='ltr'><strong>contigua),</strong></span> <span class='ocrx_word' id='word_1_514' title='bbox 833 3829 909 3877; x_wconf 84' lang='lat' dir='ltr'><strong>trans</strong></span> <span class='ocrx_word' id='word_1_515' title='bbox 923 3819 993 3876; x_wconf 85' lang='lat' dir='ltr'><strong>fines</strong></span> <span class='ocrx_word' id='word_1_516' title='bbox 1042 3813 1114 3870; x_wconf 89' lang='lat' dir='ltr'><strong>rium</strong></span> <span class='ocrx_word' id='word_1_517' title='bbox 1133 3829 1224 3880; x_wconf 92' lang='lat' dir='ltr'><strong>suum,</strong></span> <span class='ocrx_word' id='word_1_518' title='bbox 1241 3810 1335 3867; x_wconf 90' lang='lat' dir='ltr'><strong>multis</strong></span> <span class='ocrx_word' id='word_1_519' title='bbox 1349 3812 1421 3867; x_wconf 90' lang='lat' dir='ltr'><strong>datis</strong></span> <span class='ocrx_word' id='word_1_520' title='bbox 1431 3812 1578 3880; x_wconf 88' lang='lat' dir='ltr'><strong>thesauris,</strong></span> <span class='ocrx_word' id='word_1_521' title='bbox 1591 3811 1721 3868; x_wconf 90' lang='lat' dir='ltr'><strong>obtinuit.</strong></span> <span class='ocrx_word' id='word_1_522' title='bbox 1736 3813 1855 3869; x_wconf 83' lang='lat' dir='ltr'><strong>Ludovi-</strong></span> 
     </span>
     <span class='ocr_line' id='line_1_41' title="bbox 182 3903 1856 3983; baseline -0.004 -16"><span class='ocrx_word' id='word_1_523' title='bbox 182 3910 257 3982; x_wconf 86' lang='lat' dir='ltr'><strong>ipsos</strong></span> <span class='ocrx_word' id='word_1_524' title='bbox 282 3910 415 3979; x_wconf 89' lang='lat' dir='ltr'><strong>evolaret,</strong></span> <span class='ocrx_word' id='word_1_525' title='bbox 441 3926 532 3983; x_wconf 87' lang='lat' dir='ltr'><strong>neque</strong></span> <span class='ocrx_word' id='word_1_526' title='bbox 560 3910 641 3968; x_wconf 87' lang='lat' dir='ltr'><strong>iustis</strong></span> <span class='ocrx_word' id='word_1_527' title='bbox 655 3928 688 3968; x_wconf 89' lang='lat' dir='ltr'><strong>ex</strong></span> <span class='ocrx_word' id='word_1_528' title='bbox 708 3929 741 3970; x_wconf 88' lang='lat' dir='ltr'><strong>ea</strong></span> <span class='ocrx_word' id='word_1_529' title='bbox 764 3930 861 3971; x_wconf 89' lang='lat' dir='ltr'><strong>versus</strong></span> <span class='ocrx_word' id='word_1_530' title='bbox 879 3915 991 3972; x_wconf 90' lang='lat' dir='ltr'><strong>eosdem</strong></span> <span class='ocrx_word' id='word_1_531' title='bbox 1043 3922 1092 3964; x_wconf 84' lang='lat' dir='ltr'><strong>cus</strong></span> <span class='ocrx_word' id='word_1_532' title='bbox 1106 3912 1198 3962; x_wconf 89' lang='lat' dir='ltr'><strong>autem</strong></span> <span class='ocrx_word' id='word_1_533' title='bbox 1214 3920 1276 3960; x_wconf 90' lang='lat' dir='ltr'><strong>cum</strong></span> <span class='ocrx_word' id='word_1_534' title='bbox 1300 3903 1421 3960; x_wconf 83' lang='lat' dir='ltr'><strong>exercitu</strong></span> <span class='ocrx_word' id='word_1_535' title='bbox 1450 3905 1466 3959; x_wconf 85' lang='lat' dir='ltr'><strong>l</strong></span> <span class='ocrx_word' id='word_1_536' title='bbox 1471 3920 1616 3960; x_wconf 86' lang='lat' dir='ltr'><strong>raucorum</strong></span> <span class='ocrx_word' id='word_1_537' title='bbox 1639 3905 1732 3976; x_wconf 79' lang='lat' dir='ltr'><strong>preda</strong></span> <span class='ocrx_word' id='word_1_538' title='bbox 1752 3907 1856 3976; x_wconf 89' lang='lat' dir='ltr'><strong>potitus</strong></span> 
     </span>
     <span class='ocr_line' id='line_1_42' title="bbox 181 3995 1856 4071; baseline 0.005 -13"><span class='ocrx_word' id='word_1_539' title='bbox 181 4003 316 4059; x_wconf 89' lang='lat' dir='ltr'><strong>terminos</strong></span> <span class='ocrx_word' id='word_1_540' title='bbox 330 4004 451 4060; x_wconf 88' lang='lat' dir='ltr'><strong>caderet.</strong></span> <span class='ocrx_word' id='word_1_541' title='bbox 467 4004 544 4071; x_wconf 82' lang='lat' dir='ltr'><strong>Quod</strong></span> <span class='ocrx_word' id='word_1_542' title='bbox 559 4005 773 4062; x_wconf 83' lang='lat' dir='ltr'><strong>etobservatum</strong></span> <span class='ocrx_word' id='word_1_543' title='bbox 788 4008 930 4065; x_wconf 89' lang='lat' dir='ltr'><strong>voluntate</strong></span> <span class='ocrx_word' id='word_1_544' title='bbox 944 4008 992 4064; x_wconf 84' lang='lat' dir='ltr'><strong>Dei</strong></span> <span class='ocrx_word' id='word_1_545' title='bbox 1043 3997 1171 4064; x_wconf 68' lang='lat' dir='ltr'><strong>maxima,</strong></span> <span class='ocrx_word' id='word_1_546' title='bbox 1186 3995 1333 4052; x_wconf 57' lang='lat' dir='ltr'><strong>felestim?</strong></span> <span class='ocrx_word' id='word_1_547' title='bbox 1356 3996 1390 4050; x_wconf 67' lang='lat' dir='ltr'><strong>dd</strong></span> <span class='ocrx_word' id='word_1_548' title='bbox 1411 3997 1533 4066; x_wconf 62' lang='grc' dir='ltr'><strong>ΡΓΟΡΓῙᾶ·</strong></span> <span class='ocrx_word' id='word_1_549' title='bbox 1549 3995 1594 4051; x_wconf 64' lang='lat' dir='ltr'><strong>Sic</strong></span> <span class='ocrx_word' id='word_1_550' title='bbox 1609 3996 1692 4051; x_wconf 62' lang='lat' dir='ltr'><strong>ellam</strong></span> <span class='ocrx_word' id='word_1_551' title='bbox 1705 3998 1856 4054; x_wconf 69' lang='lat' dir='ltr'><strong>⁰⁰¹¹Slillll³</strong></span> 
     </span>
     <span class='ocr_line' id='line_1_43' title="bbox 182 4083 1856 4170; baseline -0.006 -19"><span class='ocrx_word' id='word_1_552' title='bbox 182 4095 411 4163; x_wconf 88' lang='lat' dir='ltr'><strong>traditur,douec</strong></span> <span class='ocrx_word' id='word_1_553' title='bbox 437 4096 497 4168; x_wconf 89' lang='lat' dir='ltr'><strong>ipsa</strong></span> <span class='ocrx_word' id='word_1_554' title='bbox 527 4096 595 4153; x_wconf 81' lang='lat' dir='ltr'><strong>silra</strong></span> <span class='ocrx_word' id='word_1_555' title='bbox 619 4098 784 4168; x_wconf 84' lang='lat' dir='ltr'><strong>perdurasse</strong></span> <span class='ocrx_word' id='word_1_556' title='bbox 810 4099 991 4170; x_wconf 66' lang='lat' dir='ltr'><strong>dignoscitur,</strong></span> <span class='ocrx_word' id='word_1_557' title='bbox 1042 4086 1155 4142; x_wconf 89' lang='lat' dir='ltr'><strong>Parisiis</strong></span> <span class='ocrx_word' id='word_1_558' title='bbox 1182 4084 1210 4139; x_wconf 93' lang='lat' dir='ltr'><strong>in</strong></span> <span class='ocrx_word' id='word_1_559' title='bbox 1237 4085 1343 4140; x_wconf 89' lang='lat' dir='ltr'><strong>honoro</strong></span> <span class='ocrx_word' id='word_1_560' title='bbox 1366 4083 1511 4138; x_wconf 89' lang='lat' dir='ltr'><strong>beatorum</strong></span> <span class='ocrx_word' id='word_1_561' title='bbox 1527 4083 1716 4154; x_wconf 89' lang='lat' dir='ltr'><strong>apostolorum</strong></span> <span class='ocrx_word' id='word_1_562' title='bbox 1740 4085 1812 4140; x_wconf 86' lang='lat' dir='ltr'><strong>Petri</strong></span> <span class='ocrx_word' id='word_1_563' title='bbox 1829 4096 1856 4141; x_wconf 89' lang='lat' dir='ltr'><strong>et</strong></span> 
     </span>
     <span class='ocr_line' id='line_1_44' title="bbox 182 4171 1857 4257; baseline 0.002 -18"><span class='ocrx_word' id='word_1_564' title='bbox 182 4184 292 4240; x_wconf 79' lang='lat' dir='ltr'><strong>Abinde</strong></span> <span class='ocrx_word' id='word_1_565' title='bbox 305 4199 417 4257; x_wconf 87' lang='lat' dir='ltr'><strong>quoque</strong></span> <span class='ocrx_word' id='word_1_566' title='bbox 441 4185 605 4255; x_wconf 88' lang='lat' dir='ltr'><strong>procedens,</strong></span> <span class='ocrx_word' id='word_1_567' title='bbox 619 4186 696 4241; x_wconf 83' lang='lat' dir='ltr'><strong>uenit</strong></span> <span class='ocrx_word' id='word_1_568' title='bbox 714 4186 748 4242; x_wconf 89' lang='lat' dir='ltr'><strong>ad</strong></span> <span class='ocrx_word' id='word_1_569' title='bbox 759 4186 863 4255; x_wconf 86' lang='lat' dir='ltr'><strong>villam,</strong></span> <span class='ocrx_word' id='word_1_570' title='bbox 880 4187 993 4243; x_wconf 92' lang='lat' dir='ltr'><strong>nomine</strong></span> <span class='ocrx_word' id='word_1_571' title='bbox 1043 4175 1119 4230; x_wconf 61' lang='lat' dir='ltr'><strong>Pauli</strong></span> <span class='ocrx_word' id='word_1_572' title='bbox 1147 4172 1263 4228; x_wconf 56' lang='lat' dir='ltr'><strong>wilica</strong></span> <span class='ocrx_word' id='word_1_573' title='bbox 1281 4172 1368 4241; x_wconf 75' lang='lat' dir='ltr'><strong>(hodie</strong></span> <span class='ocrx_word' id='word_1_574' title='bbox 1387 4172 1429 4226; x_wconf 80' lang='lat' dir='ltr'><strong>S··</strong></span> <span class='ocrx_word' id='word_1_575' title='bbox 1445 4171 1600 4238; x_wconf 68' lang='lat' dir='ltr'><strong>aaronem),</strong></span> <span class='ocrx_word' id='word_1_576' title='bbox 1622 4180 1649 4225; x_wconf 88' lang='lat' dir='ltr'><strong>et</strong></span> <span class='ocrx_word' id='word_1_577' title='bbox 1672 4171 1779 4242; x_wconf 70' lang='lat' dir='ltr'><strong>Slfl⁰d0</strong></span> <span class='ocrx_word' id='word_1_578' title='bbox 1806 4190 1857 4245; x_wconf 68' lang='grc' dir='ltr'><strong>ΡΘΓ</strong></span> 
     </span>
     <span class='ocr_line' id='line_1_45' title="bbox 183 4263 1856 4351; baseline 0.002 -29"><span class='ocrx_word' id='word_1_579' title='bbox 183 4276 359 4333; x_wconf 67' lang='lat' dir='ltr'><strong>caviniacum</strong></span> <span class='ocrx_word' id='word_1_580' title='bbox 375 4277 563 4349; x_wconf 56' lang='lat' dir='ltr'><strong>(chavignon),</strong></span> <span class='ocrx_word' id='word_1_581' title='bbox 583 4294 668 4351; x_wconf 68' lang='lat' dir='ltr'><strong>quam</strong></span> <span class='ocrx_word' id='word_1_582' title='bbox 697 4278 800 4335; x_wconf 70' lang='lat' dir='ltr'><strong>finibus</strong></span> <span class='ocrx_word' id='word_1_583' title='bbox 822 4278 881 4334; x_wconf 71' lang='lat' dir='ltr'><strong>suis</strong></span> <span class='ocrx_word' id='word_1_584' title='bbox 902 4279 994 4334; x_wconf 72' lang='lat' dir='ltr'><strong>nitens</strong></span> <span class='ocrx_word' id='word_1_585' title='bbox 1043 4267 1130 4322; x_wconf 91' lang='lat' dir='ltr'><strong>sancti</strong></span> <span class='ocrx_word' id='word_1_586' title='bbox 1146 4264 1253 4338; x_wconf 90' lang='lat' dir='ltr'><strong>patroni</strong></span> <span class='ocrx_word' id='word_1_587' title='bbox 1270 4264 1313 4320; x_wconf 91' lang='lat' dir='ltr'><strong>sui</strong></span> <span class='ocrx_word' id='word_1_588' title='bbox 1334 4263 1452 4339; x_wconf 89' lang='lat' dir='ltr'><strong>Remigii</strong></span> <span class='ocrx_word' id='word_1_589' title='bbox 1468 4264 1625 4333; x_wconf 92' lang='lat' dir='ltr'><strong>consilium,</strong></span> <span class='ocrx_word' id='word_1_590' title='bbox 1642 4266 1670 4320; x_wconf 93' lang='lat' dir='ltr'><strong>iu</strong></span> <span class='ocrx_word' id='word_1_591' title='bbox 1684 4267 1754 4326; x_wconf 91' lang='lat' dir='ltr'><strong>urbe</strong></span> <span class='ocrx_word' id='word_1_592' title='bbox 1768 4269 1856 4325; x_wconf 80' lang='lat' dir='ltr'><strong>dure-</strong></span> 
     </span>
     <span class='ocr_line' id='line_1_46' title="bbox 183 4362 1855 4441; baseline 0.004 -16"><span class='ocrx_word' id='word_1_593' title='bbox 183 4368 360 4436; x_wconf 73' lang='lat' dir='ltr'><strong>concludere,</strong></span> <span class='ocrx_word' id='word_1_594' title='bbox 376 4369 587 4441; x_wconf 89' lang='lat' dir='ltr'><strong>prohibeturab</strong></span> <span class='ocrx_word' id='word_1_595' title='bbox 602 4370 993 4441; x_wconf 74' lang='lat' dir='ltr'><strong>hominibuseJusdemvillae.</strong></span> <span class='ocrx_word' id='word_1_596' title='bbox 1043 4362 1161 4421; x_wconf 72' lang='lat' dir='ltr'><strong>Hastensi</strong></span> <span class='ocrx_word' id='word_1_597' title='bbox 1185 4362 1300 4429; x_wconf 89' lang='lat' dir='ltr'><strong>habita,</strong></span> <span class='ocrx_word' id='word_1_598' title='bbox 1326 4377 1445 4434; x_wconf 60' lang='lat' dir='ltr'><strong>pergens</strong></span> <span class='ocrx_word' id='word_1_599' title='bbox 1471 4369 1566 4418; x_wconf 69' lang='lat' dir='ltr'><strong>⁰⁰¹¹lf³</strong></span> <span class='ocrx_word' id='word_1_600' title='bbox 1594 4379 1685 4438; x_wconf 61' lang='lat' dir='ltr'><strong>legem</strong></span> <span class='ocrx_word' id='word_1_601' title='bbox 1717 4363 1855 4419; x_wconf 62' lang='lat' dir='ltr'><strong>Alaricum</strong></span> 
     </span>
     <span class='ocr_line' id='line_1_47' title="bbox 184 4451 1855 4536; baseline 0.007 -24"><span class='ocrx_word' id='word_1_602' title='bbox 184 4457 260 4513; x_wconf 89' lang='lat' dir='ltr'><strong>Tunc</strong></span> <span class='ocrx_word' id='word_1_603' title='bbox 272 4456 319 4513; x_wconf 91' lang='lat' dir='ltr'><strong>ille</strong></span> <span class='ocrx_word' id='word_1_604' title='bbox 329 4456 388 4513; x_wconf 92' lang='lat' dir='ltr'><strong>miti</strong></span> <span class='ocrx_word' id='word_1_605' title='bbox 403 4456 482 4514; x_wconf 86' lang='lat' dir='ltr'><strong>vultu</strong></span> <span class='ocrx_word' id='word_1_606' title='bbox 497 4459 580 4515; x_wconf 93' lang='lat' dir='ltr'><strong>modo</strong></span> <span class='ocrx_word' id='word_1_607' title='bbox 601 4460 730 4529; x_wconf 88' lang='lat' dir='ltr'><strong>rejectus,</strong></span> <span class='ocrx_word' id='word_1_608' title='bbox 746 4460 830 4517; x_wconf 91' lang='lat' dir='ltr'><strong>modo</strong></span> <span class='ocrx_word' id='word_1_609' title='bbox 842 4465 992 4536; x_wconf 89' lang='lat' dir='ltr'><strong>repropiu-</strong></span> <span class='ocrx_word' id='word_1_610' title='bbox 1003 4451 1034 4522; x_wconf 88' lang='grc' dir='ltr'><strong>Ι)</strong></span> <span class='ocrx_word' id='word_1_611' title='bbox 1045 4455 1187 4522; x_wconf 64' lang='lat' dir='ltr'><strong>Asianum,</strong></span> <span class='ocrx_word' id='word_1_612' title='bbox 1202 4463 1230 4511; x_wconf 70' lang='grc' dir='ltr'><strong>θῑ</strong></span> <span class='ocrx_word' id='word_1_613' title='bbox 1247 4453 1387 4524; x_wconf 62' lang='lat' dir='ltr'><strong>accipiens</strong></span> <span class='ocrx_word' id='word_1_614' title='bbox 1405 4455 1459 4509; x_wconf 74' lang='lat'><strong>³13·</strong></span> <span class='ocrx_word' id='word_1_615' title='bbox 1479 4455 1603 4528; x_wconf 85' lang='lat' dir='ltr'><strong>Remigio</strong></span> <span class='ocrx_word' id='word_1_616' title='bbox 1620 4455 1855 4523; x_wconf 59' lang='lat' dir='ltr'><strong>benedissliffllemt</strong></span> 
     </span>
     <span class='ocr_line' id='line_1_48' title="bbox 185 4545 1858 4622; baseline -0.001 -19"><span class='ocrx_word' id='word_1_617' title='bbox 185 4562 284 4618; x_wconf 88' lang='lat' dir='ltr'><strong>quaus,</strong></span> <span class='ocrx_word' id='word_1_618' title='bbox 308 4545 472 4621; x_wconf 78' lang='lat' dir='ltr'><strong>signaque</strong></span> <span class='ocrx_word' id='word_1_619' title='bbox 499 4548 702 4618; x_wconf 89' lang='lat' dir='ltr'><strong>parentadhue</strong></span> <span class='ocrx_word' id='word_1_620' title='bbox 729 4564 872 4620; x_wconf 88' lang='lat' dir='ltr'><strong>persuum</strong></span> <span class='ocrx_word' id='word_1_621' title='bbox 889 4553 996 4612; x_wconf 78' lang='lat' dir='ltr'><strong>dimisit</strong></span> <span class='ocrx_word' id='word_1_622' title='bbox 1044 4550 1170 4607; x_wconf 86' lang='lat' dir='ltr'><strong>redditur</strong></span> <span class='ocrx_word' id='word_1_623' title='bbox 1195 4550 1231 4606; x_wconf 91' lang='lat' dir='ltr'><strong>de</strong></span> <span class='ocrx_word' id='word_1_624' title='bbox 1252 4549 1373 4605; x_wconf 77' lang='lat' dir='ltr'><strong>victorie</strong></span> <span class='ocrx_word' id='word_1_625' title='bbox 1398 4551 1576 4622; x_wconf 88' lang='lat' dir='ltr'><strong>perceptione</strong></span> <span class='ocrx_word' id='word_1_626' title='bbox 1605 4565 1729 4607; x_wconf 88' lang='lat' dir='ltr'><strong>securus.</strong></span> <span class='ocrx_word' id='word_1_627' title='bbox 1755 4546 1858 4603; x_wconf 82' lang='lat' dir='ltr'><strong>Cuirir</strong></span> 
     </span>
     <span class='ocr_line' id='line_1_49' title="bbox 183 4639 1856 4717; baseline -0.001 -23"><span class='ocrx_word' id='word_1_628' title='bbox 183 4639 246 4695; x_wconf 88' lang='lat' dir='ltr'><strong>iter.</strong></span> <span class='ocrx_word' id='word_1_629' title='bbox 263 4639 384 4695; x_wconf 87' lang='lat' dir='ltr'><strong>Tandem</strong></span> <span class='ocrx_word' id='word_1_630' title='bbox 400 4640 536 4712; x_wconf 89' lang='lat' dir='ltr'><strong>repulsus,</strong></span> <span class='ocrx_word' id='word_1_631' title='bbox 552 4641 655 4698; x_wconf 82' lang='lat' dir='ltr'><strong>dixisse</strong></span> <span class='ocrx_word' id='word_1_632' title='bbox 670 4641 801 4700; x_wconf 81' lang='lat' dir='ltr'><strong>lenturad</strong></span> <span class='ocrx_word' id='word_1_633' title='bbox 820 4644 883 4702; x_wconf 89' lang='lat' dir='ltr'><strong>illos</strong></span> <span class='ocrx_word' id='word_1_634' title='bbox 897 4663 904 4702; x_wconf 92' lang='lat'>:</span> <span class='ocrx_word' id='word_1_635' title='bbox 920 4649 995 4705; x_wconf 82' lang='lat' dir='ltr'><strong>Sem-</strong></span> <span class='ocrx_word' id='word_1_636' title='bbox 1044 4660 1155 4717; x_wconf 89' lang='lat' dir='ltr'><strong>quoque</strong></span> <span class='ocrx_word' id='word_1_637' title='bbox 1176 4651 1297 4710; x_wconf 89' lang='lat' dir='ltr'><strong>sanctus,</strong></span> <span class='ocrx_word' id='word_1_638' title='bbox 1320 4650 1350 4698; x_wconf 89' lang='lat' dir='ltr'><strong>ut</strong></span> <span class='ocrx_word' id='word_1_639' title='bbox 1370 4652 1397 4698; x_wconf 90' lang='lat' dir='ltr'><strong>et</strong></span> <span class='ocrx_word' id='word_1_640' title='bbox 1423 4644 1530 4715; x_wconf 87' lang='lat' dir='ltr'><strong>pridem</strong></span> <span class='ocrx_word' id='word_1_641' title='bbox 1556 4645 1669 4711; x_wconf 85' lang='lat' dir='ltr'><strong>iecerat,</strong></span> <span class='ocrx_word' id='word_1_642' title='bbox 1691 4658 1749 4707; x_wconf 82' lang='lat' dir='ltr'><strong>vas,</strong></span> <span class='ocrx_word' id='word_1_643' title='bbox 1780 4639 1856 4711; x_wconf 92' lang='lat' dir='ltr'><strong>quod</strong></span> 
     </span>
     <span class='ocr_line' id='line_1_50' title="bbox 178 4728 1856 4810; baseline 0.005 -28"><span class='ocrx_word' id='word_1_644' title='bbox 178 4728 373 4798; x_wconf 68' lang='lat' dir='ltr'><strong>‘perlaborota</strong></span> <span class='ocrx_word' id='word_1_645' title='bbox 394 4732 420 4783; x_wconf 86' lang='lat' dir='ltr'><strong>et</strong></span> <span class='ocrx_word' id='word_1_646' title='bbox 447 4733 589 4797; x_wconf 68' lang='lat' dir='ltr'><strong>egestatem</strong></span> <span class='ocrx_word' id='word_1_647' title='bbox 604 4732 741 4787; x_wconf 67' lang='lat' dir='ltr'><strong>sustinete.</strong></span> <span class='ocrx_word' id='word_1_648' title='bbox 762 4732 839 4799; x_wconf 81' lang='lat' dir='ltr'><strong>Quod</strong></span> <span class='ocrx_word' id='word_1_649' title='bbox 855 4735 995 4809; x_wconf 88' lang='lat' dir='ltr'><strong>hodieque</strong></span> <span class='ocrx_word' id='word_1_650' title='bbox 1044 4736 1126 4810; x_wconf 84' lang='lat' dir='ltr'><strong>vulgo</strong></span> <span class='ocrx_word' id='word_1_651' title='bbox 1141 4736 1289 4793; x_wconf 86' lang='lat' dir='ltr'><strong>flasconem</strong></span> <span class='ocrx_word' id='word_1_652' title='bbox 1304 4744 1413 4801; x_wconf 74' lang='lat' dir='ltr'><strong>vocant,</strong></span> <span class='ocrx_word' id='word_1_653' title='bbox 1428 4736 1485 4791; x_wconf 92' lang='lat' dir='ltr'><strong>vini</strong></span> <span class='ocrx_word' id='word_1_654' title='bbox 1511 4752 1571 4792; x_wconf 87' lang='lat' dir='ltr'><strong>ase</strong></span> <span class='ocrx_word' id='word_1_655' title='bbox 1586 4737 1726 4792; x_wconf 90' lang='lat' dir='ltr'><strong>benedicti</strong></span> <span class='ocrx_word' id='word_1_656' title='bbox 1742 4736 1856 4807; x_wconf 86' lang='lat' dir='ltr'><strong>plenum</strong></span> 
     </span>
     <span class='ocr_line' id='line_1_51' title="bbox 184 4817 1857 4897; baseline 0.003 -24"><span class='ocrx_word' id='word_1_657' title='bbox 184 4817 329 4889; x_wconf 92' lang='lat' dir='ltr'><strong>compleri,</strong></span> <span class='ocrx_word' id='word_1_658' title='bbox 350 4818 488 4873; x_wconf 86' lang='lat' dir='ltr'><strong>manentis</strong></span> <span class='ocrx_word' id='word_1_659' title='bbox 508 4819 755 4878; x_wconf 70' lang='lat' dir='ltr'><strong>sententiavimus</strong></span> <span class='ocrx_word' id='word_1_660' title='bbox 778 4824 909 4881; x_wconf 85' lang='lat' dir='ltr'><strong>ostendit.</strong></span> <span class='ocrx_word' id='word_1_661' title='bbox 924 4826 994 4881; x_wconf 88' lang='lat' dir='ltr'><strong>Sur·</strong></span> <span class='ocrx_word' id='word_1_662' title='bbox 1045 4825 1143 4881; x_wconf 89' lang='lat' dir='ltr'><strong>dedit:</strong></span> <span class='ocrx_word' id='word_1_663' title='bbox 1159 4827 1213 4883; x_wconf 89' lang='lat' dir='ltr'><strong>hoc</strong></span> <span class='ocrx_word' id='word_1_664' title='bbox 1224 4826 1299 4881; x_wconf 91' lang='lat' dir='ltr'><strong>idem</strong></span> <span class='ocrx_word' id='word_1_665' title='bbox 1311 4825 1385 4897; x_wconf 93' lang='lat' dir='ltr'><strong>quod</strong></span> <span class='ocrx_word' id='word_1_666' title='bbox 1405 4835 1487 4882; x_wconf 91' lang='lat' dir='ltr'><strong>autea</strong></span> <span class='ocrx_word' id='word_1_667' title='bbox 1511 4827 1655 4893; x_wconf 83' lang='lat' dir='ltr'><strong>mandans,</strong></span> <span class='ocrx_word' id='word_1_668' title='bbox 1670 4836 1699 4882; x_wconf 90' lang='lat' dir='ltr'><strong>ut</strong></span> <span class='ocrx_word' id='word_1_669' title='bbox 1718 4841 1753 4880; x_wconf 89' lang='lat' dir='ltr'><strong>eo</strong></span> <span class='ocrx_word' id='word_1_670' title='bbox 1768 4840 1857 4896; x_wconf 89' lang='lat' dir='ltr'><strong>usque</strong></span> 
     </span>
     <span class='ocr_line' id='line_1_52' title="bbox 185 4911 1859 4989; baseline 0.005 -28"><span class='ocrx_word' id='word_1_671' title='bbox 185 4922 254 4981; x_wconf 89' lang='lat' dir='ltr'><strong>gens</strong></span> <span class='ocrx_word' id='word_1_672' title='bbox 266 4915 358 4963; x_wconf 88' lang='lat' dir='ltr'><strong>autem</strong></span> <span class='ocrx_word' id='word_1_673' title='bbox 369 4924 416 4963; x_wconf 86' lang='lat' dir='ltr'><strong>rex</strong></span> <span class='ocrx_word' id='word_1_674' title='bbox 428 4923 552 4965; x_wconf 90' lang='lat' dir='ltr'><strong>asomuo</strong></span> <span class='ocrx_word' id='word_1_675' title='bbox 564 4911 729 4981; x_wconf 90' lang='lat' dir='ltr'><strong>meridiano,</strong></span> <span class='ocrx_word' id='word_1_676' title='bbox 743 4931 917 4989; x_wconf 74' lang='lat' dir='ltr'><strong>quacunque</strong></span> <span class='ocrx_word' id='word_1_677' title='bbox 930 4916 996 4973; x_wconf 90' lang='lat' dir='ltr'><strong>bea·</strong></span> <span class='ocrx_word' id='word_1_678' title='bbox 1045 4914 1080 4970; x_wconf 90' lang='lat' dir='ltr'><strong>ad</strong></span> <span class='ocrx_word' id='word_1_679' title='bbox 1092 4915 1197 4971; x_wconf 90' lang='lat' dir='ltr'><strong>bellum</strong></span> <span class='ocrx_word' id='word_1_680' title='bbox 1225 4917 1400 4987; x_wconf 89' lang='lat' dir='ltr'><strong>procederet,</strong></span> <span class='ocrx_word' id='word_1_681' title='bbox 1415 4917 1504 4974; x_wconf 91' lang='lat' dir='ltr'><strong>donec</strong></span> <span class='ocrx_word' id='word_1_682' title='bbox 1522 4917 1575 4973; x_wconf 91' lang='lat' dir='ltr'><strong>sibi</strong></span> <span class='ocrx_word' id='word_1_683' title='bbox 1604 4918 1728 4988; x_wconf 91' lang='lat' dir='ltr'><strong>suisque,</strong></span> <span class='ocrx_word' id='word_1_684' title='bbox 1754 4914 1859 4988; x_wconf 92' lang='lat' dir='ltr'><strong>quibus</strong></span> 
     </span>
     <span class='ocr_line' id='line_1_53' title="bbox 186 4998 1858 5085; baseline 0.01 -33"><span class='ocrx_word' id='word_1_685' title='bbox 186 5006 231 5053; x_wconf 91' lang='lat' dir='ltr'><strong>tus</strong></span> <span class='ocrx_word' id='word_1_686' title='bbox 246 4998 388 5074; x_wconf 89' lang='lat' dir='ltr'><strong>Remigius</strong></span> <span class='ocrx_word' id='word_1_687' title='bbox 403 5001 510 5058; x_wconf 89' lang='lat' dir='ltr'><strong>ambitu</strong></span> <span class='ocrx_word' id='word_1_688' title='bbox 538 5018 595 5059; x_wconf 85' lang='lat' dir='ltr'><strong>suae</strong></span> <span class='ocrx_word' id='word_1_689' title='bbox 619 5004 821 5063; x_wconf 87' lang='lat' dir='ltr'><strong>circumitionis</strong></span> <span class='ocrx_word' id='word_1_690' title='bbox 836 5009 994 5077; x_wconf 87' lang='lat' dir='ltr'><strong>incluserat,</strong></span> <span class='ocrx_word' id='word_1_691' title='bbox 1046 5009 1147 5065; x_wconf 85' lang='lat' dir='ltr'><strong>exinde</strong></span> <span class='ocrx_word' id='word_1_692' title='bbox 1162 5010 1227 5066; x_wconf 87' lang='lat' dir='ltr'><strong>dare</strong></span> <span class='ocrx_word' id='word_1_693' title='bbox 1242 5010 1335 5076; x_wconf 79' lang='lat' dir='ltr'><strong>vellet,</strong></span> <span class='ocrx_word' id='word_1_694' title='bbox 1362 5012 1414 5068; x_wconf 91' lang='lat' dir='ltr'><strong>hoc</strong></span> <span class='ocrx_word' id='word_1_695' title='bbox 1427 5012 1522 5068; x_wconf 83' lang='lat' dir='ltr'><strong>vinum</strong></span> <span class='ocrx_word' id='word_1_696' title='bbox 1537 5014 1572 5068; x_wconf 89' lang='lat' dir='ltr'><strong>de</strong></span> <span class='ocrx_word' id='word_1_697' title='bbox 1588 5014 1720 5085; x_wconf 72' lang='lat' dir='ltr'><strong>praedicto</strong></span> <span class='ocrx_word' id='word_1_698' title='bbox 1735 5013 1858 5069; x_wconf 87' lang='lat' dir='ltr'><strong>tlascoue</strong></span> 
     </span>
     <span class='ocr_line' id='line_1_54' title="bbox 186 5087 1857 5178; baseline 0.012 -36"><span class='ocrx_word' id='word_1_699' title='bbox 186 5087 277 5143; x_wconf 89' lang='lat' dir='ltr'><strong>eidem</strong></span> <span class='ocrx_word' id='word_1_700' title='bbox 301 5097 440 5162; x_wconf 79' lang='lat' dir='ltr'><strong>praecepto</strong></span> <span class='ocrx_word' id='word_1_701' title='bbox 460 5093 546 5166; x_wconf 74' lang='lat' dir='ltr'><strong>regiae</strong></span> <span class='ocrx_word' id='word_1_702' title='bbox 572 5093 649 5150; x_wconf 91' lang='lat' dir='ltr'><strong>dedit</strong></span> <span class='ocrx_word' id='word_1_703' title='bbox 668 5097 851 5166; x_wconf 90' lang='lat' dir='ltr'><strong>auctoritatis,</strong></span> <span class='ocrx_word' id='word_1_704' title='bbox 876 5101 995 5165; x_wconf 83' lang='lat' dir='ltr'><strong>Quarum</strong></span> <span class='ocrx_word' id='word_1_705' title='bbox 1046 5114 1102 5156; x_wconf 94' lang='lat' dir='ltr'><strong>uon</strong></span> <span class='ocrx_word' id='word_1_706' title='bbox 1113 5099 1254 5157; x_wconf 88' lang='lat' dir='ltr'><strong>deficeret.</strong></span> <span class='ocrx_word' id='word_1_707' title='bbox 1266 5101 1340 5156; x_wconf 86' lang='lat' dir='ltr'><strong>Bibit</strong></span> <span class='ocrx_word' id='word_1_708' title='bbox 1354 5103 1439 5176; x_wconf 87' lang='lat' dir='ltr'><strong>igitur</strong></span> <span class='ocrx_word' id='word_1_709' title='bbox 1453 5120 1500 5160; x_wconf 87' lang='lat' dir='ltr'><strong>rex</strong></span> <span class='ocrx_word' id='word_1_710' title='bbox 1514 5121 1547 5163; x_wconf 83' lang='lat' dir='ltr'><strong>ex</strong></span> <span class='ocrx_word' id='word_1_711' title='bbox 1569 5122 1613 5174; x_wconf 87' lang='lat' dir='ltr'><strong>eu,</strong></span> <span class='ocrx_word' id='word_1_712' title='bbox 1630 5108 1778 5178; x_wconf 87' lang='lat' dir='ltr'><strong>pluresque</strong></span> <span class='ocrx_word' id='word_1_713' title='bbox 1792 5122 1857 5164; x_wconf 91' lang='lat' dir='ltr'><strong>suo·</strong></span> 
     </span>
     <span class='ocr_line' id='line_1_55' title="bbox 186 5183 1859 5270; baseline 0.013 -35"><span class='ocrx_word' id='word_1_714' title='bbox 186 5196 278 5236; x_wconf 87' lang='lat' dir='ltr'><strong>rerum</strong></span> <span class='ocrx_word' id='word_1_715' title='bbox 302 5190 367 5238; x_wconf 90' lang='lat' dir='ltr'><strong>sunt</strong></span> <span class='ocrx_word' id='word_1_716' title='bbox 388 5183 511 5241; x_wconf 83' lang='lat' dir='ltr'><strong>luliacus</strong></span> <span class='ocrx_word' id='word_1_717' title='bbox 525 5194 553 5242; x_wconf 87' lang='lat' dir='ltr'><strong>et</strong></span> <span class='ocrx_word' id='word_1_718' title='bbox 581 5185 743 5246; x_wconf 73' lang='lat' dir='ltr'><strong>codiciacus</strong></span> <span class='ocrx_word' id='word_1_719' title='bbox 764 5190 860 5262; x_wconf 72' lang='lat' dir='ltr'><strong>(luilly</strong></span> <span class='ocrx_word' id='word_1_720' title='bbox 875 5199 903 5248; x_wconf 89' lang='lat' dir='ltr'><strong>et</strong></span> <span class='ocrx_word' id='word_1_721' title='bbox 918 5194 996 5263; x_wconf 78' lang='lat' dir='ltr'><strong>coep)</strong></span> <span class='ocrx_word' id='word_1_722' title='bbox 1047 5209 1119 5263; x_wconf 90' lang='lat' dir='ltr'><strong>rum,</strong></span> <span class='ocrx_word' id='word_1_723' title='bbox 1132 5211 1180 5251; x_wconf 85' lang='lat' dir='ltr'><strong>vas</strong></span> <span class='ocrx_word' id='word_1_724' title='bbox 1192 5202 1285 5252; x_wconf 91' lang='lat' dir='ltr'><strong>tamen</strong></span> <span class='ocrx_word' id='word_1_725' title='bbox 1298 5196 1353 5251; x_wconf 91' lang='lat' dir='ltr'><strong>vini</strong></span> <span class='ocrx_word' id='word_1_726' title='bbox 1377 5214 1433 5254; x_wconf 92' lang='lat' dir='ltr'><strong>nou</strong></span> <span class='ocrx_word' id='word_1_727' title='bbox 1454 5200 1557 5270; x_wconf 90' lang='lat' dir='ltr'><strong>patitur</strong></span> <span class='ocrx_word' id='word_1_728' title='bbox 1571 5200 1779 5256; x_wconf 89' lang='lat' dir='ltr'><strong>detrimentum.</strong></span> <span class='ocrx_word' id='word_1_729' title='bbox 1796 5203 1859 5257; x_wconf 85' lang='lat' dir='ltr'><strong>Bel-</strong></span> 
     </span>
     <span class='ocr_line' id='line_1_56' title="bbox 185 5270 1858 5364; baseline 0.011 -36"><span class='ocrx_word' id='word_1_730' title='bbox 185 5272 286 5344; x_wconf 87' lang='lat' dir='ltr'><strong>capits,</strong></span> <span class='ocrx_word' id='word_1_731' title='bbox 312 5290 374 5347; x_wconf 75' lang='lat' dir='ltr'><strong>quau</strong></span> <span class='ocrx_word' id='word_1_732' title='bbox 393 5275 537 5334; x_wconf 90' lang='lat' dir='ltr'><strong>Remensis</strong></span> <span class='ocrx_word' id='word_1_733' title='bbox 565 5279 656 5338; x_wconf 91' lang='lat' dir='ltr'><strong>adhue</strong></span> <span class='ocrx_word' id='word_1_734' title='bbox 680 5281 743 5351; x_wconf 82' lang='lat' dir='ltr'><strong>jure</strong></span> <span class='ocrx_word' id='word_1_735' title='bbox 758 5270 854 5355; x_wconf 81' lang='lat' dir='ltr'><strong>quieto</strong></span> <span class='ocrx_word' id='word_1_736' title='bbox 873 5284 997 5356; x_wconf 86' lang='lat' dir='ltr'><strong>possidet</strong></span> <span class='ocrx_word' id='word_1_737' title='bbox 1046 5280 1104 5339; x_wconf 92' lang='lat' dir='ltr'><strong>lum</strong></span> <span class='ocrx_word' id='word_1_738' title='bbox 1118 5300 1184 5342; x_wconf 87' lang='lat' dir='ltr'><strong>vero</strong></span> <span class='ocrx_word' id='word_1_739' title='bbox 1198 5302 1261 5342; x_wconf 89' lang='lat' dir='ltr'><strong>cum</strong></span> <span class='ocrx_word' id='word_1_740' title='bbox 1276 5286 1535 5352; x_wconf 86' lang='lat' dir='ltr'><strong>Gothiscoulerens,</strong></span> <span class='ocrx_word' id='word_1_741' title='bbox 1552 5304 1601 5345; x_wconf 90' lang='lat' dir='ltr'><strong>eos</strong></span> <span class='ocrx_word' id='word_1_742' title='bbox 1614 5289 1643 5343; x_wconf 91' lang='lat' dir='ltr'><strong>in</strong></span> <span class='ocrx_word' id='word_1_743' title='bbox 1658 5289 1750 5364; x_wconf 85' lang='lat' dir='ltr'><strong>fugam</strong></span> <span class='ocrx_word' id='word_1_744' title='bbox 1762 5292 1858 5359; x_wconf 77' lang='lat' dir='ltr'><strong>sentit,</strong></span> 
     </span>
     <span class='ocr_line' id='line_1_57' title="bbox 185 5363 1858 5453; baseline 0.01 -34"><span class='ocrx_word' id='word_1_745' title='bbox 185 5363 317 5423; x_wconf 77' lang='lat' dir='ltr'><strong>Ecclesia.</strong></span> <span class='ocrx_word' id='word_1_746' title='bbox 1046 5375 1159 5445; x_wconf 85' lang='lat' dir='ltr'><strong>etipse,</strong></span> <span class='ocrx_word' id='word_1_747' title='bbox 1175 5375 1258 5431; x_wconf 90' lang='lat' dir='ltr'><strong>beato</strong></span> <span class='ocrx_word' id='word_1_748' title='bbox 1268 5376 1394 5450; x_wconf 85' lang='lat' dir='ltr'><strong>Remigio</strong></span> <span class='ocrx_word' id='word_1_749' title='bbox 1409 5393 1438 5432; x_wconf 92' lang='lat' dir='ltr'><strong>se</strong></span> <span class='ocrx_word' id='word_1_750' title='bbox 1453 5376 1631 5453; x_wconf 83' lang='lat' dir='ltr'><strong>suffragante,</strong></span> <span class='ocrx_word' id='word_1_751' title='bbox 1642 5378 1730 5434; x_wconf 80' lang='lat' dir='ltr'><strong>victor</strong></span> <span class='ocrx_word' id='word_1_752' title='bbox 1740 5380 1858 5436; x_wconf 86' lang='lat' dir='ltr'><strong>exstitit.</strong></span> 
     </span>
     <span class='ocr_line' id='line_1_58' title="bbox 221 5455 1858 5544; baseline 0.01 -33"><span class='ocrx_word' id='word_1_753' title='bbox 221 5455 353 5533; x_wconf 83' lang='lat' dir='ltr'><strong>Eulogius</strong></span> <span class='ocrx_word' id='word_1_754' title='bbox 361 5460 483 5535; x_wconf 87' lang='lat' dir='ltr'><strong>denique</strong></span> <span class='ocrx_word' id='word_1_755' title='bbox 498 5463 540 5519; x_wconf 89' lang='lat' dir='ltr'><strong>vir</strong></span> <span class='ocrx_word' id='word_1_756' title='bbox 553 5465 667 5538; x_wconf 90' lang='lat' dir='ltr'><strong>quidam</strong></span> <span class='ocrx_word' id='word_1_757' title='bbox 682 5477 840 5544; x_wconf 74' lang='lat' dir='ltr'><strong>praepotens</strong></span> <span class='ocrx_word' id='word_1_758' title='bbox 853 5471 995 5528; x_wconf 87' lang='lat' dir='ltr'><strong>convictus</strong></span> <span class='ocrx_word' id='word_1_759' title='bbox 1046 5466 1075 5521; x_wconf 91' lang='lat' dir='ltr'><strong>ln</strong></span> <span class='ocrx_word' id='word_1_760' title='bbox 1091 5484 1145 5539; x_wconf 90' lang='lat' dir='ltr'><strong>qua</strong></span> <span class='ocrx_word' id='word_1_761' title='bbox 1159 5484 1252 5542; x_wconf 87' lang='lat' dir='ltr'><strong>pugna</strong></span> <span class='ocrx_word' id='word_1_762' title='bbox 1265 5468 1330 5523; x_wconf 93' lang='lat' dir='ltr'><strong>dum</strong></span> <span class='ocrx_word' id='word_1_763' title='bbox 1359 5470 1415 5525; x_wconf 92' lang='lat' dir='ltr'><strong>duo</strong></span> <span class='ocrx_word' id='word_1_764' title='bbox 1439 5470 1519 5527; x_wconf 85' lang='lat' dir='ltr'><strong>Gothi</strong></span> <span class='ocrx_word' id='word_1_765' title='bbox 1533 5471 1624 5528; x_wconf 86' lang='lat' dir='ltr'><strong>contis</strong></span> <span class='ocrx_word' id='word_1_766' title='bbox 1650 5487 1713 5526; x_wconf 89' lang='lat' dir='ltr'><strong>eum</strong></span> <span class='ocrx_word' id='word_1_767' title='bbox 1728 5471 1755 5524; x_wconf 90' lang='lat' dir='ltr'><strong>in</strong></span> <span class='ocrx_word' id='word_1_768' title='bbox 1770 5471 1858 5527; x_wconf 85' lang='lat' dir='ltr'><strong>latero</strong></span> 
     </span>
     <span class='ocr_line' id='line_1_59' title="bbox 184 5544 1856 5640; baseline 0.011 -41"><span class='ocrx_word' id='word_1_769' title='bbox 184 5544 258 5616; x_wconf 91' lang='lat' dir='ltr'><strong>upud</strong></span> <span class='ocrx_word' id='word_1_770' title='bbox 269 5562 362 5621; x_wconf 86' lang='lat' dir='ltr'><strong>regem</strong></span> <span class='ocrx_word' id='word_1_771' title='bbox 372 5547 538 5607; x_wconf 79' lang='lat' dir='ltr'><strong>ludovicum</strong></span> <span class='ocrx_word' id='word_1_772' title='bbox 553 5569 637 5627; x_wconf 88' lang='lat' dir='ltr'><strong>super</strong></span> <span class='ocrx_word' id='word_1_773' title='bbox 652 5556 735 5631; x_wconf 79' lang='lat' dir='ltr'><strong>regite</strong></span> <span class='ocrx_word' id='word_1_774' title='bbox 764 5557 916 5628; x_wconf 87' lang='lat' dir='ltr'><strong>majestatis</strong></span> <span class='ocrx_word' id='word_1_775' title='bbox 934 5559 992 5616; x_wconf 90' lang='lat' dir='ltr'><strong>cri·</strong></span> <span class='ocrx_word' id='word_1_776' title='bbox 1044 5559 1157 5628; x_wconf 76' lang='lat' dir='ltr'><strong>leniunt,</strong></span> <span class='ocrx_word' id='word_1_777' title='bbox 1184 5561 1266 5630; x_wconf 72' lang='lat' dir='ltr'><strong>huius</strong></span> <span class='ocrx_word' id='word_1_778' title='bbox 1280 5560 1388 5632; x_wconf 89' lang='lat' dir='ltr'><strong>patroni</strong></span> <span class='ocrx_word' id='word_1_779' title='bbox 1404 5561 1447 5618; x_wconf 91' lang='lat' dir='ltr'><strong>sui</strong></span> <span class='ocrx_word' id='word_1_780' title='bbox 1467 5579 1497 5619; x_wconf 89' lang='lat' dir='ltr'><strong>se</strong></span> <span class='ocrx_word' id='word_1_781' title='bbox 1510 5564 1721 5640; x_wconf 87' lang='lat' dir='ltr'><strong>protegentibus</strong></span> <span class='ocrx_word' id='word_1_782' title='bbox 1737 5564 1856 5631; x_wconf 86' lang='lat' dir='ltr'><strong>meritis,</strong></span> 
     </span>
     <span class='ocr_line' id='line_1_60' title="bbox 185 5635 1856 5726; baseline 0.01 -35"><span class='ocrx_word' id='word_1_783' title='bbox 185 5635 269 5705; x_wconf 86' lang='lat' dir='ltr'><strong>minc,</strong></span> <span class='ocrx_word' id='word_1_784' title='bbox 283 5637 318 5693; x_wconf 92' lang='lat' dir='ltr'><strong>ad</strong></span> <span class='ocrx_word' id='word_1_785' title='bbox 330 5636 558 5701; x_wconf 86' lang='lat' dir='ltr'><strong>intercessionem</strong></span> <span class='ocrx_word' id='word_1_786' title='bbox 569 5642 644 5704; x_wconf 82' lang='lat' dir='ltr'><strong>beati</strong></span> <span class='ocrx_word' id='word_1_787' title='bbox 659 5644 784 5725; x_wconf 77' lang='lat' dir='ltr'><strong>confugit</strong></span> <span class='ocrx_word' id='word_1_788' title='bbox 800 5646 929 5723; x_wconf 85' lang='lat' dir='ltr'><strong>Remigii.</strong></span> <span class='ocrx_word' id='word_1_789' title='bbox 942 5649 991 5706; x_wconf 81' lang='lat' dir='ltr'><strong>cui</strong></span> <span class='ocrx_word' id='word_1_790' title='bbox 1043 5650 1121 5707; x_wconf 84' lang='lat' dir='ltr'><strong>illum</strong></span> <span class='ocrx_word' id='word_1_791' title='bbox 1139 5649 1242 5707; x_wconf 83' lang='lat' dir='ltr'><strong>tedere</strong></span> <span class='ocrx_word' id='word_1_792' title='bbox 1256 5649 1451 5726; x_wconf 80' lang='lat' dir='ltr'><strong>nequiverunt.</strong></span> <span class='ocrx_word' id='word_1_793' title='bbox 1481 5652 1572 5709; x_wconf 86' lang='lat' dir='ltr'><strong>llultis</strong></span> <span class='ocrx_word' id='word_1_794' title='bbox 1586 5661 1678 5709; x_wconf 84' lang='lat' dir='ltr'><strong>autem</strong></span> <span class='ocrx_word' id='word_1_795' title='bbox 1694 5653 1856 5709; x_wconf 87' lang='lat' dir='ltr'><strong>civitatibus</strong></span> 
     </span>
    </p>
   </div>
   <div class='ocr_carea' id='block_1_3' title="bbox 0 0 1941 6100">
    <p class='ocr_par' dir='ltr' id='par_1_3' title="bbox 0 0 1941 6100">
     <span class='ocr_line' id='line_1_61' title="bbox 0 0 1941 6100; baseline 0 0"><span class='ocrx_word' id='word_1_796' title='bbox 0 0 1941 6100; x_wconf 95' lang='lat' dir='ltr'><strong> </strong></span> 
     </span>
    </p>
   </div>
  </div>
 </body>
</html>
