3848 6106
66 253 119 309 lili

371 248 414 306 btt
426 246 563 345 'obsistt
581 245 762 304 assusatus
781 245 867 303 leue
888 247 1021 304 lustrali
1042 247 1130 305 Lllllll
1149 249 1215 307 xlv.
1236 280 1271 292 -
1290 249 1352 308 tte.
1372 251 1430 311 Vll.
1509 328 1512 332 ἢ

67 380 176 454 Nosque
190 379 270 454 sequi
284 377 425 451 cupidam,
445 377 511 434 hine
524 384 553 434 et
571 384 667 449 aperto
679 375 784 433 lumine
804 392 876 448 pau·
889 382 916 449 Α
929 377 1053 434 bebricia
1068 377 1175 435 interea
1187 379 1342 437 Theodotes
1355 382 1424 440 urbe
1438 384 1543 455 petitor

927 468 1094 536 Adveniens,
1110 469 1212 542 opibus
1220 472 1301 541 justae
1316 473 1477 545 perfunctus
1488 476 1594 550 inique,

929 560 1003 616 Naue
1017 560 1071 616 sibi
1085 562 1214 619 connecti
1226 563 1318 620 studio
1332 563 1465 639 flagrabat
1477 567 1559 625 inerti

929 653 1053 726 Dumque
1069 653 1129 710 dies
1142 670 1213 711 uano
1229 655 1360 712 insistens
1372 658 1435 715 terit
1449 659 1552 731 impete
1564 663 1667 734 plures,

774 467 841 541 [sam

65 560 125 626 Quo
140 567 205 632 post
218 564 344 615 exactum
359 558 470 615 tandem
483 557 598 633 vestigia
608 573 723 614 censum

65 653 128 724 lpsa
142 651 361 723 triumphantum
375 650 409 706 ad
425 650 523 709 eoelos.
539 650 583 705 vel
597 665 660 705 sera
673 656 823 722 sequatur3

64 743 247 815 comperiens
265 742 366 799 claram
384 757 487 815 praeses
500 741 647 817 gentisque
662 748 761 818 togatas

64 835 155 906 stirpe
170 843 268 902 satam
282 833 341 909 regi
354 833 429 890 ducit
444 834 609 906 depromere
622 834 736 909 dignum

64 926 99 980 Se
114 923 266 996 praetextati
282 923 408 981 sobolem
424 938 533 980 servare
548 923 714 995 prehensam

65 1014 237 1071 Christicolae
245 1020 321 1071 tanto
333 1018 418 1069 sextas
429 1011 579 1069 nodamine
593 1020 699 1085 captam

64 1104 184 1160 Nomine
198 1103 251 1159 sub
270 1101 381 1169 Christi,
394 1101 597 1178 iugulumque
611 1102 733 1173 pendere
748 1101 832 1157 malit.

64 1197 193 1268 Praecipit
206 1195 253 1250 ille
267 1194 357 1252 datam
377 1194 469 1251 studio
483 1194 620 1249 servarier
633 1193 720 1261 omni,

62 1284 145 1341 tussa
160 1294 258 1340 tenens
272 1282 340 1356 quid
354 1297 454 1339 censor
465 1287 539 1357 agat.
556 1297 617 1354 quae
631 1297 747 1337 munera
760 1292 852 1356 ponat.

65 1374 190 1447 Exquirit
203 1373 347 1446 praelectus
359 1387 439 1445 opes,
452 1372 617 1444 patrimonia
627 1372 733 1444 poscit;

63 1467 210 1538 decipiens
223 1465 349 1538 impensa
365 1465 440 1537 pelo,
460 1463 713 1535 libaminsprolert.

64 1560 170 1617 Probra
188 1559 275 1615 ileum
290 1558 414 1630 capiens,
431 1556 649 1614 iusanaoracula
663 1564 768 1623 censet,

930 747 1037 804 invenit
1052 748 1123 806 hauc
1138 750 1239 820 pariter
1252 766 1314 822 quae
1323 751 1435 809 roboret
1453 769 1501 811 ore
1515 758 1649 824 sodalem,

929 835 1013 900 Quam
1034 835 1107 893 leros
1121 837 1262 909 abripiens
1277 841 1385 896 censori
1400 842 1503 899 addicit
1518 847 1614 911 atroci,

929 929 1099 1003 Prirnatique
1109 948 1166 987 suae
1185 930 1354 990 Theodotem
1370 935 1488 991 destinat
1499 936 1586 994 urbis.

928 1023 1057 1096 lllepiam
1073 1025 1171 1082 sceleri
1188 1027 1281 1082 nitens
1293 1027 1469 1085 substernere
1483 1036 1554 1087 tetre

927 1111 996 1166 llum
1006 1111 1107 1183 probat
1120 1113 1299 1185 intrepidam,
1317 1123 1412 1171 natum
1427 1117 1607 1174 subterminu
1622 1120 1739 1192 primum

929 1203 1049 1258 Destinat
1062 1204 1210 1272 Euodium,
1226 1207 1305 1276 pueri
1322 1208 1454 1280 praecelsa
1465 1208 1571 1280 prolata

927 1294 1087 1369 lndignans‚
1104 1296 1197 1371 llagris
1207 1305 1236 1354 et
1248 1299 1344 1354 matris
1358 1299 1386 1354 in
1403 1316 1451 1356 ora
1464 1301 1583 1368 lacessit,

927 1384 1036 1441 Robora
1046 1385 1091 1441 cui
1103 1385 1222 1459 genitrix
1236 1388 1359 1443 cumulat
1371 1403 1500 1444 sermone
1514 1388 1585 1446 virili

926 1479 1096 1535 Verberibus
1110 1486 1215 1535 testans
1230 1480 1274 1536 his
1286 1481 1388 1556 gaudia
1403 1498 1513 1539 sumere
1528 1483 1637 1542 Christi.

928 1569 1038 1625 Arbiter
1053 1571 1154 1643 impuri
1170 1571 1217 1627 dat
1227 1574 1387 1629 scortatoris
1402 1575 1546 1631 honestam

64 1643 227 1706 bementem
238 1648 355 1704 demens
369 1646 481 1711 Willis
497 1645 596 1718 lls⁰bat
611 1645 658 1701 5¹¹³
673 1647 830 1715 ⁸⁰⁰⁰fd⁰fflt
893 1679 917 1746 g
928 1664 1063 1721 Sordibus
1079 1665 1182 1731 addici,
1198 1667 1315 1737 posthac
1334 1668 1526 1725 meretricibus
1540 1669 1615 1726 addi.

64 1737 278 1810 invalidumque
296 1737 390 1793 animo
403 1735 477 1792 veris
490 1750 637 1791 secernere
652 1734 728 1790 laisa.

64 1837 191 1902 Quaestor
205 1835 280 1891 dicta
294 1833 377 1890 relert
390 1833 460 1908 regi,
476 1832 541 1889 lurit
551 1832 597 1887 ille
612 1833 758 1905 requirens

64 1923 151 1979 Nilite
170 1938 226 1996 quo
245 1921 327 1977 lixam
347 1928 470 1993 superet,
486 1921 567 1994 queis
582 1921 696 1977 dimicet
706 1919 800 1988 armis,

64 2011 233 2069 Sacrieolam
249 2009 381 2067 eximium
392 2011 507 2082 capiens
520 2025 603 2066 uxore
615 2016 769 2077 vacantem,

63 2102 157 2158 Tradit
171 2102 236 2157 huic
254 2100 299 2158 vel
312 2099 498 2167 subdendam,
513 2098 644 2171 fanoque,
659 2099 806 2171 thoroque,

64 2191 148 2248 Vetsi
164 2190 305 2258 restiterit,
318 2188 502 2264 subigendam
518 2187 637 2243 tormine
648 2187 733 2244 letho.

64 2280 115 2335 lile
125 2280 218 2336 datam
231 2279 356 2352 gaudens
365 2276 441 2335 varia
453 2277 483 2331 in
497 2276 650 2348 penetralia
665 2276 751 2343 ducit,

64 2366 214 2423 Dissimilis
227 2367 334 2424 diversa
347 2380 463 2422 mouens
478 2364 638 2420 discrimina
650 2363 733 2420 belli:

65 2464 134 2519 lline
146 2462 279 2539 gladium,
293 2461 359 2517 hinc
371 2476 478 2529 aurum,
492 2476 617 2534 gemmas
630 2461 705 2524 hine,
722 2461 789 2516 inde
800 2468 876 2517 cata·

757 2553 839 2626 [aus;

63 2646 193 2703 llollibus
211 2645 276 2703 hinc
289 2645 370 2701 cunis
388 2645 496 2721 argenti
511 2651 595 2701 strata
610 2644 765 2718 relntgent3

63 2739 181 2815 Ignibus
190 2738 255 2794 inde
265 2737 331 2794 ieris
344 2737 409 2794 lerri
424 2746 485 2794 usta
498 2738 612 2813 grabata
628 2738 773 2804 renident,

62 2834 132 2891 lude
148 2849 222 2906 penu
236 2833 356 2905 dapibus
370 2833 455 2889 nimia
467 2833 540 2906 stipe
554 2832 612 2888 dite
626 2831 772 2898 refertumr

61 2928 132 2983 lnde
147 2942 232 2998 specu
246 2924 368 2982 tenebris
380 2925 514 2999 testisque
526 2924 660 2980 horrescit
670 2925 768 2981 acutis.

61 3020 129 3085 Qua
141 3034 238 3074 uerum
249 3017 338 3074 lutum
348 3016 428 3074 lortis
443 3024 541 3073 testata
554 3017 660 3093 virago,

63 3106 184 3163 Cernere
198 3123 229 3163 se
243 3105 525 3179 cumulesopulentos
538 3113 659 3163 stercora
672 3115 779 3175 censet,

62 3199 166 3256 Ferrea
180 3198 272 3254 rincla
285 3198 342 3271 poli
356 3199 477 3271 pretiosa
491 3199 607 3254 monilia
621 3197 705 3256 ducit.
776 3214 778 3218 ·

64 3293 112 3348 llle
128 3298 232 3364 putans
245 3292 335 3364 spatio
349 3308 365 3348 a
379 3292 457 3349 ecelis
472 3293 505 3347 ad
522 3299 612 3348 terrea
628 3293 710 3356 volvi.

63 3385 127 3440 Fert
143 3384 264 3440 triduum
272 3382 366 3440 invitae
377 3384 557 3458 jamjamque
572 3400 694 3456 superna
705 3384 823 3452 tenenti,

63 3478 227 3551 allegatque
240 3475 338 3532 decem
351 3491 431 3548 sagas
444 3483 601 3548 pervertere
616 3475 710 3543 cerda,

64 3565 231 3623 indomitam
246 3565 321 3621 visco
332 3565 474 3637 laqueisve
488 3564 573 3639 ligare
588 3565 755 3621 columbam.

65 3655 140 3712 lianc
155 3654 210 3711 illae
222 3653 307 3712 variis
320 3660 453 3711 attentant
467 3654 587 3710 retibus:
602 3671 710 3722 aurum,

62 3747 200 3802 dedentes
211 3759 339 3818 gemmae,
354 3743 503 3817 Parthique
519 3743 646 3800 lemntur
657 3744 758 3800 odores

62 3833 108 3892 llla
124 3834 193 3908 polo
207 3832 300 3890 delire
314 3832 422 3902 oculos,
437 3833 563 3905 elataque
575 3833 691 3905 palmas,

59 3923 120 3980 Stat
137 3922 269 3995 precibus
287 3923 408 3989 haerens,
424 3937 477 3978 nec
491 3922 575 3978 eorda
589 3937 642 3978 nec
656 3937 704 3978 ora
719 3922 876 3989 rellectens,

54 4013 119 4074 Non
137 4030 232 4071 esem
245 4030 409 4072 somnumve
424 4021 533 4086 petens,
547 4030 666 4071 sensuve
685 4015 866 4092 pigrescens;

55 4107 213 4166 Cornicum
229 4114 258 4162 ut
272 4121 355 4163 uoces
366 4105 459 4178 aquila
469 4113 619 4178 spernente
633 4105 780 4174 fatiscunt;

52 4204 104 4261 Sic
115 4201 175 4258 fusi
189 4217 297 4266 suasus,
311 4201 425 4257 immota
438 4203 491 4257 hac
500 4207 601 4269 stante,
616 4201 768 4258 labascunt.

53 4297 178 4353 &mum
191 4293 238 4350 ubi
252 4305 315 4366 post
326 4293 445 4365 spatium
461 4292 607 4349 muliebria
622 4293 677 4349 tela
690 4293 771 4350 relisa

56 4477 378 4549 lrrumpenssacrajam
398 4483 525 4548 penetrat
539 4492 589 4548 per
600 4483 664 4532 vota
676 4476 808 4543 dicatum,

57 4567 170 4624 Nititur
185 4565 443 4638 amplexusooelesti
456 4564 559 4621 inferre
574 4564 683 4637 puellae,

60 4661 155 4726 Quem
169 4657 263 4715 subite
278 4657 393 4733 cingens
407 4656 530 4713 tenebris
543 4656 648 4712 aorasia
660 4656 742 4712 vallat
820 4701 825 4708 .

61 4757 149 4828 Gyrat
160 4753 246 4810 inane
258 4752 368 4820 domus,
383 4752 481 4809 Christi
491 4751 653 4825 contingere
666 4766 772 4806 servam

63 4844 228 4911 luvalidus;
243 4843 342 4900 surdos
356 4857 442 4899 vacuo
457 4847 537 4898 vocat
551 4856 613 4897 aere
628 4841 724 4901 divos:

64 4935 154 5002 Queis
169 4933 280 4990 taudem
295 4933 399 5002 elusus,
419 4933 561 5005 pestisque
575 4933 666 5014 rigore
680 4939 803 4999 coaetus,

65 5027 197 5081 Asuntes
209 5021 316 5080 loribus
329 5022 452 5079 clamans
465 5023 530 5088 ciet,
541 5021 639 5094 hisque
654 5029 792 5094 receptus.

68 5119 212 5187 dvehitur,
223 5118 367 5192 cultasque
382 5119 430 5174 diu
445 5118 569 5174 defertur
583 5118 617 5173 ad
632 5133 703 5181 aras,

69 5207 153 5263 Sacra
168 5205 238 5273 litat,
252 5206 336 5262 vitam
351 5221 368 5261 a
381 5206 480 5263 mortis
495 5205 656 5261 ductoribus
670 5210 740 5271 orat,

70 5295 136 5351 Orsa
148 5294 225 5366 capit
236 5309 267 5350 se
277 5293 361 5371 digna
374 5293 430 5367 pati
446 5293 621 5349 dementibus
634 5293 719 5359 ansis,

70 5385 366 5458 Tartareasqueagitur
376 5391 471 5456 raptus
482 5383 628 5455 tysiphone
643 5382 695 5438 sub
707 5383 828 5438 umbras.

72 5478 172 5535 libera
186 5476 313 5534 bellatrix
326 5476 409 5533 seciae
424 5476 542 5552 magalia
555 5475 630 5544 visit,

73 5569 105 5624 Et
118 5567 175 5625 sibi
188 5575 267 5645 gesta
280 5566 337 5624 lieo
350 5565 497 5622 Theodotae
511 5581 544 5620 ex
557 5564 654 5622 ordine
668 5564 782 5636 pandit:

72 5655 189 5714 Solibus
208 5654 351 5729 atquebei
364 5659 461 5712 noctes
475 5653 503 5709 in
518 5652 648 5709 laudibus
662 5652 776 5708 addunt.

928 1752 1039 1808 incesto
1051 1759 1152 1809 castam
1169 1753 1231 1808 nisu
1246 1760 1397 1811 temerante
1411 1756 1515 1828 petenti

928 1847 1045 1903 Naribus
1055 1848 1199 1903 exundans
1213 1848 1305 1905 valido
1318 1848 1378 1905 lluit
1388 1850 1495 1922 impete
1509 1852 1632 1926 sanguis,

928 1939 1073 2010 lmprobus
1088 1945 1115 1994 et
1129 1938 1228 1995 clamat
1241 1940 1371 2008 juvenem
1387 1940 1494 2017 fulgore
1507 1942 1640 1999 nitentem

928 2029 1035 2084 duratae
1045 2028 1131 2084 vestis
1140 2028 1277 2085 solamina
1285 2029 1388 2086 dedere
1399 2031 1490 2099 matri,

929 2118 1013 2187 Cuius
1028 2125 1129 2193 agente
1144 2117 1239 2175 datum
1250 2136 1344 2193 pugno
1360 2120 1412 2175 sibi
1427 2120 1541 2177 naribus
1556 2122 1649 2178 ictum.

929 2205 1054 2279 Praeeipit
1069 2207 1116 2262 hie
1135 2222 1235 2264 censer
1249 2213 1355 2264 vastum
1369 2209 1532 2265 succendier
1548 2209 1648 2282 ignem.

929 2295 961 2350 Et
975 2295 1048 2350 trina
1063 2310 1125 2351 cnm
1137 2294 1215 2366 prole
1229 2311 1295 2371 rogo
1311 2296 1468 2370 demergier
1476 2296 1587 2352 almam.

928 2389 992 2454 Quae
1011 2397 1105 2464 grates
1121 2389 1235 2446 bomine
1250 2389 1385 2458 referens,
1399 2391 1542 2448 benedicit
1554 2400 1670 2449 ovanter

927 2479 1132 2549 Omnipotentis
1142 2480 1200 2535 heri
1212 2495 1326 2548 nomen,
1337 2481 1485 2536 clementia
1500 2481 1580 2551 cujus

926 2571 1046 2646 Pignore
1060 2586 1090 2626 se
1110 2586 1222 2644 proprio
1234 2588 1287 2629 nec
1299 2573 1382 2629 saeelo
1394 2580 1503 2645 separat
1513 2573 1576 2641 isto,

926 2663 983 2719 Nec
996 2662 1098 2736 patitur
1110 2662 1211 2720 Christi
1226 2663 1365 2721 roulessio
1379 2675 1474 2722 saneta
1493 2666 1599 2734 revelli,

927 2751 982 2808 Sed
997 2768 1049 2807 nec
1062 2753 1186 2824 martyrii
1200 2754 1301 2810 sinitur
1313 2755 1366 2811 sub
1381 2771 1470 2832 agone
1482 2756 1612 2829 relinqui.

927 2847 1028 2904 Coelica
1042 2863 1105 2903 cum
1124 2849 1196 2914 natis
1212 2850 1320 2906 scandit
1334 2851 1376 2907 sic
1395 2852 1496 2924 praeuia
1510 2851 1607 2908 victrix
1620 2872 1629 2918 ς

931 2939 1031 3011 lllyrici
1047 2939 1194 3011 prefectus
1209 2941 1289 2997 hians
1303 2943 1421 3014 opplere
1434 2958 1581 3000 crumenas

886 3031 1048 3106 Cllunere,
1065 3039 1216 3103 proventus
1232 3040 1365 3090 matrone
1375 3033 1533 3102 obsederat,
1544 3034 1652 3091 abdens

928 3121 1087 3177 Romuleam
1098 3121 1224 3177 claustris
1237 3131 1353 3178 matrem
1369 3124 1485 3179 custode
1493 3123 1631 3197 frequenti

926 3214 1085 3286 Obseptam,
1100 3221 1264 3286 tentansque
1275 3215 1398 3271 animum
1418 3215 1470 3270 suh
1484 3223 1606 3286 pectore,
1622 3232 1706 3272 sexus

927 3304 1043 3369 lnlirmi,
1058 3305 1191 3372 validum,
1211 3306 1310 3362 suadet
1326 3317 1463 3379 praeeepta
1477 3307 1599 3384 magistri

927 3399 1049 3473 Expleat,
1063 3408 1090 3455 et
1105 3398 1178 3455 laoili
1193 3415 1294 3455 census
1304 3400 1358 3455 sibi
1372 3400 1437 3457 dote
1448 3400 1570 3457 remittat

926 3488 1104 3546 Temuentem
1122 3497 1248 3544 temnens
1258 3489 1381 3545 imitetur
1400 3505 1515 3545 munera
1531 3488 1678 3557 Christum,

928 3578 975 3634 llla
987 3588 1079 3634 tereos
1096 3577 1174 3633 firma
1188 3578 1307 3635 calentia
1316 3577 1423 3649 spicula
1433 3594 1543 3649 parma;

930 3689 940 3717 ι
963 3667 1076 3723 Vertere
1090 3681 1134 3722 me
1146 3667 1275 3722 mandata
1286 3666 1442 3740 jubesque
1459 3666 1581 3722 Christus
1591 3667 1688 3742 egenis

926 3758 1063 3831 Pracipit,
1079 3758 1139 3830 ipse
1153 3758 1203 3814 tibi
1214 3758 1338 3830 locuples
1350 3757 1507 3830 impendier
1521 3773 1615 3823 orans,

927 3853 995 3908 bum
1011 3855 1135 3921 nequete
1148 3865 1243 3905 mensa
1257 3849 1371 3925 dignum
1387 3849 1542 3905 decreverit
1553 3856 1660 3915 auctor,

927 3941 1097 4015 Pauperibus
1108 3941 1174 4013 poni
1184 3958 1266 4013 quam
1274 3941 1356 4010 jussit
1371 3957 1465 3999 amere
1480 3941 1612 4016 benigno.

928 4033 1040 4089 lluuera
1065 4031 1132 4103 quin
1154 4029 1177 4086 si
1205 4038 1297 4087 nostra
1321 4030 1428 4100 jurant,
1458 4029 1534 4102 quod
1565 4045 1648 4103 egere
1677 4045 1742 4101 pre-

928 4195 1062 4267 dccipito,
1074 4201 1101 4251 et
1113 4193 1270 4271 lorgislidei
1285 4194 1388 4251 ditesce
1399 4194 1519 4252 talentis,
1620 4120 1706 4193 [barre

928 4286 1053 4358 itumque
1066 4285 1172 4341 alterna
1187 4290 1293 4352 serunt,
1307 4299 1406 4341 censor
1420 4282 1536 4340 rationis
1551 4282 1645 4354 opimo

891 4379 1067 4472 „Deficieos
1081 4380 1168 4436 antris
1183 4378 1324 4435 vietrieem
1339 4379 1443 4434 claudit
1457 4377 1552 4450 opacis

931 4471 1155 4545 Impugnansque
1168 4468 1251 4523 minis
1265 4484 1365 4539 panem
1378 4468 1423 4524 vix
1437 4483 1499 4524 sero
1511 4467 1657 4523 ministrat.

931 4558 963 4613 lv
975 4556 1225 4613 bominuseharam
1235 4556 1263 4610 iu
1278 4554 1402 4611 tenebris
1412 4571 1467 4611 non
1478 4553 1579 4627 linquit
1589 4555 1740 4616 alumnam,

931 4645 998 4702 lluic
1014 4644 1165 4704 redhibens
1177 4643 1307 4700 comitem
1326 4643 1430 4699 dudum
1447 4641 1570 4699 celestia
1582 4650 1706 4708 nactam3

929 4734 986 4790 Nec
1005 4733 1107 4806 patitur
1120 4732 1241 4790 desolari
1254 4732 1389 4788 solamina
1399 4732 1486 4800 dulci,

929 4823 1060 4879 Noctibus
1077 4821 1180 4896 insigni
1199 4821 1365 4878 Theodotem
1381 4820 1484 4876 lumine
1497 4818 1616 4876 cinctam

931 4916 1189 4988 Sedibusasuperis
1202 4915 1237 4971 ad
1252 4931 1324 4972 caeca
1337 4915 1440 4971 cubilia
1453 4916 1560 4991 legans,

932 5007 980 5064 Cui
995 5009 1126 5065 socianda
1142 5009 1216 5081 pelo,
1232 5016 1262 5064 ut
1280 5016 1375 5065 sancte
1389 5008 1443 5064 sibi
1457 5008 1582 5063 vinxerat
1596 5015 1669 5072 actu,

932 5098 995 5154 llaee
1008 5096 1126 5170 dapidus
1141 5113 1276 5165 mensam,
1289 5097 1420 5169 uarioque
1436 5097 1537 5153 decore
1549 5102 1670 5167 paratam

932 5195 1093 5266 Apponens,
1106 5193 1263 5266 pariterque
1279 5207 1375 5264 preces
1387 5192 1422 5248 ad
1437 5192 1528 5247 sidera
1537 5189 1637 5246 tollens

933 5287 1052 5343 AEtlrerei
1061 5288 1185 5344 solamen
1204 5287 1230 5343 ei
1241 5286 1375 5343 fundebat
1384 5285 1496 5351 amoris,

933 5375 1067 5431 Sensibus
1080 5382 1107 5431 et
1122 5375 1213 5432 earnis
1226 5391 1357 5449 superum
1373 5372 1552 5446 impendebat
1563 5370 1707 5435 honorem,

934 5467 1036 5523 Coelica
1051 5483 1136 5540 regna
1148 5476 1246 5539 petens
1260 5467 1365 5523 eoetesti
1375 5473 1406 5522 ut
1420 5465 1482 5520 luce
1490 5462 1591 5518 niteret

936 5561 1089 5634 ltivinoque
1104 5561 1160 5633 poli
1173 5560 1308 5638 gauderet
1320 5567 1430 5616 nectare
1446 5556 1533 5630 pasci.

938 5650 994 5707 lloc
1008 5649 1056 5705 ubi
1068 5657 1109 5707 ter
1118 5650 1197 5706 dente
1212 5649 1378 5707 decorantur
1388 5646 1493 5704 lumine
1507 5653 1603 5702 nectes
