3840 6106
121 215 179 272 225
446 217 609 275 nistottlAE
628 219 794 276 ecctnslAE
814 220 976 277 undensis
996 221 1085 277 eleut
1104 222 1259 287 uuerden
1291 259 1313 268 ·-
1334 226 1397 282 tls.
1418 229 1471 284 lll.'
1735 233 1788 289 226

121 349 271 420 epistolam
285 366 364 422 papae
373 350 461 407 Roma
473 351 621 418 detulerat,
639 364 669 410 ut
676 369 769 429 regem
784 354 932 411 admoneat
943 359 969 428 Α
982 354 1132 427 quisitione
1140 354 1175 410 ab
1190 355 1249 426 ipso
1260 356 1354 413 Odone
1372 366 1399 414 et
1413 359 1526 431 pretato
1554 359 1707 417 lledenulto
1732 370 1786 418 tra·

121 436 288 494 modificans
298 438 359 506 eius
372 439 506 506 animum,
523 456 559 496 ne
568 448 663 496 eontra
673 440 931 514 Dominumaliquid
983 446 1049 503 ctari
1073 447 1173 516 judicii
1205 447 1343 504 Auriniaci
1372 452 1557 518 monasterii,
1577 467 1626 523 pro
1651 453 1787 527 regimine

124 523 207 582 faciat
219 528 249 582 in
264 528 384 585 Ecclesia
398 531 456 599 llei,
469 532 513 588 vel
529 533 680 605 episcopali
697 534 795 589 ordine
811 550 867 588 non
884 548 933 604 pro
984 539 1105 595 Ricoarae
1120 539 1350 611 abbatiamque
1365 549 1460 598 contra
1480 543 1555 616 leges
1572 543 1646 599 idem
1672 560 1788 614 usurpa·

124 618 272 678 dincmaro
286 632 388 694 nepote
401 640 451 681 suo
462 640 492 680 se
505 634 611 682 tantum
632 627 660 681 id
677 627 771 682 dicere
795 642 933 693 asserens,
983 632 1276 699 veratmonasterium,
1291 639 1439 705 monetque
1465 643 1495 689 ut
1519 642 1646 710 suggerat
1666 636 1736 711 regi,
1753 654 1787 694 ne

123 724 258 784 qnantum
275 715 517 787 proipsoseuiore
541 733 591 773 suo
611 733 687 793 rege,
703 734 738 774 ne
766 719 825 791 ipse
841 718 934 774 taliter
983 732 1077 799 ageret
1101 725 1166 782 inde
1182 725 1300 798 qualiter
1326 724 1426 781 alienis
1454 727 1573 797 peccatis
1588 726 1785 799 implicaretur.

123 812 264 872 peccaret,
279 805 355 861 unde
368 807 535 863 aeternaliter
559 808 685 878 periret;
706 810 783 877 item,
813 810 848 864 de
869 825 934 866 cor·
983 811 1059 868 ldem
1075 813 1278 870 deitincresuo
1294 813 1393 870 nonad
1416 828 1509 887 regem
1523 820 1696 871 terrenorum
1717 834 1788 889 pre·
1847 847 1855 860 ·

122 895 250 951 rectione
267 897 391 967 epistole
405 915 469 963 sure,
488 916 571 972 quam
584 900 624 954 illi
639 901 746 972 pridem
758 901 882 969 miserat,
897 902 931 958 ab
982 901 1175 969 sentiam,sed
1199 903 1233 958 ad
1258 902 1332 976 regis
1360 901 1456 957 aeterni
1481 900 1627 970 judicium,
1647 904 1681 958 ad
1711 906 1785 977 quod

121 990 255 1060 imperito
269 991 405 1063 scriptore
424 1002 591 1065 corruptam,
602 1002 630 1050 et
645 995 680 1050 de
695 996 805 1067 hisquae
820 996 933 1066 objicie-
981 989 1038 1057 jam
1049 1006 1079 1046 se
1095 990 1227 1047 festinare
1247 1007 1296 1062 per
1310 990 1457 1047 continuas
1468 989 1786 1065 indicataegrotationes3

123 1076 227 1133 bantur
246 1079 391 1137 llinemaro
410 1082 623 1139 scandalizatori
645 1099 715 1150 suo,
732 1084 809 1152 item,
838 1084 873 1139 de
889 1085 933 1140 lit·
984 1078 1062 1146 ilem,
1077 1094 1126 1150 1)Γο
1136 1080 1312 1136 θῐᾶῑΰθῑῑθῦθ
1320 1080 1465 1147 lletilonis,
1489 1094 1571 1150 ‘luem
1585 1078 1664 1151 Plebs
1686 1080 1788 1136 N⁰V50·

123 1167 201 1232 teris,
217 1183 288 1239 quas
302 1184 352 1240 pro
370 1171 469 1226 eodem
492 1172 638 1228 hincmaro
667 1172 725 1246 regi
741 1172 877 1235 mittebat,
904 1180 934 1229 ut
984 1168 1124 1239 magensis
1139 1169 1300 1240 episcopum
1310 1168 1363 1224 sibi
1378 1168 1499 1243 elegerat
1508 1167 1705 1236 ordinandum,
1720 1169 1788 1224 alia-

123 1253 185 1324 ipse
199 1254 259 1312 0do
274 1272 321 1312 cas
336 1257 375 1312 illi
390 1259 553 1333 porrigeret,
574 1267 602 1315 et
615 1261 737 1332 qualiter
755 1276 802 1315 eas
818 1275 933 1331 recepe·
984 1274 1038 1329 que
1053 1262 1187 1317 nonnulla
1195 1261 1287 1317 eidem
1301 1276 1374 1332 saepe
1382 1260 1516 1316 direxisse
1531 1260 1668 1331 reperitur
1676 1260 1787 1333 scripta.

124 1346 170 1411 rit,
191 1348 235 1401 vel
252 1348 295 1403 his
309 1350 450 1417 annuerit,
467 1351 515 1407 sed
544 1360 572 1408 et
595 1352 630 1407 de
651 1353 713 1408 aliis
734 1352 789 1408 sibi
812 1352 934 1409 sciendis
984 1349 1141 1425 llildegario
1171 1352 1304 1408 ldeldensi
1336 1352 1496 1424 episcopo,
1530 1367 1579 1423 pro
1613 1353 1789 1424 parochianis

124 1438 195 1508 petit
208 1439 310 1496 litteris
321 1441 376 1496 sibi
391 1445 547 1499 remandari
562 1445 646 1510 ;item
662 1445 697 1500 de
725 1461 808 1501 causa
818 1445 932 1516 Erpuini
984 1438 1071 1510 ipsius
1086 1440 1264 1513 quibusdam,
1285 1440 1333 1512 (lui
1357 1439 1506 1497 h0⁰¹i⁰il¹i³
1518 1439 1557 1511 dn
1576 1442 1706 1496 fleffiffllssi
1720 1459 1788 1514 per-

123 1527 263 1598 episoopi,
282 1529 331 1600 qui
345 1531 379 1585 ad
410 1531 566 1588 condictam
588 1533 724 1605 synodum
752 1533 847 1589 venire
877 1548 932 1589 non
983 1531 1544 1604 petravereparochiascribit,exhortans
1568 1538 1661 1588 oleos
1682 1534 1788 1589 salvare

122 1615 247 1682 valebat,
262 1624 293 1672 ut
304 1633 416 1674 causam
431 1619 519 1691 ipsius
530 1620 587 1677 0do
608 1621 682 1677 inter
708 1621 769 1691 ejus
783 1636 932 1694 personam
983 1635 1151 1693 quocunque
1181 1621 1270 1677 valeat
1301 1620 1418 1677 consilio
1451 1627 1477 1675 et
1504 1618 1606 1675 auxilio
1637 1632 1787 1691 procuret,

122 1712 150 1761 et
164 1716 342 1765 accusatores
356 1711 416 1779 ejus
426 1712 539 1784 exsequi
555 1713 691 1781 studeret,
717 1721 745 1769 et
767 1714 791 1769 si
806 1715 840 1769 ad
856 1714 931 1769 inte·
947 1681 1140 1781 ssadjuturum
1174 1728 1204 1768 se
1234 1713 1405 1784 spondens,
1437 1720 1468 1767 ut
1503 1711 1538 1766 ad
1570 1727 1665 1782 pacem
1693 1715 1788 1769 venire

122 1812 203 1869 gum
212 1797 243 1852 id
253 1814 336 1873 agere
358 1816 414 1856 non
441 1811 544 1873 posset,
568 1803 698 1859 eumdem
725 1804 877 1876 ltrpuinum
905 1811 933 1859 et
982 1813 1094 1876 queant.

122 1897 302 1945 accusatores
319 1890 380 1960 ejus
393 1891 428 1947 ad
447 1894 583 1965 synodum
599 1896 673 1973 apud
689 1895 777 1952 Pietas
796 1896 931 1972 agendam
1018 1897 1239 1970 Scribitquoque
1255 1898 1288 1952 ad
1302 1897 1430 1953 eumdem
1452 1897 1599 1968 quemdam
1617 1897 1655 1952 lle
1678 1897 1785 1968 judicio

121 1977 202 2034 abire
215 1990 413 2037 commoneat:
438 1984 513 2048 item,
544 1986 580 2042 de
594 1986 695 2043 litteris
709 1987 761 2043 sibi
790 1989 932 2045 ahOdone
983 2006 1061 2062 aquae
1074 1989 1180 2064 trigidae
1196 1990 1331 2045 libellum.
1352 1989 1456 2045 ioanni
1470 1990 1661 2045 cameracensi
1682 1990 1785 2060 petenti

123 2071 228 2138 missis,
250 2073 278 2127 in
303 2073 406 2146 quibus
436 2088 610 2148 compererat
624 2079 769 2153 insurgere
798 2081 931 2152 quosdam
983 2079 1485 2137 commendatitiasdarisibillomam
1501 2077 1688 2149 proficiscenti
1714 2080 1789 2136 litte-

121 2163 276 2220 monachos
290 2173 386 2222 contra
399 2183 505 2224 sacram
520 2170 725 2237 auctoritatem,
750 2177 777 2226 et
792 2171 828 2226 de
844 2171 932 2243 privi·
983 2191 1036 2240 ras,
1054 2191 1087 2230 ex
1100 2174 1324 2231 nominedcmini
1339 2174 1475 2229 llincmari
1492 2173 1611 2228 adriano
1627 2189 1705 2245 pape
1720 2173 1790 2230 offe-

121 2250 202 2325 legiis
215 2250 393 2310 eorbeiensis
403 2257 564 2312 monasterii
583 2276 590 2322 ;
618 2258 683 2313 item
699 2274 750 2330 pro
764 2258 864 2315 itincre
882 2276 951 2332 sno¹
983 2264 1094 2334 rendas,
1119 2263 1244 2319 rescribit
1261 2281 1269 2328 ;
1297 2261 1372 2333 quod
1391 2262 1415 2316 si
1435 2261 1593 2317 redditurus
1623 2261 1789 2333 obsequium

121 2343 156 2398 ad
172 2359 294 2418 regem;
321 2346 386 2402 item
414 2348 515 2423 gratias
538 2348 662 2405 reterens
676 2351 744 2419 lleo,
759 2367 809 2422 pro
822 2351 933 2407 satista—
983 2350 1094 2418 Caesari,
1111 2351 1225 2406 Romam
1245 2350 1312 2404 velit
1335 2350 1372 2404 ita
1390 2363 1517 2422 pergere,
1533 2353 1563 2403 ut
1578 2347 1714 2420 obsequio
1733 2350 1790 2404 lleo

122 2432 226 2487 ationis
256 2441 285 2488 et
306 2436 489 2493 correctionis
508 2436 668 2505 dulcedine,
692 2454 745 2511 qua
771 2439 800 2494 in
835 2440 932 2496 litteris
982 2442 1075 2499 debito
1100 2441 1214 2498 Caesaris
1237 2441 1406 2498 eontrarium
1426 2454 1480 2494 non
1510 2447 1584 2494 esset
1607 2440 1788 2512 obsequium,

121 2524 210 2593 ipsius
225 2524 453 2583 Odonismultam
468 2530 667 2602 recognitionis
680 2531 787 2601 ejusde
799 2532 842 2586 his
858 2532 932 2588 unde
982 2531 1130 2588 canonicas
1145 2530 1264 2587 libenter
1274 2529 1300 2585 ei
1326 2529 1431 2584 litteras
1446 2528 1601 2593 tribuerel;
1626 2529 1669 2583 sin
1694 2538 1786 2584 autem

121 2617 303 2692 redarguerat
316 2635 380 2674 eum
407 2620 511 2690 reperit
536 2620 757 2696 benignitatem
787 2624 853 2679 item
881 2639 932 2695 pro
983 2639 1033 2696 pro
1043 2621 1255 2679 causahotharil
1268 2620 1352 2696 regis,
1370 2635 1432 2691 quae
1459 2620 1616 2675 inteream
1643 2627 1670 2675 et
1698 2620 1786 2692 ipsius

121 2708 261 2765 electione
275 2709 440 2767 Suessorum
455 2711 579 2783 episcopi
596 2720 659 2784 post
672 2715 780 2771 obitum
795 2715 931 2785 Rothadi;
981 2730 1095 2771 uxorem
1105 2714 1152 2769 diu
1162 2713 1295 2769 ventilata
1308 2710 1407 2777 luerat,
1424 2711 1555 2783 quoniam
1583 2711 1786 2767 commendati-

122 2800 199 2866 item,
216 2817 269 2873 pro
281 2810 420 2860 conventu
441 2804 567 2876 synodali
591 2821 676 2877 super
700 2808 882 2879 responsione
897 2810 932 2866 ad
982 2802 1035 2859 tias
1048 2802 1136 2858 inhac
1149 2817 1178 2858 re
1191 2803 1258 2857 dare
1283 2800 1390 2856 litteras
1418 2814 1474 2855 non
1493 2797 1614 2867 valebat,
1634 2798 1788 2869 reprehen-

119 2891 267 2961 epistolam
282 2891 504 2965 Adrianipapae3
530 2893 607 2962 item,
637 2911 687 2966 pro
716 2896 815 2952 litteris
847 2899 930 2974 regis,
982 2895 1079 2951 sibiles
1089 2894 1155 2949 dare
1166 2909 1222 2949 nou
1233 2892 1344 2959 audeat,
1363 2891 1429 2964 quia
1441 2906 1493 2946 nec
1506 2890 1618 2958 debeat,
1634 2889 1788 2961 praesertim

119 2984 399 3058 quibusproeccperat
407 2989 555 3062 episcopos
563 2990 642 3064 regni
653 2989 778 3046 adomno
785 2990 931 3047 llinomaro
982 3000 1044 3040 eum
1058 3000 1146 3056 nuper
1159 2984 1280 3040 domnus
1295 2981 1431 3037 Adrianus
1446 2980 1554 3035 litteras
1580 2979 1606 3034 ei
1622 2994 1678 3034 suae
1691 2986 1789 3035 aueto-

118 3077 279 3144 convocari,
290 3084 321 3133 ut
340 3080 521 3150 prohiberent
548 3080 637 3136 tilium
662 3080 751 3152 ipsius
775 3081 848 3156 regis
865 3081 931 3137 llar-
944 3049 970 3119 C
982 3076 1069 3133 ritatis
1082 3092 1133 3148 per
1146 3076 1292 3131 letardum
1303 3075 1519 3129 llamnetensem
1538 3071 1700 3143 episcopum
1734 3072 1788 3127 mi·

120 3165 284 3222 lemannum
298 3184 315 3223 a
327 3170 544 3241 presumptione
562 3185 683 3237 cessare,
706 3186 789 3243 quam
804 3171 932 3226 crimina·
980 3168 1049 3223 serit
1061 3170 1185 3235 (hortas.
1204 3167 1226 3220 ll
1241 3181 1284 3236 ep.
1294 3166 1350 3233 13),
1372 3165 1400 3219 in
1427 3161 1529 3234 quibus
1545 3158 1743 3233 significaverit
1757 3177 1788 3216 se

122 3255 312 3313 baturrontra
324 3265 429 3328 patrem
450 3274 604 3325 exercere;
631 3258 708 3328 item,
737 3275 787 3330 pro
815 3258 930 3315 ordina·
981 3259 1143 3326 certamina,
1156 3259 1224 3330 lquae
1251 3257 1333 3313 sedes
1347 3255 1500 3328 apostolica
1526 3271 1576 3326 per
1597 3263 1788 3312 antecessores

121 3345 199 3401 tione
222 3346 349 3422 Anscgisi
391 3347 536 3404 hamensis
557 3348 714 3405 dioeceseos
743 3349 873 3405 monachi
902 3348 932 3403 iu
982 3351 1238 3408 auosBenedictum
1249 3355 1277 3405 et
1290 3348 1433 3404 Nicolaum
1449 3347 1478 3402 in
1494 3347 1546 3402 hac
1566 3363 1650 3403 causa
1662 3357 1787 3406 certave-

122 3437 288 3509 episcopatu
302 3439 441 3496 Senonieo
457 3457 464 3505 ;
481 3441 558 3506 item,
573 3456 627 3512 pro
649 3439 743 3495 libello
758 3439 882 3496 historiae
897 3440 931 3494 de
983 3447 1034 3505 rat,
1048 3438 1139 3509 sequi,
1159 3452 1278 3492 monens
1292 3450 1367 3501 eum,
1381 3442 1411 3490 ut
1425 3435 1500 3507 quod
1512 3452 1596 3506 super
1611 3437 1664 3493 hoc
1674 3439 1787 3513 negotio

122 3534 183 3581 ona
200 3527 230 3581 S.
247 3526 347 3593 llariae,
368 3535 397 3583 et
412 3527 525 3584 homilia
540 3528 570 3584 Β.
585 3528 742 3599 llieronymi
768 3527 804 3583 de
819 3530 932 3584 Assum-
981 3537 1089 3603 gestum
1104 3537 1156 3597 est,
1184 3528 1342 3583 nullatenus
1370 3527 1496 3582 enervari
1523 3529 1691 3597 consentiat,
1722 3531 1790 3585 inti-

122 3615 219 3685 ptione
234 3615 322 3686 ipsius
336 3616 384 3671 llei
398 3616 554 3685 Genitricis,
569 3632 630 3691 quae
650 3618 763 3689 quidam
778 3618 933 3674 monachus
982 3638 1118 3695 mensque
1132 3620 1252 3693 qualiter
1267 3619 1505 3676 excommunicata
1533 3618 1616 3675 luerit
1629 3620 1786 3678 Waldrada.

121 3701 298 3759 corbeiensis
311 3707 472 3763 monasterii
482 3722 538 3764 non
565 3722 628 3763 esse
647 3704 838 3776 recipiendam
862 3722 931 3763 con·
982 3713 1064 3769 ‚lddit
1078 3712 1171 3778 etiam,
1182 3711 1256 3782 quod
1271 3710 1331 3765 sine
1342 3709 1460 3766 consilio
1473 3711 1669 3781 coepiscopum
1683 3712 1788 3768 litteras

122 3797 267 3853 tendebat.
980 3799 1006 3856 ei
1021 3798 1202 3863 dimissorias,
1215 3798 1334 3853 maxime
1349 3812 1399 3868 pro
1420 3812 1449 3852 re
1469 3797 1574 3852 incerta
1602 3798 1670 3852 dure
1684 3800 1785 3871 nequi-

153 3887 195 3942 tu
210 3901 275 3958 quae
289 3887 440 3958 respondet
452 3886 526 3944 idem
540 3888 841 3959 domnusllincmarus,
859 3902 929 3958 prae-
980 3899 1023 3947 ret
1042 3909 1050 3958 ;
1071 3890 1149 3957 item,
1168 3889 1204 3944 de
1229 3889 1307 3944 obitu
1331 3887 1450 3944 lotharii
1476 3887 1560 3961 regis,
1585 3887 1736 3944 exhortans
1756 3895 1787 3946 ut

120 3972 203 4030 stim
231 3975 374 4032 mmmm
401 3992 453 4034 ¹¹⁰⁸
477 3977 579 4032 habere
599 3977 634 4032 ad
647 3977 807 4044 Ῑθῦῐῑθῦθῐῡ,
826 3989 883 4031 ¹10⁰
894 3974 929 4029 ad
980 3987 1041 4043 sine
1060 3985 1192 4041 dilatione
1212 3985 1245 4039 ad
1272 3983 1398 4039 Karolum
1426 3982 1547 4052 (Carolus
1563 3982 1671 4054 colons)
1692 4000 1785 4057 regem

121 4066 319 4138 proterendum
334 4069 526 4126 anctoritatem
541 4087 550 4124 .·
567 4068 707 4125 homiliam
720 4083 786 4124 vero
802 4065 928 4123 eamdem
979 4075 1072 4132 veniat
1088 4091 1095 4140 ;
1116 4074 1181 4129 irem
1195 4073 1377 4144 proquodam
1398 4070 1559 4141 presbytero
1584 4071 1787 4128 Cameracensis

122 4170 250 4219 asancto
263 4163 430 4233 llieronymo
443 4157 689 4215 asseritcatholice
704 4157 844 4224 dictatam,
859 4157 931 4213 sicut
980 4164 1128 4237 parochiae,
1139 4162 1187 4234 qui
1202 4162 1324 4233 seipsum
1344 4165 1518 4225 castraverat,
1539 4157 1678 4230 frequenti
1696 4160 1787 4216 morri-

123 4266 149 4312 et
161 4257 265 4328 stylus,
280 4264 308 4313 et
320 4255 428 4312 cantela
456 4268 566 4318 sensus,
597 4260 625 4309 et
649 4252 817 4319 intellectus,
837 4258 865 4307 et
876 4251 930 4307 alia
981 4262 1024 4311 tus
1038 4255 1064 4309 id
1078 4252 1333 4327 agerevisitatioue,
1349 4250 1479 4306 nesciens
1494 4248 1637 4320 quidinde
1652 4250 1722 4305 sacri
1735 4250 1785 4306 de-

123 4352 197 4401 oerltl
216 4343 930 4412 indiciamwtlfflsslsfllcdllaelleffl011ae2perdutis
980 4350 1125 4400 cernerent
1143 4358 1274 4408 canones,
1300 4341 1503 4412 consiliumque
1532 4339 1588 4406 dat,
1609 4355 1737 4407 monens,
1757 4348 1787 4396 ut

122 4432 291 4505 departibns
301 4431 482 4488 orientalibus
496 4436 622 4501 tempore
639 4439 714 4487 certo
736 4429 827 4485 delato
842 4428 876 4483 ad
888 4416 968 4486 re-I)
979 4436 1128 4509 diligenter
1141 4433 1319 4506 investigetur
1334 4431 1436 4503 quibus
1456 4431 1492 4486 sit
1512 4430 1603 4486 modis
1621 4431 1783 4499 admissum,

122 4528 219 4600 pones
233 4533 343 4584 nostras
366 4526 503 4598 pervenit,
525 4525 608 4582 tidem
637 4524 750 4581 faciunt.
779 4522 927 4599 Subiungit
979 4534 1007 4583 et
1020 4526 1128 4581 interim
1141 4541 1191 4596 per
1204 4523 1404 4598 indulgentiam
1420 4521 1563 4593 presbyter
1586 4523 1658 4577 idem
1674 4532 1783 4579 maneat

122 4634 233 4692 quoque
248 4618 285 4673 de
294 4617 389 4674 libello
414 4618 502 4689 ipsius
527 4617 629 4673 0donis
645 4624 741 4672 eontra
756 4615 930 4684 objectiones
979 4618 1119 4675 inordina
1145 4631 1207 4683 sno,
1236 4616 1327 4672 donee
1349 4614 1377 4668 in
1397 4612 1558 4685 provinciali
1586 4615 1694 4683 synodo
1712 4616 1780 4687 quid

121 4712 290 4781 Graecorum,
316 4711 443 4783 qnaedam
461 4726 491 4767 se
506 4711 534 4766 in
550 4725 585 4767 eo
598 4724 821 4767 commemorans
836 4707 925 4764 adno·
977 4710 1078 4766 exinde
1087 4708 1239 4764 tenendum
1253 4706 1289 4762 sit
1303 4705 1467 4772 inveniatur,
1483 4703 1556 4776 quod
1570 4719 1623 4759 neo
1637 4704 1785 4774 preceptis

121 4814 203 4875 tasse,
219 4822 284 4880 quae
296 4809 469 4864 retractanda
483 4813 511 4863 et
528 4805 693 4882 corrigenda
706 4803 820 4870 torent;
846 4803 926 4872 item,
976 4799 1144 4874 evangelicis
1157 4798 1334 4864 eontrarium,
1354 4811 1407 4852 nec
1424 4794 1544 4851 decretis
1569 4801 1725 4850 sanctorum
1741 4811 1784 4851 re-

123 4896 510 4970 vroordinationelledenulti
523 4894 926 4964 secundumjusaionemtoan-
978 4897 1099 4969 periatur
1108 4894 1270 4950 adversum:
1287 4893 1364 4959 item,
1383 4890 1532 4967 gratiarnm
1550 4888 1673 4944 reterens
1692 4889 1782 4944 actio·
1878 4919 1881 4924 >

123 4996 162 5051 nis
175 4993 306 5067 papoead
325 4993 485 5065 episcopum
502 4991 713 5048 baudunensem
743 4988 789 5043 diu
817 4997 928 5060 pastore
978 5005 1029 5045 nes
1039 5002 1088 5059 pro
1101 4984 1248 5042 beneficiis
1262 5000 1338 5056 saepe
1352 4982 1407 5039 sibi
1420 4981 1455 5037 ab
1470 4997 1504 5038 eo
1515 4980 1660 5051 impensis,
1684 4986 1783 5051 petens

122 5096 291 5153 meantem3
316 5086 382 5142 item
407 5100 456 5156 pro
482 5085 591 5141 ratione
619 5083 691 5138 lunae
715 5080 874 5153 paschalis,
900 5088 928 5135 et
978 5088 1009 5136 ut
1033 5079 1153 5151 requirat
1170 5092 1327 5134 sennonem
1357 5074 1444 5131 saneti
1464 5072 1607 5146 Augustini
1638 5072 1676 5126 lle
1703 5072 1781 5143 lapsu

122 5178 239 5238 lectione
253 5195 336 5251 qnam
364 5177 517 5234 hdalardus
542 5177 630 5232 abbas
661 5174 726 5232 inde
749 5173 925 5245 composuit;
976 5169 1105 5227 monachi
1115 5174 1143 5223 et
1152 5167 1253 5232 viduae,
1269 5181 1303 5221 ae
1312 5163 1368 5220 sibi
1377 5164 1413 5219 ad
1427 5159 1668 5219 transcribendum
1680 5160 1780 5227 mittat,

121 5268 184 5327 item
200 5283 255 5343 pro
267 5249 363 5324 eadem
379 5284 419 5334 re,
433 5267 537 5342 gratias
557 5281 645 5342 agens
659 5266 715 5321 lleo
726 5279 776 5334 pro
789 5263 926 5319 sollicitu·
975 5260 1019 5316 vel
1034 5255 1178 5313 transcribi
1192 5253 1284 5320 faciat,
1303 5258 1332 5308 et
1353 5250 1388 5307 ad
1403 5247 1555 5321 proximam
1571 5246 1707 5320 synodum
1727 5247 1782 5302 sibi

120 5356 181 5415 dine
200 5356 294 5430 ipsius
314 5357 499 5428 edoctaque
521 5354 806 5426 studuitinvestigare
830 5350 926 5423 mysti·
977 5344 1080 5402 offerat.
1100 5345 1306 5418 Expositionem
1327 5357 1439 5416 quoque
1463 5338 1544 5394 Bedae
1577 5340 1605 5394 in
1625 5338 1781 5395 Proverbiis

118 5461 173 5503 carn
186 5447 327 5519 paschalis
341 5445 524 5502 solemnitatis
536 5442 805 5509 observationem,et
815 5449 925 5506 cetera
976 5439 1131 5495 Salomonis
1143 5440 1178 5496 ad
1192 5439 1320 5495 eamdem
1335 5435 1471 5507 synodum
1487 5433 1541 5490 sibi
1555 5431 1656 5488 deferri
1671 5437 1777 5501 petens.

120 5533 194 5603 item,
211 5552 264 5608 pro
285 5536 386 5591 itinere
405 5534 505 5591 suoad
532 5532 679 5589 concilium
696 5546 774 5602 papae
800 5526 926 5595 loannis,
978 5526 1178 5581 latimatetiam
1205 5525 1280 5598 quod
1299 5539 1371 5596 μεμε
1394 5523 1534 5580 Romanus
1549 5518 1648 5575 llarolo
1669 5515 1737 5612 regi,
1753 5519 1781 5567 et

120 5625 189 5680 atad
204 5624 235 5679 id
250 5624 310 5696 ipse
325 5637 436 5696 quoque
456 5622 553 5678 venire
568 5620 704 5685 lestinet3
720 5619 797 5686 item,
822 5619 857 5673 de
886 5617 927 5671 in·
977 5613 1219 5685 episeopisipsius
1235 5610 1448 5686 regniquaedam
1466 5608 1595 5664 mandata
1620 5605 1728 5667 direxit,
1745 5601 1780 5654 de
