3840 6106
160 281 195 338 27
713 283 897 341 lloootaot
917 283 1071 341 canolltcl
1090 284 1254 340 llEllllllSlS
1782 278 1819 335 28

160 421 225 460 num
241 406 418 467 Sennacium.
434 405 579 477 epistolam
594 405 705 480 adelagi
720 405 754 461 ad
770 406 963 473 Flodeardum,
976 412 1001 479 Α
1015 406 1064 473 Qut
1078 413 1106 461 ct
1120 406 1143 461 si
1158 405 1294 476 usquead
1310 403 1569 477 quinquagesimum
1586 408 1713 472 quartum
1728 400 1820 454 arciri·

159 502 187 548 ct
200 494 333 548 nonnulla
343 494 396 548 alia
411 494 445 547 dc
458 510 553 549 eorum
563 494 721 550 testimonia
741 495 816 549 invit
831 502 965 565 praeterea

160 585 301 656 catalogus
314 585 347 639 ad
362 586 466 641 calcem
479 586 650 657 exemplaris
666 586 791 642 ccclesiae
802 587 965 657 metropoli·

161 684 231 731 tanae
256 676 283 730 n.
310 677 400 732 liarlae
429 677 571 732 llemensis
591 678 700 733 diversa
716 695 797 733 manu
814 678 960 749 ascriptus.

1015 497 1177 567 episcopum
1186 510 1242 550 non
1255 494 1356 548 habeat
1368 492 1421 546 nisi
1432 493 1505 546 nuda
1518 491 1640 556 rrorrrina,
1655 491 1683 544 in
1697 506 1820 561 sasqucn-

1014 587 1089 642 tibus
1104 594 1147 641 est
1160 585 1309 656 copiosior.

631 993 981 1085 PROLOGUS
1020 993 1358 1084 AUCTORIS

838 1179 878 1219 AD
901 1177 930 1218 R.
954 1177 1135 1222 urlscol’ont.

890 1323 1072 1334 —-

197 1423 312 1479 llonrino
327 1426 491 1490 artneralsili,
507 1427 575 1480 etin
601 1426 700 1482 Christi
715 1429 850 1483 clrarrtalc
864 1429 962 1485 admo-

1016 1430 1120 1486 nimum
1131 1431 1158 1485 in
1173 1432 1345 1487 correctione
1360 1446 1485 1485 meorum
1500 1440 1588 1484 terere
1596 1445 1688 1484 nroras
1703 1444 1823 1499 opuscu-

160 1517 224 1569 ‹lum
241 1516 519 1591 diligibili‚praeclaro
536 1520 644 1589 praesuli
658 1521 688 1574 ll.
702 1520 887 1586 l'noooaanos,
900 1529 964 1577 tan·
978 1521 1114 1604 Blomm
1132 1537 1194 1575 com
1210 1530 1332 1575 aeterum
1349 1520 1473 1574 nonnulli
1503 1520 1668 1588 scriptorum
1689 1519 1777 1588 manis
1792 1519 1820 1572 in

161 1612 194 1657 ta*
208 1603 389 1679 benignitatis
409 1605 536 1675 lamnloS,
559 1624 655 1663 omnes
670 1621 825 1664 sanctarum
835 1611 966 1667 virtutum

161 1691 189 1746 in
204 1692 311 1748 Christo
326 1696 467 1767 goudium.

197 1781 377 1839 creberrimis
410 1785 630 1841 admonitionum
666 1797 817 1843 uestrarum
845 1790 966 1844 stimulis

165 1869 324 1944 instigatus,
341 1872 467 1929 discusso
482 1875 593 1929 tandem
609 1876 724 1931 ‹testuiae
740 1877 899 1951 pigritantis
910 1886 966 1933 tor-

164 1963 967 2039 porcabjcclisqnediuersarumcurarumoccupationibus

164 2054 258 2127 relego
272 2056 404 2111 ferventis
419 2059 502 2112 studii
524 2059 607 2112 rostri
635 2060 753 2115 solertiae
769 2059 965 2131 quadrilidum,

163 2144 247 2197 nostri
261 2143 363 2199 laboris
381 2161 451 2215 opus
474 2147 660 2219 undecunque
675 2149 831 2211 collectum,
847 2159 875 2203 et
889 2150 967 2220 capi-

164 2237 281 2303 tulatim,
297 2245 378 2308 prout
390 2238 489 2306 jubere
503 2240 608 2311 dignati
622 2240 699 2306 estis,
727 2240 903 2311 dispositum,
918 2257 968 2297 ne-

162 2340 227 2385 strae
241 2331 347 2387 scilicet
363 2331 490 2388 Ecclesiae
506 2332 649 2387 Remeusis
665 2332 838 2388 historiarum
855 2333 965 2389 librum.

163 2423 237 2478 llaud
255 2424 347 2478 mirari
362 2425 403 2479 vel
420 2441 539 2496 cumque
553 2424 827 2495 potenssanctilalcur
841 2424 968 2480 culminis

162 2517 345 2589 restrisuper
372 2517 421 2572 lrac
449 2518 681 2572 rememoratione
708 2516 836 2587 obsequii
865 2517 964 2580 nostri,

162 2612 259 2674 utpote
274 2606 392 2660 diversis
411 2605 644 2676 occupationibus
669 2604 826 2676 praepediti,
855 2605 965 2659 hiemali

162 2711 274 2767 quoque
285 2697 408 2769 glacialis
421 2697 484 2771 gelu
501 2697 600 2771 rigoris
610 2696 968 2763 obstricti,clraranatorum

166 2786 280 2857 insuper
299 2787 604 2861 indigentiaeoarctati.
627 2789 720 2859 Neque
734 2789 845 2853 mirum,
862 2805 906 2844 me
918 2789 968 2843 rni-

1016 1610 1209 1665 retractatione
1226 1625 1351 1680 snorum,
1381 1625 1463 1680 quarn
1487 1608 1667 1663 meditatione
1684 1608 1822 1663 demorati

1017 1701 1283 1757 lerantnrliborum.
1300 1701 1354 1755 Sed
1381 1717 1433 1756 nec
1456 1701 1546 1756 adlruc
1571 1716 1668 1756 enarres
1694 1701 1727 1755 ad
1757 1717 1821 1771 pcr-

1016 1794 1118 1849 lectum
1138 1809 1181 1848 me
1208 1802 1274 1865 poto
1302 1792 1460 1848 eliminasse
1487 1793 1626 1855 mendas;
1656 1801 1681 1846 ot
1708 1793 1731 1846 si
1760 1809 1822 1863 quac

1017 1886 1192 1956 reperientur
1206 1885 1351 1957 scriptoris
1364 1885 1434 1941 sorte
1456 1885 1533 1951 sitia,
1564 1885 1707 1938 industriae
1727 1893 1825 1939 restrae

1018 1985 1149 2048 poterunt
1171 1977 1319 2049 expurgari
1331 1977 1450 2050 sagacia.
1475 1977 1533 2031 Non
1549 1976 1623 2031 enim
1648 1993 1692 2030 me
1711 1977 1748 2030 ila
1762 1993 1826 2046 pcr-

1018 2065 1119 2121 lcctum
1136 2081 1199 2121 reor
1213 2066 1247 2120 ad
1259 2082 1380 2139 unguem
1390 2065 1448 2120 lore
1460 2073 1702 2136 perscrutatorem,
1715 2073 1744 2121 nt
1755 2064 1827 2119 l'erre

1018 2158 1104 2214 nolim
1120 2162 1142 2212 si
1158 2175 1239 2230 quem
1253 2158 1494 2230 diligentioremin
1510 2156 1688 2212 eliminandis
1698 2157 1826 2210 vitiisin-

1017 2264 1120 2305 renero
1148 2257 1344 2305 correctorem.
1374 2249 1460 2322 lgitur
1474 2249 1539 2320 quia
1558 2248 1711 2303 sanctitatis
1727 2257 1826 2303 restrae

1017 2337 1091 2394 circa
1114 2339 1266 2394 tantitatem
1291 2344 1384 2393 nostra
1408 2336 1520 2408 profusa
1537 2337 1825 2392 videtureanberasse

1018 2428 1140 2495 dilectio,
1157 2430 1230 2484 ltnnc
1244 2429 1328 2485 studii
1353 2430 1437 2484 nostri
1453 2429 1582 2496 lroctom,
1612 2429 1693 2483 nestri
1708 2430 1824 2503 dignum

1017 2520 1081 2574 (luxi
1099 2521 1240 2575 tutaminis
1251 2521 1379 2595 delegare
1388 2521 1552 2592 patrocinio,
1570 2530 1599 2576 nt
1614 2537 1675 2592 qnae
1701 2530 1825 2576 anostra

1017 2614 1082 2661 sunt
1096 2608 1169 2663 dicta
1184 2609 1212 2662 in
1228 2609 1352 2664 tenebris
1373 2609 1538 2674 humilitate,
1555 2609 1590 2664 ab
1619 2609 1760 2664 industria
1774 2626 1824 2664 re·

1018 2706 1081 2754 strae
1096 2700 1268 2756 sublimitate
1279 2701 1406 2756 dicantur
1416 2702 1444 2755 in
1459 2701 1573 2756 lumine.

164 2975 1821 3002 *Μ

744 3129 945 3218 crona
990 3075 1270 3221 narnus

897 3328 1081 3339 ——-

434 3445 539 3501 CAPUT
553 3447 692 3503 Parnon.

332 3561 370 3613 ilc
389 3561 541 3615 ceraditiorre
566 3563 642 3617 arrhis
665 3565 811 3618 tiernensis.

204 3667 280 3723 Fidei
296 3677 396 3724 nostrae
425 3669 587 3725 fundamina
616 3671 785 3743 proditurus,
812 3690 844 3727 ac
873 3681 974 3731 noslrae

166 3755 262 3810 Patres
281 3757 409 3813 Ecclesiae
437 3767 630 3827 mameranus,
654 3760 787 3816 moeninm
816 3771 973 3819 nostrorum

167 3844 303 3901 locatores
321 3846 364 3902 acl
379 3847 561 3904 instructores
586 3849 753 3921 exquisisse,
782 3867 837 3906 non
866 3853 899 3907 ad
914 3870 971 3908 reru

165 3934 235 3989 arlco
251 3936 389 4005 pertinere
414 3937 564 4003 audebitur,
581 3954 643 3994 com
673 3938 726 4011 ipsi
749 3939 846 3995 salutis
861 3948 972 3997 aeternae

167 4022 206 4076 nil
221 4024 303 4078 nuliis
326 4026 488 4095 contulisse,
512 4027 637 4099 quinimo
664 4028 766 4082 erroris
789 4029 832 4084 sni
856 4031 971 4105 vestigia

166 4110 306 4182 lapidibus
321 4114 459 4186 insculpta
487 4116 633 4186 reliquisse
652 4116 814 4172 doceantur.
845 4119 882 4173 lle
894 4120 972 4175 urbis

162 4189 287 4273 inanique
300 4212 401 4259 nostrae
414 4204 569 4261 fundatore.
583 4223 618 4261 en
634 4206 756 4260 nominis
767 4206 899 4276 inditore,
915 4225 971 4264 non

167 4294 364 4352 omnimodisa
390 4297 472 4352 nobis
498 4298 678 4370 approbanda
704 4298 814 4372 vulgata
843 4307 972 4357 censetor

169 4385 276 4455 opinio,
292 4404 354 4459 qnae
365 4389 479 4445 Remum
492 4391 730 4450 llomnlilratrem.
756 4391 875 4447 ciuitatis
890 4393 972 4462 liujus

169 4473 356 4532 institutorem
368 4480 532 4535 aenominis
552 4481 635 4536 tradit
657 4489 812 4549 auctorem,
825 4497 888 4537 cum
903 4483 972 4539 orbe

169 4566 253 4619 lloma
267 4566 386 4638 geminis
405 4569 577 4635 auctoribus,
596 4570 711 4626 Romulo
727 4570 886 4643 llernoqoc,
901 4570 967 4626 lun-

167 4658 239 4725 data,
256 4658 348 4714 lratris
357 4660 493 4716 militibus
506 4661 618 4716 llernum
630 4662 713 4717 certis
723 4663 892 4735 accipiamus
901 4665 969 4719 scri·

169 4750 305 4816 nitoribus,
320 4751 505 4818 interfectum
517 4768 568 4808 nec
581 4753 657 4808 illum
672 4753 749 4824 prius
759 4771 775 4808 a
786 4753 867 4808 lratre
880 4770 972 4810 reces-

985 3457 1092 3527 Clore.
1121 3474 1272 3530 Intervenit
1298 3476 1399 3532 deinde
1426 3478 1468 3533 liis
1490 3479 1703 3552 cogitationibus
1726 3484 1828 3538 aritrrm

1023 3563 1137 3628 malum,
1155 3565 1233 3638 regni
1245 3567 1357 3637 cupido,
1374 3575 1456 3639 atque
1470 3567 1535 3623 inde
1568 3569 1670 3624 loedum
1687 3582 1828 3627 certamen

1023 3664 1174 3712 coortuma
1191 3659 1257 3713 satis
1274 3660 1332 3714 miti
1349 3662 1495 3732 principio.
1513 3663 1644 3727 Quoniam
1661 3665 1765 3738 gemini
1785 3683 1830 3720 cs-

1023 3757 1095 3814 sent,
1112 3767 1164 3807 nec
1176 3751 1266 3807 aetatis
1280 3755 1448 3808 verecundia
1460 3755 1609 3810 discrimen
1634 3755 1725 3812 lacere
1737 3769 1831 3827 posset

1024 3839 1112 3906 ntuli,
1126 3857 1242 3913 quorum
1259 3843 1352 3897 tutela
1364 3859 1397 3898 ea
1410 3844 1469 3899 loco
1482 3855 1585 3910 csscnt,
1613 3846 1735 3917 auguriis
1750 3848 1827 3919 lege-

1024 3941 1084 3988 rent
1095 3934 1142 4004 qui
1153 3949 1254 3989 nemen
1268 3951 1345 3990 norae
1362 3936 1424 3991 nrbi
1433 3937 1522 4003 daret,
1532 3937 1578 4008 qm
1586 3937 1724 3992 conditam
1738 3938 1828 4008 impe-

1022 4023 1166 4097 deroget,
1197 4024 1349 4079 Palatinum
1374 4025 1516 4091 llomulus,
1546 4027 1825 4081 llomusllvcntinum

1022 4111 1056 4166 ad
1070 4113 1288 4184 inaugurandum
1304 4115 1406 4185 templa
1421 4116 1542 4185 capiunt.
1559 4115 1645 4170 Priori
1662 4115 1747 4171 llerno
1773 4133 1825 4170 an-

1021 4202 1131 4276 gurium
1147 4203 1255 4258 vonisse
1270 4203 1356 4260 l'crtnr
1366 4222 1414 4260 sca
1428 4207 1560 4261 vultures:
1572 4207 1685 4278 jamque
1702 4208 1827 4263 nuntiato

1022 4294 1151 4367 augurio,
1165 4295 1335 4367 cnrnduplcx
1348 4296 1638 4353 nanterusllomulose
1647 4299 1826 4361 ostendisset,

1022 4394 1170 4456 utrumque
1182 4403 1274 4462 regem
1290 4404 1340 4443 soa
1354 4388 1500 4445 multitudo
1516 4390 1735 4445 consalutaverat
1755 4398 1826 4444 torn-

1024 4493 1091 4548 pore
1107 4477 1145 4532 illi
1158 4485 1308 4549 praecepto:
1321 4487 1348 4534 at
1363 4480 1391 4534 hi
1407 4497 1522 4537 numero
1536 4482 1627 4536 crium
1645 4498 1759 4556 regnum
1772 4489 1828 4536 tra-

1023 4570 1136 4627 hebant.
1154 4571 1220 4626 lnrlc
1231 4588 1293 4626 cnm
1303 4572 1628 4648 altercationecongressi
1653 4575 1829 4629 acertaminc

1021 4662 1123 4717 irarum
1138 4662 1172 4715 ad
1187 4662 1290 4718 caedem
1306 4669 1458 4716 vertuntur.
1476 4662 1516 4716 lbi
1531 4663 1559 4716 in
1576 4662 1655 4716 turba
1675 4664 1747 4718 ictus
1776 4663 1829 4717 lle-

1023 4766 1084 4805 mus
1098 4750 1200 4806 cecidit
1225 4751 1367 4821 vulgatior
1381 4760 1472 4805 autern
1486 4751 1558 4804 lama
1572 4758 1623 4817 cst,
1635 4750 1756 4806 ludibrio
1773 4752 1829 4805 lra-

168 4839 249 4904 sime,
265 4840 330 4895 dum
347 4857 401 4896 ono
417 4850 497 4912 partu
513 4841 589 4909 editi,
600 4851 627 4896 et
642 4842 971 4912 interpaslorcseducnti,
984 4830 1010 4897 l)
1023 4839 1073 4894 tris
1088 4839 1202 4894 Remum
1220 4854 1306 4894 noros
1319 4839 1490 4895 transiluisse
1511 4855 1613 4895 rnuros.
1629 4840 1696 4895 lade
1711 4841 1745 4895 ab
1759 4841 1830 4896 irato

168 4934 373 5007 latrociniisque
389 4937 588 5003 dediti,urbem
603 4937 778 4993 constituisse
790 4938 972 5010 reperiuntur;

169 5034 283 5096 ortaque
299 5024 437 5081 simultate
451 5042 483 5081 ae
505 5027 590 5081 Renro
602 5025 685 5081 l'rutre
697 5026 852 5091 interl'cclo,
871 5027 974 5082 civitati

171 5116 303 5173 llotnulus
314 5134 347 5173 ex
358 5119 470 5174 nomine
479 5136 531 5174 sno
543 5135 643 5173 nomen
655 5118 764 5173 dedisse
776 5119 892 5194 legator.
907 5119 973 5173 Nam

171 5187 201 5264 dt
214 5204 267 5264 Titi
283 5208 350 5263 ticli
365 5209 456 5265 verbis
470 5217 580 5265 utamur·
595 5211 702 5280 (decad.
720 5211 741 5276 l,
755 5213 802 5266 tit.
821 5218 840 5275 r)
883 5230 896 5260 a
918 5210 975 5265 llu-

170 5300 262 5358 milori
291 5301 395 5357 Albana
424 5303 613 5373 permissere,
640 5303 785 5357 llonrolnm
801 5302 975 5372 Remumque

169 5392 272 5462 cupido
287 5391 370 5462 cepit,
383 5392 411 5446 in
428 5391 470 5447 nis
484 5392 552 5447 locis
563 5391 611 5446 ubi
620 5391 737 5463 expositi
748 5391 851 5462 ubique
865 5390 975 5445 edocati

169 5488 258 5543 erant,
270 5478 347 5534 urbis
360 5481 522 5548 corruendan,
535 5488 563 5536 ct
575 5488 720 5551 supererat
730 5478 878 5532 multitudo
894 5476 976 5531 lllba-

172 5588 271 5628 norum
287 5571 518 5643 Latinorumqne;
535 5571 569 5625 ad
583 5572 609 5625 id
622 5577 745 5640 pastores
760 5583 869 5640 quoquc
880 5584 975 5624 acces·

169 5672 272 5732 serenat,
288 5664 335 5736 qui
351 5680 449 5720 enarres
462 5663 541 5718 lacilc
556 5678 634 5732 spmn
650 5660 784 5727 lacerent,
804 5676 916 5731 parvum
929 5659 976 5715 lll-

170 5754 245 5823 bam,
256 5772 371 5827 parrum
383 5754 634 5825 lavininmpncea
648 5753 784 5826 urbeqnae
796 5753 974 5817 conderetur,

1026 4932 1140 4988 Romulo
1152 4935 1226 4999 (cnm
1242 4932 1334 4986 verbis
1348 4942 1459 5003 quoquc
1476 4933 1645 5003 increpitans
1656 4933 1804 5001 adjecisset
1822 4948 1829 4983 ε

1024 5023 1070 5077 Sic
1083 5023 1196 5090 deinde,
1213 5023 1374 5095 quicunque
1390 5023 1461 5079 nlius
1481 5024 1619 5078 transiliet
1641 5040 1701 5078 mea
1718 5024 1827 5082 munia⁴

1024 5111 1209 5167 interiectum.
1228 5112 1266 5165 lta
1277 5113 1352 5167 solus
1367 5119 1470 5182 potitus
1484 5112 1602 5184 imperio
1613 5112 1754 5176 llomulus,
1764 5128 1832 5166 con-

1025 5204 1082 5260 dita
1096 5204 1162 5259 urbs
1175 5204 1328 5260 conditoris
1342 5205 1453 5259 nomine
1467 5204 1606 5275 appellata
1633 5225 1646 5252 a
1673 5203 1712 5257 lta
1727 5202 1830 5256 livius.

1026 5296 1201 5352 Prolsabilius
1220 5311 1286 5371 crgo
1297 5295 1498 5366 airlctur‚quod
1515 5311 1531 5347 a
1545 5293 1680 5348 militibus
1697 5293 1772 5348 lierni
1784 5311 1832 5362 pa-

1026 5389 1077 5444 tria
1092 5388 1217 5462 prologis
1230 5388 1296 5443 urbs
1307 5396 1399 5443 nostra
1408 5385 1528 5442 condita.
1541 5385 1583 5439 rel
1602 5385 1747 5440 llernorum
1763 5400 1833 5455 geras

1025 5477 1150 5532 instituta
1161 5483 1281 5548 potatur,
1298 5492 1359 5531 cum
1383 5485 1411 5529 et
1424 5474 1527 5528 munnio
1552 5473 1683 5529 llomanis
1697 5471 1832 5541 auspiciis

1028 5569 1170 5643 insignita,
1185 5579 1212 5623 ct
1234 5567 1337 5624 editior
1352 5577 1429 5638 porta
1452 5566 1543 5621 llarlis
1570 5568 1697 5621 ltonramc
1725 5563 1831 5633 stirpis

1025 5668 1150 5719 veteram
1166 5660 1311 5732 opinione,
1327 5660 1519 5733 propagatoris
1531 5676 1563 5714 ex
1576 5657 1689 5712 rrornine
1702 5655 1832 5714 vocitata.

1027 5749 1147 5820 priscum
1163 5749 1197 5804 ud
1213 5750 1272 5805 lraec
1284 5765 1396 5821 (quoquc
1410 5758 1502 5805 nostra
1528 5761 1682 5820 cognomen
1706 5758 1832 5799 reserva·
