3840 6106
138 214 190 271 107
687 208 870 266 htobotttnt
909 208 1061 264 cahohtct
1080 208 1254 269 REMENSlS.
1749 221 1802 279 108

137 345 250 418 legavit,
266 351 294 400 et
304 343 426 399 basilicae
441 349 542 399 sanotae
557 338 704 397 Genovefae
718 338 823 394 ibidem
838 337 943 394 consti·
955 338 1019 408 Ain
1029 338 1120 396 sinum
1135 341 1259 398 sedentis
1277 343 1416 400 reclinans
1440 345 1587 411 Berecarii,
1616 348 1800 416 obdormivit.

138 441 204 490 tutae
218 434 310 491 villam
321 431 436 502 Appiam
448 431 593 500 (tenitlope
608 432 734 500 d'llppch
749 445 812 484 cum
827 429 903 484 omni
913 446 943 485 re
993 430 1118 485 etvisum
1129 432 1209 498 vidit,
1231 432 1337 489 scilicet
1365 434 1523 492 columbam
1551 437 1642 494 locum
1657 440 1734 495 silvae
1745 440 1803 496 cir·

137 526 221 583 adse
241 527 396 598 pertinente
417 527 525 584 tribuit.
550 527 656 584 Turrim
685 541 796 600 qunque
819 539 942 590 auream,
993 523 1145 590 cumire,et
1158 523 1186 578 in
1198 523 1259 599 lage
1275 525 1394 597 quadam
1414 534 1477 596 post
1496 526 1567 583 hanc
1579 528 1803 588 circumitionem

138 632 220 687 quam
236 617 270 671 ad
284 626 378 673 votnm
394 633 474 673 suum
489 617 618 674 fabricari
634 617 748 683 lecerat,
760 628 845 687 super
858 611 943 667 altare
994 616 1152 683 resedisse;
1173 618 1258 691 idque
1275 620 1357 675 tertio
1387 621 1543 678 columbam
1570 622 1647 680 videt
1674 624 1803 680 eamdem

137 709 230 779 posuit
244 710 271 764 S.
287 711 378 766 ldarite
387 710 673 772 Remensisecclesiae.
686 712 944 780 atpatenastres,ac
993 704 1093 779 egisse,
1121 714 1234 778 tumque
1258 708 1343 764 coelcs
1362 709 1465 779 petisse
1487 710 1533 781 (5).
1550 713 1636 778 Quam
1651 711 1802 781 visionem,

138 795 277 855 brachiale
285 799 575 856 aureum.Fuitautem
583 796 714 873 Sigiberti
722 797 796 872 regis
805 804 940 868 tempore.
993 795 1134 867 sicutipse
1147 795 1175 849 in
1189 797 1305 865 somnis,
1320 798 1366 866 ita
1383 799 1532 871 praedictus
1550 816 1662 873 quoque
1685 803 1804 860 Bereca-

451 889 556 947 capot
569 891 625 945 vlt.
993 888 1050 944 rius
1059 889 1178 964 vigilans
1190 888 1275 946 fertur
1289 892 1439 963 accepisse.
1463 894 1521 960 Quo
1534 894 1594 951 viso
1616 904 1801 969 compunctus

395 984 433 1037 lle
446 980 682 1039 soactoNiaerdo.
994 981 1067 1037 idem
1093 983 1177 1056 coepit
1199 984 1286 1041 abbas
1309 985 1426 1043 tundere
1448 987 1591 1061 lacrymas.
1617 989 1802 1063 lixperreetus

172 1070 237 1126 Post
256 1069 424 1142 praemissos,
449 1071 483 1126 ad
504 1070 664 1143 episcopale
693 1069 812 1126 culmen?
831 1067 944 1142 eligitur
993 1079 1083 1128 autem
1094 1073 1193 1131 beatus
1207 1077 1307 1147 praesul
1322 1092 1338 1130 a
1353 1093 1461 1143 somno,
1480 1092 1513 1131 ex
1527 1077 1655 1150 lacrymis
1670 1080 1733 1149 eius
1747 1080 1801 1136 sibi

137 1162 236 1218 beatus
250 1162 328 1230 Nive,
343 1163 389 1236 qui
405 1170 432 1219 et
447 1163 581 1219 Nivardus
597 1181 604 1229 ;
622 1171 740 1235 utroque
764 1176 883 1233 namque
898 1176 943 1215 re·
993 1159 1091 1216 taciem
1102 1163 1204 1233 reperit
1227 1163 1308 1218 udam
1331 1173 1378 1227 ;et
1403 1165 1578 1236 interrogans
1591 1182 1653 1238 quae
1669 1167 1709 1223 illi
1720 1184 1803 1223 causa

137 1255 243 1326 peritur
263 1256 397 1312 vocitatus
421 1258 548 1313 nomine.
565 1255 613 1311 llic
629 1254 706 1326 prius
727 1255 755 1308 in
771 1254 833 1309 aula
857 1253 941 1327 regis,
993 1250 1074 1308 ssatus
1086 1253 1225 1322 existeret,
1239 1254 1341 1325 accipit
1355 1271 1418 1333 eum
1439 1262 1551 1328 propter
1572 1257 1614 1312 sui
1632 1257 1740 1313 ruinam
1755 1257 1804 1314 tle-

137 1351 234 1415 utpete
250 1345 293 1400 vir
315 1344 529 1412 illustrissimus,
556 1343 674 1400 traditur
697 1351 883 1400 conversatus.
911 1342 941 1396 lu
992 1343 1064 1399 visse
1080 1345 1183 1416 operis.
1200 1346 1377 1420 invicemque
1389 1346 1442 1402 sibi
1458 1346 1517 1402 visa
1528 1347 1723 1418 referentibus,
1746 1357 1803 1405 tra·

137 1437 297 1508 episcopatu
311 1454 378 1493 vero
393 1438 512 1509 positus,
524 1437 625 1508 emptis
633 1453 683 1508 per
699 1436 808 1492 diversa
820 1428 942 1491 locatam
993 1432 1068 1487 ditur
1082 1433 1206 1504 pontifex
1222 1435 1280 1491 haec
1293 1436 1377 1491 etiam
1394 1436 1503 1491 cuidam
1521 1436 1566 1491 liei
1582 1453 1674 1504 servo,
1689 1437 1802 1495 nomine

136 1528 240 1596 lundis,
256 1546 338 1602 qnam
354 1530 496 1601 domibus,
520 1545 630 1585 necnon
650 1528 798 1600 mancipiis
812 1528 942 1584 dilatasse
992 1521 1105 1590 Banovi,
1121 1523 1200 1591 cuius
1213 1531 1272 1579 erat
1282 1524 1343 1596 ipsa
1357 1525 1507 1596 possessio,
1522 1526 1580 1581 visa
1596 1542 1734 1584 narrasse.
1750 1527 1800 1593 Qui

136 1639 180 1678 res
205 1623 346 1679 invenitur
371 1623 506 1680 ecclesian.
534 1622 674 1695 Disposuit
698 1622 781 1678 etiam
804 1619 942 1677 nonnulas
992 1614 1143 1670 oratorium
1157 1615 1187 1670 in
1205 1616 1310 1671 honore
1334 1625 1434 1672 sancite
1450 1617 1539 1672 crucis
1554 1617 1611 1673 illic
1627 1618 1746 1685 habens,
1761 1619 1799 1673 ibi

135 1711 270 1768 ordinatis
287 1711 494 1768 coloniisvillas
509 1710 664 1782 episcopii:
682 1711 814 1784 quasdam
828 1725 941 1784 quoque
992 1706 1215 1764 conversabatur.
1233 1707 1283 1772 Qui
1300 1708 1382 1764 etiam
1407 1717 1553 1782 postquam
1572 1710 1709 1766 visionem
1731 1728 1800 1782 prae-

136 1818 180 1857 res
194 1809 378 1858 commutasse
402 1802 541 1873 reperitur
566 1816 628 1856 cum
652 1800 734 1856 dttila
764 1798 940 1856 laudunensi
990 1799 1067 1862 salis,
1085 1807 1112 1855 et
1126 1801 1499 1875 ejusagnovitvoluntatem,
1508 1801 1609 1858 obtulit
1621 1802 1662 1857 illi
1674 1803 1800 1859 eamdem

137 1892 264 1963 praesule,
280 1906 329 1963 pro
340 1891 485 1963 utriusque
500 1889 587 1961 partis
620 1889 840 1961 opportunitate.
861 1888 942 1944 Com·
992 1893 1196 1962 possessionem
1210 1900 1411 1965 suem,partem
1426 1909 1537 1966 quoque
1551 1896 1741 1967 possessionis
1755 1912 1804 1952 cu·

138 1985 253 2040 mutavit
266 1984 377 2039 etiams
405 1984 514 2039 Bavouc
538 1989 566 2037 et
587 1981 942 2037 Theoderamnoiratribus
989 1981 1099 2050 jusdam
1113 1982 1205 2039 fratris
1231 1984 1284 2052 sui,
1314 1985 1426 2041 nomine
1455 1984 1572 2040 Baldini.
1603 1986 1724 2042 atterius
1738 2003 1801 2044 vero

135 2077 225 2133 locum
239 2077 386 2148 quemdam
410 2091 494 2146 super
522 2074 636 2130 lluvium
651 2073 800 2130 blaternam
815 2072 943 2129 derebus
992 2073 1095 2143 fratris,
1105 2075 1306 2130 l'heoderamni
1321 2077 1443 2140 nomine,
1469 2092 1580 2132 cansam
1607 2078 1713 2146 retulit,
1729 2079 1801 2150 quod

137 2167 281 2224 hemensis
315 2165 449 2231 ecclesiae,
474 2163 522 2218 ubi
551 2161 705 2219 construxit
733 2161 939 2229 monasterium,
992 2174 1066 2221 esset
1091 2167 1240 2223 scilicetin
1266 2167 1387 2224 factione
1408 2178 1504 2225 contra
1529 2169 1643 2225 lleolum
1659 2171 1800 2237 comitem,

135 2259 209 2332 quod
238 2257 339 2314 dicitur
372 2255 560 2312 altumvillare
590 2255 800 2324 (hautvilliers),
829 2262 941 2326 petente
992 2254 1039 2325 qui
1050 2255 1193 2311 Remensis
1209 2264 1270 2327 post
1284 2257 1390 2314 exstitit
1405 2257 1563 2331 episcopus,
1580 2274 1630 2329 pro
1653 2256 1721 2315 liliis
1731 2260 1799 2330 ejus,

135 2351 279 2407 berecario
293 2349 405 2417 abbate,
422 2348 468 2420 qui
481 2347 557 2402 abeo
568 2347 785 2418 petieratlocum
809 2346 940 2418 sibidari,
992 2362 1062 2418 ques
1086 2348 1226 2403 occiderat
1255 2348 1283 2403 in
1301 2349 1406 2405 ultione
1434 2349 1554 2406 filiorum
1583 2365 1710 2419 suorum,
1731 2366 1799 2425 quos

133 2438 182 2495 ubi
198 2455 260 2496 eum
275 2437 406 2494 iratribus
421 2437 642 2506 suismonachis,
654 2436 706 2492 sub
723 2437 818 2509 regula
830 2436 940 2491 Patrum
991 2438 1093 2494 lieolus
1120 2455 1168 2511 pro
1195 2439 1340 2496 latrocinio
1355 2441 1429 2513 quod
1443 2441 1620 2506 exercebant,
1646 2443 1798 2514 suspendio

132 2530 222 2586 sancti
238 2530 382 2585 Benedicti
399 2536 427 2585 et
439 2529 526 2584 sancti
541 2529 716 2596 columbani,
730 2529 823 2584 vivere
834 2532 939 2599 pesach
992 2537 1137 2583 necaverat
1160 2529 1235 2584 Unde
1248 2529 1378 2586 dominus
1395 2531 1531 2587 Nivardus
1545 2548 1609 2587 eum
1623 2547 1686 2588 cum
1701 2532 1795 2599 lieolo,

133 2621 207 2693 quod
223 2628 251 2675 et
261 2620 334 2675 idem
345 2618 445 2691 praesul
457 2617 548 2673 lacere
557 2617 674 2685 studuit,
684 2623 715 2673 ut
729 2617 800 2672 inira
810 2616 940 2673 contine·
990 2616 1037 2688 qui
1052 2624 1164 2689 neptem
1179 2633 1256 2672 suam
1272 2617 1356 2674 tiliam
1378 2619 1523 2676 childerici
1537 2621 1657 2677 habebat
1673 2638 1798 2691 uxorem,

132 2720 187 2768 tur.
204 2712 258 2767 Sed
273 2718 300 2768 et
315 2727 378 2767 cum
406 2711 468 2766 aliis
495 2709 661 2783 quibusdam
688 2710 825 2782 personis,
858 2715 939 2782 prout
990 2703 1163 2775 pacificavit;
1179 2714 1207 2760 et
1234 2707 1275 2762 sic
1302 2707 1362 2778 ipse
1381 2708 1607 2766 Theoderamnus
1630 2711 1714 2767 simul
1736 2729 1799 2768 cum

132 2815 284 2873 congruum
296 2790 384 2855 vi'sum
400 2799 462 2864 luit,
477 2816 521 2855 res
536 2799 669 2872 quasdam
685 2799 874 2855 commutavit.
886 2799 938 2854 lle·
990 2793 1097 2850 caeteris
1113 2792 1244 2850 fratribus
1267 2796 1325 2852 suis
1335 2798 1460 2853 eamdem
1484 2799 1691 2869 possessionem
1705 2809 1798 2859 sancto

132 2889 173 2945 dit
200 2905 323 2963 quoque,
345 2889 397 2944 sub
418 2888 481 2959 jure
508 2888 658 2965 privilegii,
685 2889 720 2944 ad
739 2889 937 2945 monasterium
989 2888 1343 2957 Nivardo,commutatione
1358 2892 1392 2947 ab
1409 2908 1442 2948 eo
1458 2903 1577 2965 sumpta,
1594 2894 1721 2951 tradidit.
1738 2896 1796 2951 llox

131 2980 219 3037 sancti
235 2979 336 3048 Basoli,
357 2978 504 3035 ecclesiam
518 2978 547 3033 iu
560 2978 695 3036 Viriziaco
711 2978 740 3034 in
756 2979 861 3036 honore
874 2996 939 3036 san·
990 2981 1064 3038 idem
1079 2983 1180 3054 praesul
1194 2983 1301 3039 succidi
1311 2984 1408 3040 silvam
1415 2984 1529 3055 jubens.
1546 2986 1574 3041 iu
1588 2987 1697 3043 honore
1711 2989 1796 3045 sancti

131 3078 181 3126 ctae
207 3069 297 3124 llariae
324 3077 521 3136 constructam,
549 3084 615 3125 cum
640 3067 771 3126 omnibus
790 3070 824 3125 ad
850 3070 937 3142 ipsam
953 3031 1061 3126 Cl’etri
1087 3080 1115 3127 et
1138 3071 1263 3128 omnium
1278 3072 1466 3145 apostolorum
1483 3074 1523 3129 ibi
1536 3075 1690 3132 construxit
1705 3077 1795 3133 eccle·

130 3162 346 3236 pertinentibus,
360 3161 498 3235 simulque
522 3162 652 3218 locellum
665 3162 714 3234 qui
730 3162 887 3219 Wasciacus
895 3163 938 3218 di·
988 3159 1068 3227 siam,
1089 3168 1117 3215 et
1132 3161 1179 3216 nbi
1197 3161 1333 3217 resedisse
1349 3163 1505 3218 columbam
1520 3163 1638 3233 viderat,
1654 3166 1742 3222 altare
1754 3166 1796 3221 in-

129 3255 209 3310 citur.
221 3252 424 3308 lmmuuitatem
439 3265 550 3324 queque
565 3249 634 3321 ipsis
648 3252 804 3320 monachis,
820 3253 872 3307 sub
886 3252 938 3306 l‘e-
988 3253 1087 3321 stituit,
1103 3255 1284 3327 collectisque
1299 3256 1386 3311 servis
1401 3257 1449 3311 liei
1467 3257 1667 3313 monasterium
1680 3259 1795 3314 ordina·

129 3355 209 3403 trono
231 3345 333 3401 abbate
352 3343 458 3399 ibidem
474 3343 529 3399 lieo
553 3343 744 3399 servientibus
759 3344 889 3412 institnit,
906 3353 937 3400 ut
988 3341 1035 3398 vit.
1054 3342 1105 3397 Ubi
1133 3343 1216 3398 etiam
1238 3343 1367 3414 praelatus
1391 3344 1618 3404 Theoderamuus
1642 3350 1796 3405 monachus

128 3434 221 3491 nullus
236 3433 490 3491 ecclesiasticorum
502 3432 629 3502 judicum
650 3448 699 3488 eos
710 3432 835 3489 indebite
846 3435 874 3488 in
885 3433 937 3489 ali·
987 3434 1115 3492 eflicitur.
1130 3436 1184 3490 Sed
1200 3445 1227 3491 et
1241 3437 1342 3493 lleolus
1357 3437 1445 3495 lilium
1460 3457 1541 3496 suum
1557 3441 1672 3498 nominc
1687 3443 1794 3501 Gedeo-

127 3545 182 3601 quo
197 3527 355 3600 inquietare
380 3532 570 3604 praesumeret,
588 3525 637 3581 sed
661 3524 701 3580 eis
727 3525 822 3598 quieto
837 3525 937 3582 ordine
988 3524 1109 3590 nem,de
1120 3532 1204 3595 nepte
1216 3527 1303 3581 sancti
1327 3527 1437 3582 Nivardi
1453 3539 1624 3602 susceptum,
1645 3531 1686 3586 ihi
1699 3547 1797 3588 meua-

128 3620 180 3676 sub
195 3627 293 3676 sancta
316 3618 411 3693 regula
431 3617 535 3682 vivere,
562 3633 594 3673 ac
619 3616 675 3673 Dec
702 3617 806 3673 servire
827 3617 934 3674 liceret.
987 3617 1069 3671 chum
1081 3615 1140 3671 steri
1152 3618 1639 3692 petiitetrerumsuarumpartemad
1652 3622 1728 3680 idem
1738 3640 1797 3680 mo·

127 3711 299 3782 Praeceptum
325 3708 408 3764 etiam
431 3707 613 3765 immunitatis
645 3723 661 3762 a
678 3705 853 3763 childeberto
872 3722 936 3782 rege
987 3706 1319 3765 hasteriumcondonavit.
1338 3711 1438 3766 Beatus
1452 3718 1546 3767 autem
1561 3712 1707 3783 Nivardus,
1723 3728 1793 3770 cou-

127 3803 380 3874 (Ghildebertttsllll
396 3817 481 3872 super
493 3800 610 3856 teloneis
620 3809 648 3856 et
667 3799 834 3872 quibusdam
846 3799 937 3857 tribu·
986 3793 1083 3850 stitute
1111 3797 1289 3864 monasterio,
1324 3798 1462 3872 quidquid
1492 3801 1700 3870 possessionum
1730 3808 1793 3858 ante

126 3896 171 3965 tis,
184 3894 310 3953 ecclesiae
327 3894 455 3951 ilamensi
475 3893 606 3950 obtinuit.
623 3892 671 3949 Cui
696 3892 852 3950 ludovicus
864 3910 934 3966 quo·
986 3887 1176 3958 episwpalum
1209 3887 1298 3945 fuerat
1329 3889 1406 3946 visus
1420 3892 1524 3949 habere
1539 3893 1573 3949 ad
1596 3893 1687 3963 ipsum
1704 3893 1793 3950 locum

125 4001 180 4058 que
194 4001 252 4052 rex,
266 3985 318 4041 sub
333 3983 457 4039 ecclesiae
475 3998 531 4037 suae
548 3982 671 4049 nonrine,
690 3997 734 4036 res
754 3982 887 4054 quasdam
904 3982 932 4037 in
985 3975 1108 4044 tradidit,
1122 3983 1149 4031 et
1164 3978 1322 4035 exhortatus
1335 3979 1446 4036 beatum
1464 3981 1589 4050 lteolum,
1605 3980 1752 4057 religionis
1767 3982 1791 4038 ei

124 4071 248 4127 ldalliaco
272 4084 357 4142 super
378 4068 492 4124 lluvium
516 4069 654 4135 vidulam,
683 4085 752 4141 quas
764 4068 931 4141 quibusdam
983 4069 1219 4127 suasitassumere
1242 4072 1377 4128 habitum.
1404 4073 1582 4150 Privilegium
1599 4089 1726 4148 quoque,
1743 4090 1792 4147 po·

125 4160 288 4218 infidelibus
302 4161 361 4216 suis
387 4160 485 4231 ejectis
513 4165 666 4230 receperat,
687 4160 859 4215 auctoritatis
876 4176 932 4216 suae
982 4166 1077 4214 scente
1109 4158 1222 4230 praelato
1242 4160 1342 4216 abbate
1377 4163 1531 4229 berecario,
1555 4161 1646 4219 eidem
1676 4161 1794 4222 contulit

124 4252 423 4327 praeceptoconcessit.
453 4250 539 4321 llujus
564 4250 647 4307 etiam
676 4257 800 4323 tempore
820 4250 934 4307 tradidit
982 4251 1791 4326 monasterio:utscilicetipsepraesulidemmonasterium

124 4345 298 4405 Grimoaldus
312 4345 355 4400 vir
378 4343 495 4399 illustris
518 4349 614 4399 sancto
639 4342 766 4414 Remigio
775 4342 853 4398 villas
867 4359 931 4399 suas
942 4351 971 4421 D
984 4338 1011 4392 in
1026 4340 1069 4394 sui
1082 4340 1791 4413 jurisdominationedumadvivereh0⁰1182rt8r0b

123 4435 318 4493 calmiciacum
329 4442 357 4490 et
368 4433 552 4490 victuriacum
562 4433 668 4502 (Mella,
686 4434 795 4503 Vaeste),
809 4448 859 4504 pro
870 4434 931 4490 ani·
983 4439 1010 4486 et
1025 4439 1055 4486 ut
1067 4438 1218 4503 postsuum
1229 4433 1373 4490 decessum
1387 4435 1531 4491 hamensis
1541 4435 1790 4511 episcopusipsum

123 4544 175 4584 mae
188 4527 388 4585 suaeremedio.
980 4523 1139 4580 coenobium
1152 4525 1300 4600 gubernet,
1328 4535 1357 4584 et
1386 4529 1499 4585 eosdem
1520 4529 1671 4585 monachos
1696 4538 1792 4587 contra

158 4620 208 4676 llic
220 4619 319 4676 beatus
338 4619 481 4683 Nivardus,
512 4618 577 4674 dum
594 4634 626 4674 ex
637 4618 777 4675 communi
793 4633 930 4675 consensu
979 4628 1077 4671 omnes
1091 4617 1270 4674 adversitates
1281 4619 1430 4687 delendat;
1447 4619 1500 4692 ipsi
1516 4636 1582 4677 vero
1598 4623 1730 4678 monachi
1742 4639 1792 4694 po·

121 4709 206 4766 totius
225 4709 336 4766 concilii
359 4709 509 4780 praesulum
521 4707 626 4774 Galliae,
643 4707 794 4776 Namnetis,
815 4707 929 4765 Romani
981 4716 1106 4766 testatem
1118 4709 1239 4765 habeant
1252 4711 1396 4782 praelatum
1410 4711 1466 4768 sibi
1478 4711 1789 4790 regularitereligendi,

118 4801 246 4872 jussione
260 4801 410 4873 pontificis,
427 4799 554 4865 exhibiti,
567 4815 631 4876 rege
645 4798 763 4867 favente,
781 4795 930 4856 restruxis-
980 4804 1061 4870 prout
1076 4798 1104 4852 in
1127 4797 1315 4870 descriptione
1335 4800 1424 4873 ipsius
1449 4802 1588 4878 privilegii
1617 4801 1789 4861 continetur.

119 4889 316 4964 setecclesiam
343 4888 503 4945 monasterii
521 4905 606 4958 super
629 4888 716 4959 ripam
732 4889 862 4946 blaternas
876 4888 930 4945 llu-
979 4889 1043 4946 Post
1058 4890 1116 4945 baec
1132 4889 1161 4944 in
1188 4891 1335 4949 ecclesiola
1356 4902 1459 4951 sanctae
1473 4894 1574 4962 llariae,
1596 4910 1679 4966 quam
1696 4894 1726 4951 iu
1739 4911 1790 4953 co·

120 4979 259 5047 minis,in
288 4979 348 5035 loro
365 4986 524 5049 nuncupato
543 4965 766 5045 Villari,dudum
780 4977 837 5043 siti,
851 4979 929 5035 seda
979 4982 1042 5039 dem
1056 4984 1225 5040 monasterio
1253 4994 1453 5056 construxerat,
1470 4987 1576 5043 obiisse
1594 4985 1694 5056 fertur,
1711 4994 1740 5043 et
1757 4988 1791 5043 ad

119 5070 245 5127 barbaris
259 5069 354 5138 diruti,
380 5076 408 5126 et
423 5068 458 5124 ab
483 5084 517 5125 eo
537 5075 696 5125 constructa
720 5070 779 5126 haec
806 5069 929 5127 funditus
978 5074 1221 5132 ccclesiamsancti
1236 5076 1355 5151 Remigii
1386 5077 1480 5135 Remis
1494 5078 1667 5149 deportatus,
1684 5077 1791 5134 ibidem

119 5159 266 5216 cecidisset
280 5159 410 5227 ecclesia,
427 5158 456 5213 in
470 5158 526 5215 alio
540 5157 601 5215 loco
618 5175 713 5215 rursus
726 5159 760 5214 ab
772 5174 805 5216 eo
823 5168 928 5217 restrtt·
980 5167 1105 5239 sepultus
1130 5177 1182 5225 est.

121 5255 175 5318 cta,
190 5265 298 5305 rursum
311 5248 428 5305 traditur
440 5247 590 5306 corruisse.
607 5248 729 5314 Quadam
745 5264 812 5306 vero
822 5249 869 5304 die
881 5266 930 5306 ve·
1283 5257 1387 5315 CAPUT
1412 5259 1483 5315 vlll.

120 5341 201 5397 niens
225 5342 259 5398 de
285 5340 351 5397 villa
374 5340 525 5413 Sparnaco,
552 5340 637 5398 simul
661 5341 812 5398 comitante
833 5358 929 5398 seeum
1014 5350 1052 5403 De
1069 5350 1248 5404 troaslotioae
1262 5354 1362 5405 soactoe
1390 5328 1549 5405 llelecmod
1563 5351 1758 5421 ipsiussonctv'

120 5430 234 5504 praelato
252 5430 355 5486 abbate
374 5430 530 5497 Berecario,
554 5429 643 5485 visum
663 5430 718 5485 sibi
734 5439 786 5497 est,
813 5432 927 5488 transito
1275 5440 1483 5511 monesterium.

119 5520 245 5589 flumine,
262 5519 369 5576 debere
376 5518 518 5591 paululum
526 5517 702 5591 requiescere
716 5537 723 5574 :
735 5519 832 5592 sicque
844 5530 927 5593 caput
1012 5526 1051 5580 td
1065 5534 1247 5597 praenotatum
1264 5530 1346 5601 hujus
1360 5531 1447 5588 sancti
1458 5529 1509 5587 viri
1524 5527 1685 5587 coenubium
1702 5530 1792 5587 beatae

155 5641 193 5712 (l)
214 5639 289 5694 ldem
306 5637 388 5694 latius
403 5637 521 5695 retertur
535 5637 562 5692 in
579 5637 637 5694 Vita
652 5637 669 5692 S
697 5639 846 5697 bercharii.
