3848 6106
97 196 140 253 tto
364 196 407 253 bt:
425 196 607 256 tntuttettts
626 200 755 259 CNlilSTl
775 202 960 260 ANTIOCNIAE
979 205 1091 263 osseis
1112 207 1200 263 LNllll
1219 207 1296 265 DUO.
1314 239 1351 253 -
1369 209 1433 269 llo.
1454 210 1476 267 l.
1700 216 1756 274 Μ

834 333 942 391 dllPCT
962 337 1006 392 vl.

741 435 781 495 lle
797 447 903 498 coacto
927 438 1100 501 Theodosio.

97 541 150 597 'nic
163 541 229 597 data
242 555 298 597 nen
313 541 376 597 urbi
388 542 495 598 anobis
507 542 663 599 Theodosia
677 543 754 618 uirgo
901 555 926 620 Α
944 547 1040 605 Omnia
1054 566 1115 622 qnae
1131 549 1231 607 virtute
1247 553 1295 608 liei
1310 553 1436 626 disrupta
1449 555 1592 614 iacessunt

98 644 204 702 onstat,
226 634 421 707 Cappadocum
436 635 622 710 legiturquod
633 635 726 692 sidera
740 645 819 694 nacta
942 638 1066 705 Vincula,
1076 639 1125 695 sed
1138 639 1237 695 uinclis
1250 649 1338 698 semet
1353 642 1415 698 sinc
1427 647 1563 716 compede
1576 657 1667 704 serrat

97 745 230 787 aesaraea:
248 731 359 787 tradunt
372 739 466 787 tamen
481 731 553 787 hanc
567 731 633 802 quia
648 731 766 803 plurima
780 741 858 808 gesta
942 726 1075 802 Mefitim?
1088 727 1153 783 ¹¹1¹]ss
1165 728 1232 797 ⁸¹1⁰,
1249 731 1411 804 magnasibi
1427 750 1496 805 rupe
1512 735 1612 811 ligatu

97 839 213 881 aesarem
223 839 286 880 esse
300 823 457 891 Palestinae,
472 839 642 881 memorasse
652 823 769 883 uidebor
946 820 1033 886 (loom
1045 835 1108 875 mox
1123 820 1292 879 incolumem
1307 823 1388 880 siccis
1402 841 1478 881 mare
1493 828 1582 885 reddit
1597 832 1698 890 arenis.

96 914 157 971 lanc
171 916 215 971 uel
231 914 287 970 fine
301 914 377 971 libri.
393 916 458 982 Qnae
472 915 682 973 confessoribus
696 916 769 973 ultro
947 913 1159 992 Subrigitnrque
1174 914 1251 982 ieris,
1267 915 1353 971 illaesa
1367 918 1417 972 sed
1432 917 1487 974 exit
1501 919 1536 974 ab
1556 921 1635 995 ipsis,

96 1020 118 1061 c
136 1007 247 1062 socians
262 1006 374 1078 Christi,
389 1006 528 1063 sdboaede
541 1006 705 1064 Diocletiani
908 1066 920 1087 ,
948 1005 1025 1071 Quod
1040 1023 1115 1063 mare
1128 1006 1258 1080 qnodque
1275 1005 1339 1063 lerae
1353 1006 1441 1063 ritant
1455 1008 1578 1080 explere,
1593 1014 1704 1073 satelles

96 1095 313 1167 lctodccemque
327 1109 428 1170 gerens
439 1094 540 1151 celebs
558 1094 677 1151 feliciter
691 1110 789 1164 annos,
948 1095 1068 1152 Tunesto
1081 1103 1212 1168 properat
1223 1094 1328 1171 gladio,
1345 1113 1426 1169 quem
1443 1097 1505 1154 laeta
1515 1100 1635 1173 recepit:

96 1180 168 1238 'enta
183 1191 212 1239 at
221 1183 256 1238 ab
267 1182 376 1239 Urbano
393 1181 534 1254 praeiecto,
544 1183 661 1239 uerbere
673 1199 754 1251 casa,

96 1270 208 1344 lqunlco
217 1286 363 1343 suspensa,
378 1270 448 1326 truci
463 1271 586 1327 cruciata
598 1271 700 1345 rigore,

96 1361 199 1422 {arcere
214 1364 242 1419 in
256 1364 386 1431 obscuro,
399 1362 599 1420 icrrouincitnr
614 1369 714 1420 onusta
721 1377 730 1433 ς

947 1274 1016 1331 dnte
1026 1276 1156 1332 thronum
1171 1275 1270 1349 Sponsi
1287 1275 1411 1334 referens
1425 1276 1527 1335 festina
1542 1287 1654 1352 tropaea.

172 1813 179 1819 -
276 1707 343 1854 tt
399 1704 689 1857 ttttttttt
749 1705 962 1856 ttthtt
1016 1707 1325 1861 lltttttlttl
1388 1712 1568 1863 totth

754 2001 926 2104 LIBRI
963 2007 1095 2107 DUO

417 2340 728 2429 PNAEFATIO
758 2342 1084 2458 SEQUENTIS
1119 2341 1425 2434 OPUSCULI.

143 2698 286 2770 Temporis
299 2697 528 2770 prisciproceres
543 2698 703 2754 Damascum

142 2787 272 2843 bixerant
291 2787 401 2842 culmen
415 2786 511 2858 Syriae,
527 2793 667 2861 caputque

142 2874 229 2930 Patris
244 2875 361 2931 Abrahae
375 2875 506 2932 Chanami
521 2884 647 2933 vocatam

249 2970 328 3026 Prole
343 2971 514 3027 Damascum.

147 3056 231 3114 Cessit
246 3064 273 3113 at
286 3065 433 3133 postquam
448 3059 533 3132 patris
545 3059 687 3118 aSeleuco

147 3146 248 3203 Ciuitas
257 3156 299 3204 est
308 3149 434 3205 Antiochi
446 3150 546 3207 decore

146 3238 264 3310 Structa,
280 3257 362 3314 qnam
378 3251 485 3298 cunctae
500 3242 585 3314 Syriae
599 3242 723 3300 eminere

251 3334 345 3392 llaluit
359 3344 465 3394 auctor.

143 3424 238 3499 Nuper
252 3427 306 3484 huc
320 3427 419 3485 Christi
437 3429 530 3485 lamuli
548 3429 673 3486 leruntur

143 3518 244 3575 Territi
259 3520 348 3591 prima
357 3520 536 3577 tribulatione

137 3609 200 3676 Qua
220 3609 296 3681 pium
311 3616 418 3666 constat
427 3612 598 3684 Stephanum
615 3620 731 3668 cruento

252 3706 392 3761 Grandine
407 3723 545 3778 pressum.

136 3794 268 3852 llincvia
284 3796 355 3854 lacta
369 3798 458 3873 geruli
475 3798 572 3854 lidcles

133 3882 211 3940 ilnic
224 3885 317 3942 lerunt
327 3886 389 3942 urbi
404 3887 581 3943 radiosbeati

135 3974 278 4044 Luminis,
289 3977 409 4034 fecunda
423 3978 471 4034 Dei
482 3986 608 4035 serentes

251 4065 363 4122 Semina
377 4066 467 4123 serbi.

141 4152 235 4225 Coepit
244 4153 289 4209 hic
300 4154 356 4226 jam
372 4154 430 4219 lux,
441 4155 564 4212 tenebris
576 4155 688 4230 iugatis,

143 4242 300 4312 Splendide
320 4241 428 4318 fulgens
442 4245 511 4301 adeo
526 4245 639 4313 micare,

143 4332 256 4389 Nemini
276 4343 306 4389 nt
322 4334 474 4406 primordia
489 4336 647 4393 Christiano

255 4425 325 4481 Urbs
338 4425 418 4482 daret
431 4427 492 4483 ista.

912 2706 938 2774 l}
1002 2702 1074 2758 Tum
1086 2702 1162 2760 ferax
1177 2721 1336 2762 accrescere
1349 2707 1542 2779 preminentia

1004 2797 1098 2854 Tritici
1111 2799 1200 2874 surgit
1213 2815 1305 2875 seges,
1319 2816 1352 2858 ac
1363 2800 1467 2858 referre

1005 2887 1170 2960 Centnplum
1184 2889 1263 2945 eoelis
1277 2890 1416 2961 patienter
1429 2900 1509 2948 aucto

1112 2975 1227 3051 llergitc
1241 2976 1372 3035 fructum.

1005 3068 1125 3140 Spiritus
1140 3069 1227 3126 sancti
1242 3071 1346 3128 radiata
1363 3071 1435 3140 luce,
1504 3056 1508 3063 ’

1006 3157 1120 3213 lntuens
1135 3164 1192 3214 toto
1202 3158 1270 3215 orbe
1285 3159 1528 3227 lamemlnturam,

1006 3244 1121 3301 Tertiles
1136 3254 1224 3302 certat
1238 3247 1369 3304 Solimam
1381 3250 1507 3322 patronis

1114 3335 1357 3409 Terremaniplos.

1006 3422 1073 3479 Nam
1089 3424 1243 3497 prophetiae
1257 3442 1370 3499 qnoque
1385 3426 1459 3484 dona
1474 3429 1593 3501 sumpsit

1006 3514 1128 3571 ilumeris
1142 3516 1320 3587 charismate,
1337 3534 1401 3592 quo,
1419 3519 1526 3577 tributo

1008 3606 1155 3679 Gentibus,
1168 3609 1264 3666 iudaea
1278 3620 1363 3681 caret,
1379 3611 1477 3669 salutis

1117 3701 1203 3758 Fonte
1216 3712 1328 3779 negato.

1008 3792 1081 3848 Urbe
1094 3809 1148 3864 pua
1160 3794 1312 3850 certamina
1326 3803 1391 3851 sunt
1405 3795 1501 3852 labore

1007 3882 1088 3937 Plura
1104 3882 1244 3938 decertata
1258 3883 1315 3954 pio,
1332 3881 1431 3939 fideles

1008 3973 1085 4030 Clara
1100 3973 1163 4046 quis
1176 3973 1274 4030 Christi
1295 3973 1420 4031 referunt
1434 3975 1539 4032 alumni

1118 4061 1233 4118 Praemia
1243 4062 1333 4137 regni.

919 4107 945 4177 C
1011 4150 1031 4204 li
1046 4149 1147 4222 quibus
1159 4151 1263 4220 multis,
1275 4151 1340 4225 quia
1353 4150 1501 4209 Christiani

1011 4241 1136 4298 Nominis
1150 4240 1212 4298 lons
1227 4241 1314 4298 hicet
1327 4242 1407 4317 origo
1423 4242 1520 4315 coepit,

1011 4333 1079 4391 Post
1094 4335 1255 4392 Palaestinos
1267 4335 1388 4394 breviter
1400 4336 1556 4410 triumphos

1119 4424 1239 4481 Paucula
1255 4432 1377 4503 tangam.

576 4600 799 4692 INCIPIT
832 4596 1010 4686 LIBER
1042 4592 1280 4682 PRIMUS.

801 4781 906 4839 CAPUT
925 4776 1066 4835 Puteum.

100 4913 170 4974 ¹·lrs
181 4928 260 4977 nacta
274 4920 402 4978 Antiochi
418 4936 519 4977 nomen
542 4921 577 4977 de
593 4921 705 4977 nomine
717 4919 801 4995 regis,
914 4913 988 4998 Dllt
1001 4910 1222 4968 Nachabaeorum
1238 4911 1335 4968 recolit
1349 4911 1485 4968 solemnia
1500 4911 1633 4970 iratrnm:

95 5010 355 5082 orttsapostolica
373 5012 482 5085 magnis
495 5011 629 5068 instructa
643 5010 798 5087 magistris;

94 5104 222 5158 ³¹·arclra
237 5103 328 5169 Petro,
342 5104 387 5160 hie
402 5104 491 5176 prima
506 5105 648 5161 residente
655 5103 797 5167 cathedra,

93 5179 224 5247 'mentis
236 5200 264 5248 et
279 5192 357 5268 digni
371 5192 494 5250 cilicium
510 5194 627 5251 solerter
639 5201 752 5268 agente,

93 5278 184 5352 ‘tque
193 5282 295 5338 scholar
310 5282 394 5338 Paulo
405 5282 489 5340 docili
503 5283 624 5341 coelestis
638 5284 761 5352 alumno,

93 5352 228 5446 igreglus
240 5372 375 5441 celebrat,
396 5374 502 5431 Christo
514 5375 646 5440 donante,
663 5372 833 5444 triumplros;

93 5450 261 5535 Nartyribns
275 5463 365 5531 iactis,
379 5464 431 5522 isto
445 5467 494 5521 sed
510 5466 621 5522 nomine
635 5479 686 5521 nec
696 5463 762 5520 dum

93 5535 193 5624 nictis,
207 5555 333 5628 martyrii
348 5571 459 5629 quoqne
471 5556 518 5612 dat
533 5563 692 5614 reverenter
705 5556 852 5623 honorem,

956 5007 977 5060 Λ
992 5004 1095 5077 quibus
1106 5004 1227 5076 antiquae
1242 5003 1308 5059 dum
1329 5003 1486 5061 testificatio
1502 5006 1574 5080 legis

957 5096 1073 5152 Tortiter
1084 5095 1228 5161 asseritur,
1241 5102 1328 5150 matre
1343 5096 1506 5152 exhortante
1518 5096 1607 5159 beata,

957 5185 1007 5242 Pro
1025 5186 1184 5260 legislatore
1197 5186 1253 5242 ileo
1268 5194 1341 5243 stant
1360 5186 1457 5243 ultima
1473 5188 1555 5260 passi,

957 5278 989 5334 tit
1002 5278 1068 5351 quia
1080 5293 1131 5350 pro
1145 5287 1221 5334 casta
1235 5278 1359 5334 mandati
1370 5278 1432 5353 lege
1443 5287 1585 5342 necantur,

957 5366 1055 5425 Christi
1069 5376 1134 5425 sunt
1148 5376 1242 5438 testes,
1257 5368 1360 5425 veteris
1373 5369 1420 5442 qui
1441 5369 1511 5444 legis
1525 5370 1643 5425 liabetur

956 5463 1032 5519 Finis
1042 5463 1268 5537 principiumque
1283 5479 1371 5532 nevae,
1386 5464 1485 5537 probat
1496 5473 1594 5521 auctor
1607 5465 1729 5539 utrique.

956 5554 1007 5623 Qui
1021 5571 1100 5612 sacra
1114 5556 1180 5612 dnm
1200 5563 1308 5614 certant
1327 5571 1383 5613 non
1396 5556 1524 5627 abjurare
1537 5565 1661 5628 paterna,
