3840 6106
119 231 178 287 50l
390 223 432 281 Db
448 218 631 279 tutuuuttts
648 219 777 278 tultlstl
797 220 838 277 ΕΤ
858 218 905 276 SS.
925 216 1129 274 Patmsttue
1147 218 1235 277 LlDlll
1254 220 1349 279 tttlts.
1367 251 1403 264 -
1424 220 1486 277 llll.
1507 220 1528 277 l.
1743 220 1798 280 502

122 357 302 430 Responsum
317 351 401 424 capit,
416 348 489 406 band
504 364 627 422 unquam
641 363 673 404 se
694 358 783 404 morte
793 346 932 404 obiturum
947 346 974 418 Α
988 343 1090 400 Sedula
1102 360 1164 417 quar
1175 346 1279 418 templo
1296 345 1414 423 degens,
1426 334 1536 417 jejunia
1549 347 1653 405 ducens

122 444 372 504 Auctoremaloneo
385 439 531 496 meruisset
543 453 659 494 cernere
676 438 757 495 vitre:
987 432 1097 502 Crebra,
1117 436 1260 510 Deumque
1274 451 1385 513 rogans,
1405 438 1489 494 servit
1503 439 1547 494 cui
1562 445 1644 495 nocte
1659 438 1762 513 dieque

123 541 189 607 Quo
207 539 265 594 viso
277 535 348 609 petit
356 533 462 589 absolvi
476 532 530 589 sibi
541 532 651 589 vincula
663 531 764 599 caruis,
986 529 1063 584 Dona
1078 529 1229 600 prophotiae
1248 528 1309 585 coeli
1324 529 1490 586 charismata
1501 532 1619 603 sumpsit
1635 548 1642 586 ε

123 623 189 679 Non
205 631 333 680 metucns
350 629 478 685 mortem,
498 621 601 698 dignus
615 620 680 694 quia
697 620 900 695 viserevitam;
988 617 1149 674 Emmanuel
1163 625 1257 673 natum
1277 633 1333 674 non
1347 618 1436 674 solum
1453 619 1619 695 dignatueri

123 714 189 769 Non
205 713 301 769 mortis
314 714 432 769 horrens
445 712 584 780 umbram,
594 712 659 784 quia
670 727 785 768 noscere
800 713 901 781 lucem,
987 709 1156 776 llaticiuans,
1172 710 1200 764 iu
1215 725 1249 765 eo
1259 710 1361 766 meruit
1373 711 1440 783 quin
1457 710 1559 767 lamina
1571 712 1653 779 lorrc,

126 805 426 878 Pacequeconspecta,
437 804 553 876 cupiunt
567 804 743 877 requiescere
756 805 891 861 membra.
989 801 1066 857 llunc
1081 802 1174 859 multis
1182 803 1303 873 positum
1314 803 1469 874 predicens
1485 820 1547 860 esse
1559 805 1657 872 ruinae,

124 899 180 955 llic
195 900 316 956 Phanuel
332 899 436 972 proles,
456 897 548 955 viduis
559 915 671 972 quoque
686 898 774 956 torma
788 898 885 956 salutis
989 888 1161 946 continuans
1175 891 1252 964 quod
1267 897 1294 948 et
1307 889 1422 948 advenis
1441 892 1577 949 surrectio
1588 893 1692 951 multis.

123 998 206 1050 Anna
219 993 403 1068 prophetissa,
420 991 503 1049 trrbui
518 1006 581 1066 que
592 991 715 1048 nascitur
725 991 816 1048 Aser:

872 1121 978 1180 eleut
999 1125 1065 1181 xltl.

797 1255 837 1316 Dc
856 1265 960 1318 sonato
978 1256 1139 1338 Stephano.

127 1407 217 1464 isthic
230 1405 377 1480 precipuis
390 1418 503 1478 qnoque
513 1410 741 1461 consummantur
753 1420 857 1478 agones
992 1407 1080 1463 vendi
1091 1408 1129 1465 ibi
1140 1415 1282 1482 comperto
1297 1409 1435 1468 frumenta
1450 1412 1546 1470 videre
1558 1412 1709 1486 Canopum.

125 1495 274 1565 Militibus,
287 1493 569 1569 quorumStephanus
582 1493 733 1549 certamine
750 1494 840 1567 primo
993 1499 1068 1556 llanc
1083 1516 1195 1575 quoque
1213 1503 1280 1558 dum
1308 1511 1446 1576 repetunt,
1465 1506 1568 1579 loseph
1593 1516 1670 1580 patet
1691 1509 1804 1585 agnitus

127 1588 194 1645 Post
213 1587 349 1644 Christum
364 1585 431 1643 lethi
447 1584 561 1641 liuentis
576 1585 631 1642 tela
642 1584 826 1657 triumphans,
1703 1601 1769 1675 [ipis
1782 1596 1792 1614 ⁰

128 1676 256 1734 Nominis
272 1676 336 1732 hinc
350 1674 454 1747 proprii
466 1674 552 1730 scitur
562 1671 669 1745 cepisse
689 1687 820 1729 coronam
995 1685 1059 1751 011ae
1075 1695 1219 1761 {pstquam
1236 1689 1336 1747 phario
1351 1691 1409 1766 ,035
1423 1693 1529 1763 pegam
1543 1691 1679 1762 semum,

128 1770 265 1840 Tempore
278 1784 334 1841 quo
348 1767 480 1825 Dominus
494 1766 586 1825 dirum
606 1785 688 1825 eruce
707 1767 942 1824 vicerathostem.
994 1778 1100 1835 patrem
1121 1796 1183 1837 cum
1197 1783 1404 1856 genpsjgjpurb,
1418 1784 1471 1840 ,ibi
1488 1787 1577 1858 powg
1594 1787 1693 1858 pomp,

129 1862 196 1916 Nam
213 1860 279 1916 dum
294 1860 392 1916 levitas
406 1859 492 1915 sacris
511 1859 642 1916 assistere
658 1860 762 1915 mensis
994 1871 1034 1927 Ad
1049 1888 1131 1945 quem
1142 1886 1205 1930 cum
1222 1875 1316 1932 decies
1328 1878 1451 1949 septeni,
1465 1879 1590 1951 quinque
1601 1879 1706 1953 jugan,

130 1955 225 2011 (ΨΜ
240 1952 418 2026 ⁸P⁰⁸²0¹i⁰¹¹⁸2
434 1959 541 2024 sPPirm
571 1967 642 2025 q⁰⁰⁵
653 1952 774 2025 sPiriuls
793 1950 882 2008 ulmus
994 1961 1144 2018 Descendit
1158 1965 1277 2036 propriae
1291 1964 1388 2037 stirpis
1403 1967 1550 2024 animabus
1565 1969 1654 2026 lucoh.

127 2044 259 2111 uxoren,
274 2042 379 2108 statuit,
396 2042 492 2098 divino
507 2042 720 2099 numinelectus
993 2055 1043 2121 Qui
1060 2042 1208 2129 postquam
1220 2058 1277 2114 vita
1292 2058 1452 2135 defungitur
1466 2061 1538 2134 ipse,
1553 2070 1701 2138 patresque

129 2133 177 2191 ffis
193 2136 265 2192 ¹⁸⁰5ss
283 2133 408 2206 ¹⁰⁰¹¹P¹Ps
423 2133 594 2205 PlaeP0⁰lt¹¹l
607 2132 793 2188 flfsshldiaffln·
992 2145 1112 2202 bisseni
1127 2147 1239 2204 Sicbem
1256 2149 1303 2204 lati
1314 2149 1455 2223 positique
1470 2152 1599 2223 sepulcro

125 2232 187 2289 Ιοι
200 2228 319 2287 imbrem
333 2228 475 2286 sermonis
488 2244 586 2303 agens,
601 2228 703 2285 virtute
718 2236 857 2297 coruscat,
992 2235 1129 2291 Abrabam
1147 2237 1237 2308 pretio
1249 2239 1323 2310 quod
1332 2247 1488 2312 sumpserat
1498 2242 1580 2297 Emor
1590 2242 1617 2298 in
1628 2251 1732 2316 cmpto.

126 2323 317 2396 Prodigiisqnc
337 2321 417 2378 novis
432 2321 535 2394 populo
550 2336 621 2377 nora
636 2319 746 2396 fulgura
761 2324 905 2377 monstrat.
992 2322 1127 2395 Tempore
1140 2325 1268 2397 promissi
1287 2335 1452 2399 properante
1462 2330 1535 2402 quod
1547 2331 1607 2403 ipse
1623 2332 1752 2404 professu

125 2415 213 2481 Quem
228 2418 324 2469 contra
338 2412 484 2488 synagoga
498 2427 616 2484 crepans
630 2412 737 2469 Satanae
757 2410 906 2476 blateratu,
991 2413 1108 2470 abrahe
1120 2414 1209 2471 luerat
1218 2416 1361 2486 Dominus,
1376 2417 1455 2490 plebs
1468 2421 1556 2476 erevit
1568 2430 1597 2476 et
1611 2421 1711 2497 ingens

126 2506 252 2565 bellabat
267 2507 375 2571 rabido,
391 2507 570 2580 libertinique
586 2507 709 2578 remissi,
991 2504 1115 2562 Ellicitur
1130 2508 1259 2580 populus,
1276 2509 1367 2566 donec
1381 2527 1428 2567 rex
1439 2512 1658 2570 nesciuslrorum

129 2603 220 2674 mque
235 2601 314 2658 nothi
326 2599 498 2672 Cyrenenses
514 2599 622 2657 terrore
637 2600 753 2672 perusti,
993 2594 1102 2651 Eminet
1113 2597 1242 2669 AEgypto,
1255 2598 1531 2674 circumveniensque
1545 2602 1660 2660 colonos

128 2691 222 2748 Turba
240 2699 270 2747 et
282 2690 527 2747 alexandrinorum
549 2689 701 2763 Cilicesqne
717 2704 860 2762 procaces,
955 2661 1113 2753 Bhddioit,
1128 2685 1189 2742 diro
1200 2689 1327 2759 proprios
1343 2691 1565 2761 exponereletho

129 2782 181 2836 hut
192 2779 265 2836 Asiae
279 2778 389 2852 reliqui.
406 2778 460 2834 Sed
476 2793 532 2835 non
547 2793 680 2849 superare
696 2776 825 2850 sophiam
994 2777 1170 2851 compellens
1182 2779 1303 2854 genitos.
1319 2780 1426 2853 lloyses
1437 2789 1502 2839 tunc
1516 2794 1598 2841 natus
1612 2785 1709 2841 etaeale

129 2872 264 2928 flaminis
278 2878 325 2928 ant
341 2871 430 2928 sancti
446 2877 596 2944 potnerunt
611 2870 708 2927 sistere
723 2870 807 2927 rivus.
993 2868 1135 2927 llensibns
1145 2878 1187 2928 est
1202 2872 1290 2944 patria
1299 2873 1411 2930 latitans
1420 2875 1507 2931 tribus
1524 2875 1729 2934 abdituslrosti.

129 2965 245 3037 Captum
262 2963 380 3021 concilio
395 2970 519 3019 statuunt
531 2972 559 3018 et
570 2978 670 3039 magna
681 2968 846 3036 queruntur,
994 2960 1091 3017 Gratus
1100 2968 1127 3016 at
1140 2961 1294 3019 llltitbrono
1309 2961 1386 3020 tiuvii
1401 2964 1467 3020 dum
1484 2966 1600 3023 traditur
1613 2967 1693 3034 ulvae,

129 3056 278 3113 tutandas
292 3055 363 3132 legis
372 3055 459 3128 lloysi
474 3055 549 3128 quod
565 3054 727 3110 traditiones
994 3054 1138 3130 Degigena
1151 3063 1255 3128 raptus,
1271 3055 1356 3125 lotus,
1367 3058 1429 3114 vice
1442 3059 1654 3130 prolisamatus,

130 3149 233 3206 Dixerit
252 3147 288 3204 ab
302 3147 380 3218 lesu,
394 3148 490 3221 templi
505 3147 678 3204 accelerante
691 3145 810 3202 ruinam.
993 3143 1106 3200 Artibus
1120 3145 1239 3202 excellet
1253 3144 1369 3213 Phariis,
1383 3147 1494 3206 virtutis
1506 3157 1534 3207 et
1548 3158 1611 3208 actu

163 3243 322 3316 lnquorum
335 3242 429 3299 medio
439 3241 515 3299 velut
528 3239 645 3317 angelus
659 3255 708 3296 ore
723 3254 855 3296 coruscus
993 3234 1089 3291 Lustra
1100 3251 1200 3309 gerens
1211 3244 1286 3306 octo,
1301 3239 1545 3298 medilaturvisere
1559 3240 1675 3299 iratres.

129 3333 199 3390 l'ore
214 3341 317 3389 tonans
331 3332 431 3404 patria,
446 3329 602 3387 siclumine
617 3327 739 3403 fulgidus
750 3327 810 3384 infit
827 3345 834 3382 ι
994 3324 1173 3398 Pellcumqua
1199 3325 1287 3383 virum
1299 3326 1414 3385 tlenrec
1432 3329 1487 3385 vim
1499 3330 1613 3387 tendere
1627 3347 1746 3389 cernens

132 3446 142 3471 ·
157 3422 258 3478 Patres
273 3426 354 3493 atque
367 3419 418 3477 viri
432 3419 541 3487 iratres,
557 3417 830 3475 measumiteverba.
992 3418 1218 3495 Decantatque
1233 3435 1299 3477 suos
1315 3428 1390 3478 retur
1407 3422 1530 3479 sensisse
1548 3423 1730 3496 propinquos,

129 3510 273 3581 talesne
283 3509 357 3565 Deus
371 3508 482 3564 radiens
496 3508 625 3579 apparuit
637 3507 704 3563 olim
993 3514 1041 3570 llis
1050 3531 1100 3588 per
1117 3530 1180 3570 eum
1191 3514 1489 3587 Dominnsuelletquia
1499 3514 1570 3572 lerre
1582 3515 1710 3573 salntem.

125 3602 247 3659 dbruhae
262 3610 369 3670 nostro,
380 3600 483 3674 placito
499 3600 551 3657 sibi
567 3615 650 3657 carne
665 3597 784 3672 parenti,
992 3605 1067 3671 Quos
1087 3607 1277 3678 imprudentes
1295 3607 1361 3663 odio
1376 3606 1491 3679 rixaque
1505 3607 1628 3663 furentes

125 3692 298 3766 Praecipieus
309 3691 356 3748 01Ιί
369 3709 377 3747 τ
392 3691 474 3748 Terra
487 3692 602 3748 discede
617 3699 732 3763 patema
993 3695 1163 3769 Corripiens,
1173 3697 1262 3767 audit,
1278 3696 1477 3767 Princeps,uut
1489 3696 1593 3752 arbiter
1605 3705 1635 3751 ut
1647 3696 1687 3753 sia

120 3784 325 3856 approperans
339 3780 414 3849 aliis,
429 3780 480 3837 unt
496 3796 558 3854 que
578 3786 778 3845 monstravero,
800 3777 906 3854 regnis.
993 3787 1058 3852 Quis
1073 3786 1160 3850 oecis,
1175 3792 1203 3840 er
1215 3793 1323 3841 nostes
1335 3783 1427 3841 valeas
1439 3784 1519 3841 unire
1533 3785 1692 3857 querelas?

120 3873 259 3932 Chaldaeo
271 3873 421 3950 egrediens
433 3872 567 3928 habitavit
577 3871 670 3928 denuo
682 3870 801 3926 Charton
814 3888 823 3939 ς
993 3878 1071 3933 Dens
1087 3885 1117 3934 ut
1131 3876 1191 3932 beri
1199 3874 1326 3931 Pharium
1337 3874 1562 3950 jugulopleotere
1572 3876 1727 3933 colonum?

119 3962 191 4023 Post
204 3965 372 4038 obitumque
382 3964 536 4037 patrishaec
548 3963 622 4018 bunc
635 3961 749 4018 deduxit
762 3962 789 4016 in
800 3977 875 4028 arva,
993 3966 1116 4023 Territus
1135 3967 1178 4022 hls
1192 3965 1299 4038 lloysos
1313 3965 1677 4037 disponituradvenaterre,

116 4053 181 4113 Nec
195 4054 277 4111 dedit
291 4055 357 4111 lsinc
370 4055 422 4129 ipsi
438 4061 571 4127 quantum
579 4051 657 4125 pedis
671 4050 774 4107 abdere
790 4066 888 4123 passus
951 4038 976 4109 C
990 4057 1142 4132 tulugiens
1156 4056 1275 4122 lladiau,
1292 4057 1358 4113 bino
1374 4062 1416 4113 est
1429 4072 1485 4129 qna
1499 4057 1616 4132 pignore
1630 4066 1745 4119 mactus.

116 4151 191 4218 Qnit
205 4167 212 4205 :
224 4157 318 4205 tamen
332 4149 391 4204 bec
402 4148 463 4218 eius
478 4146 568 4203 soboli
583 4145 716 4201 tradenda
729 4143 892 4217 spopondit,
991 4147 1178 4224 Quadraginta
1196 4147 1324 4204 annisilll
1340 4148 1393 4203 hac
1402 4148 1501 4205 tellure
1516 4148 1647 4221 peractis,

119 4244 199 4300 cum
214 4241 311 4298 senior
325 4240 414 4297 lessus
428 4238 531 4298 mmali
548 4238 626 4311 prole
645 4242 761 4293 cureret·
990 4244 1111 4318 Angelus
1121 4242 1168 4299 hic
1177 4241 1312 4319 tlagrante
1326 4240 1387 4297 rubi
1403 4248 1569 4299 monstratur
1583 4242 1612 4298 in
1625 4242 1700 4319 igne.

116 4331 182 4388 Sed
194 4341 242 4386 tua
256 4331 404 4407 progenies
417 4329 518 4386 alienis
531 4328 625 4384 accola
637 4327 727 4399 (dixit)
991 4333 1049 4399 Quo
1060 4333 1177 4389 mirante
1188 4332 1276 4388 lacem
1291 4329 1406 4388 scrutari
1425 4346 1538 4403 remque
1545 4341 1658 4404 parante
1693 4342 1697 4353 ·

118 4423 256 4482 ituribus
270 4423 379 4489 existet,
394 4422 515 4496 graviter
525 4426 638 4476 tractata
647 4434 795 4491 peraunos
990 4428 1046 4485 Vox
1061 4427 1205 4484 sacmeel:
1223 4446 1235 4478 r
1249 4425 1372 4502 ligosum
1384 4433 1493 4497 patrum
1508 4427 1581 4482 Deus
1594 4427 1797 4498 ipsetuorum.s

119 4516 229 4574 Perme
245 4514 474 4588 quadringeni&
495 4512 627 4569 s³¹¹¹¹¹¹⁸¹l¹
647 4513 768 4585 P⁰⁸⁵l¹¹¹0
784 4527 889 4584 Diem»
989 4521 1127 4578 Attonitus
1140 4519 1249 4592 lloyses
1263 4535 1319 4575 non
1332 4519 1418 4575 audet
1431 4535 1544 4576 cernere
1556 4525 1661 4576 contra.

116 4608 209 4666 Exiet
223 4612 307 4679 atque
319 4605 381 4662 loeo
394 4605 619 4678 mihipotlmodo
628 4604 731 4660 serviet
745 4605 808 4668 islo,
989 4615 1040 4681 Qui
1056 4613 1189 4671 Dominus
1203 4634 1209 4668 ι
1224 4612 1368 4668 «Pedibus
1383 4612 1434 4668 tibi
1445 4612 1632 4669 calceamenta
1643 4611 1761 4680 resolve,

112 4700 239 4759 tuciclo
254 4707 364 4772 gentem
374 4696 417 4753 cni
428 4696 555 4753 servierit
569 4711 680 4770 quoque
693 4694 820 4751 subdam·
989 4705 1055 4760 llum
1071 4704 1147 4759 lucus
1157 4719 1185 4758 m
1202 4719 1256 4776 qno
1271 4710 1328 4758 stas
1343 4707 1450 4758 constat
1460 4701 1526 4774 quia
1541 4708 1613 4756 terra
1623 4708 1729 4758 sacrata
1743 4709 1787 4759 est

117 4793 195 4850 Post
210 4794 438 4846 testamentorum
457 4788 632 4845 circumcisio
647 4792 767 4858 sumpta,
988 4793 1108 4849 Verbera
1122 4793 1192 4849 dura
1202 4792 1256 4849 mei
1272 4792 1379 4864 populi,
1397 4792 1596 4864 Pelusiaregna

117 4884 429 4944 Procreutinrlesenex
445 4885 531 4953 lsaac,
546 4900 602 4958 quo
617 4892 698 4940 natus
714 4881 795 4939 lacob
989 4883 1074 4949 Quem
1089 4882 1222 4950 retinent,
1237 4881 1305 4951 vidi,
1320 4882 1454 4958 gemitum
1469 4881 1534 4955 quia
1548 4881 1663 4937 auribus
1675 4879 1755 4938 hausi

120 4976 176 5032 Dis
194 4992 244 5031 sex
257 4982 423 5048 progenerat
436 4974 568 5047 praeclaro
583 4973 720 5051 sanguine
731 4979 833 5044 patres,
991 4973 1184 5044 Descendique
1199 4969 1317 5045 tegenDo
1334 4969 1464 5042 illosque
1479 4969 1578 5025 missus
1587 4968 1702 5024 abibis.»

123 5069 248 5128 lnvidiae
262 5068 365 5142 loseph
381 5085 452 5142 quos
463 5067 585 5125 rendere
595 5068 665 5125 livor
685 5066 786 5142 adegit.
989 5065 1040 5122 llic
1053 5063 1387 5138 llovses,sibipraclatn1n
1400 5061 1566 5135 quemlerre
1581 5067 1727 5136 negarunt,

127 5163 183 5219 llic
195 5162 304 5218 Pharon
321 5161 488 5239 ingreditur,
503 5159 620 5216 Domino
641 5158 791 5214 comitante
806 5170 939 5230 superno,
990 5154 1127 5226 Principis
1136 5161 1219 5227 atquc
1233 5152 1427 5224 Redemptoris
1441 5153 1501 5210 vice
1513 5151 1629 5208 mittitur
1643 5150 1710 5219 illis,

124 5255 267 5311 (lmnibus
278 5253 384 5325 eripuit
396 5253 506 5310 salvans
518 5253 566 5327 qui
581 5252 709 5327 pestibus
720 5251 796 5308 illurn
812 5268 820 5317 ;
992 5247 1117 5304 caelicola
1130 5246 1212 5302 simul
1228 5254 1351 5314 ostenso,
1366 5245 1572 5317 comitanteper
1587 5243 1691 5320 ignem.

125 5346 186 5402 Per
203 5363 286 5422 quem
298 5361 360 5404 mox
376 5347 490 5418 sapiens
503 5346 640 5404 Pharaoni
656 5353 684 5402 et
698 5351 793 5423 gratus
801 5343 919 5400 habetur
933 5360 940 5411 ;
992 5338 1039 5394 llis
1052 5337 1140 5414 signis
1152 5336 1245 5393 educit
1254 5352 1303 5393 eos
1321 5353 1372 5408 per
1384 5336 1572 5408 mensurnas,

131 5435 209 5493 {lunc
222 5436 271 5510 qui
286 5433 445 5508 preficiens
458 5451 544 5511 regno
560 5435 718 5509 preponuit
729 5442 756 5491 et
771 5434 849 5490 aulas.
953 5412 1079 5503 Dlnquc
1095 5429 1163 5486 mari
1179 5428 1271 5486 Dubro
1286 5427 1402 5484 rutilans
1417 5435 1445 5484 et
1455 5428 1565 5484 ininvia
1586 5429 1660 5484 sicca

133 5523 280 5599 AEgpptum
296 5524 361 5580 inde
371 5539 490 5581 onerosa
505 5525 594 5581 fames
606 5523 943 5598 canaanqucprcmebat3
996 5521 1100 5578 bustris
1112 5528 1174 5579 octo
1189 5521 1363 5593 prophetavit
1375 5535 1499 5594 quoquc,
1514 5534 1569 5592 quo
1584 5519 1657 5576 Deus
1667 5518 1767 5590 (aiens)

140 5613 239 5676 Excitat
250 5619 311 5676 hec
323 5617 443 5691 primum
459 5625 551 5692 patres
564 5618 692 5697 angustia
704 5624 830 5684 unstros3
996 5615 1118 5686 Tempus
1127 5613 1190 5683 erit,
1199 5612 1298 5670 vestris
1312 5611 1348 5669 de
1363 5611 1492 5670 iratribus
1502 5610 1604 5668 excitet
1613 5625 1712 5676 unum,
