3848 6106
121 215 177 272 309
445 205 608 266 lllSTORlAE
627 209 794 268 ecclosias
813 211 977 267 hidensis
996 211 1083 267 iiiiii
1104 213 1271 278 oottooit.
1286 244 1322 255 —
1338 213 1401 271 ΜΒ.
1423 214 1466 269 tt.
1742 218 1796 274 :ito

121 359 150 405 et
164 347 288 415 anlino,
308 347 404 402 venire
426 345 612 417 contempsit..
629 346 761 402 Universa
774 363 840 404 vero
854 363 938 420 syno·
950 351 978 421 Α
988 364 1051 405 scos
1065 349 1198 421 episcopi,
1214 351 1325 406 easdem
1336 352 1442 407 litteras
1454 352 1488 407 ad
1499 353 1594 409 sedem
1609 353 1800 429 delegaverint

122 439 178 492 dus
191 437 259 491 mihi
287 436 422 490 llemeuse
438 435 590 510 regendum
615 435 740 491 decernit
753 437 936 508 episcopium.
988 442 1179 516 apostolicam,
1196 457 1245 512 pro
1261 442 1458 498 restauratione
1473 442 1596 517 flugonis
1610 443 1639 499 in
1657 444 1724 500 sede
1740 445 1797 501 lle-

123 526 426 598 indiciturqueiterum
437 525 848 597 synodushabeudadielduum
860 545 940 583 meu·
990 533 1088 599 mensi,
1098 529 1420 602 etexpulsionehrtoldi.
1437 532 1499 588 Post
1509 549 1624 605 quarum
1638 532 1797 601 lectionem,

122 622 164 675 sis
195 619 331 683 ianuarii,
355 635 417 690 quae
447 625 474 673 et
495 625 671 693 aggregatur,
696 627 725 675 ut
747 621 938 677 denuntiatum
989 628 1169 698 exsurgentes
1184 619 1312 675 hrtoldus
1340 619 1641 692 praesul,etprresatus
1664 622 1799 680 flodulfus

122 710 224 778 fuerat,
253 709 280 763 in
311 707 429 763 ecclesia
456 707 544 762 sancti
574 707 647 761 Petri
675 716 739 763 aute
763 719 938 780 prospectum
989 718 1037 790 qui
1054 718 1080 771 in
1093 715 1198 771 eisdem
1218 713 1318 769 litteris
1342 714 1546 782 nominabatur,
1562 715 1706 773 fulbertus
1729 733 1800 791 quo-

120 802 204 857 castri
229 799 354 868 llnsomi,
378 815 394 854 a
419 798 523 853 domno
549 799 680 855 liutberto
706 800 938 856 convenientibus
989 822 1043 881 que
1069 803 1274 861 Cameracensis
1300 803 1416 860 antistes
1443 820 1491 859 eas
1507 803 1611 861 litteras
1634 806 1798 876 refutarunt,

121 895 232 950 cereris
250 908 362 965 quoque
381 890 555 947 Trerirensis
570 890 725 946 dioeceseos
740 892 889 964 episcopis,
913 900 939 948 ct
990 908 1146 956 astruentes
1161 898 1234 972 quod
1250 914 1298 953 eas
1313 904 1395 952 antea
1409 914 1550 970 nunquam
1564 898 1683 956 viderint
1697 901 1800 959 relau-

124 984 270 1056 aliquibus
282 982 436 1037 hemensis.
450 981 569 1036 Veniens
580 988 672 1036 autern
684 982 750 1038 illuc
760 983 877 1038 aemulus
888 998 938 1040 uo·
990 993 1103 1059 (fierint,
1115 1007 1206 1063 neque
1221 991 1249 1045 in
1262 1006 1355 1045 aarum
1367 989 1546 1066 delegatione
1558 1006 1723 1046 consensum
1734 1009 1801 1065 pm.

121 1085 179 1132 ster
195 1077 284 1152 llugo,
300 1082 327 1130 et
342 1074 520 1130 locutuseum
538 1073 641 1128 domno
652 1073 785 1130 liutberto
801 1076 938 1146 synodum
990 1083 1112 1138 buerint.
1136 1081 1243 1148 Quibus
1266 1081 1331 1135 dum
1349 1080 1422 1135 idern
1438 1079 1556 1136 clericus
1570 1089 1666 1136 contra
1681 1082 1722 1138 ire
1744 1098 1801 1141 non

120 1169 212 1225 noluit
229 1168 338 1243 ingredi
351 1185 358 1233 ς
373 1166 478 1221 litteras
493 1181 558 1222 vero
572 1166 652 1237 quasi
667 1183 700 1222 ex
714 1168 826 1223 nomine
843 1165 937 1223 domni
989 1182 1093 1244 posset,
1108 1171 1174 1226 licet
1187 1172 1214 1225 in
1229 1186 1279 1227 eos
1303 1169 1449 1226 calumniis
1469 1169 1647 1241 obstrepens,
1670 1173 1802 1245 praecepit

120 1276 202 1332 papae
223 1259 322 1315 direxit
342 1258 376 1313 ad
397 1257 544 1328 episcopos
560 1274 609 1328 per
628 1259 758 1313 clericum
782 1276 874 1326 suum,
892 1260 938 1331 qui
989 1266 1108 1321 domnus
1122 1264 1253 1329 Marinus,
1264 1263 1564 1338 suggereusuuiuersae
1577 1265 1693 1336 syuodo,
1704 1274 1734 1321 ut
1747 1265 1802 1321 sibi

120 1369 168 1407 eas
177 1352 266 1407 Roma
278 1350 414 1406 detulisse
427 1350 577 1418 ferebatur,
588 1351 658 1405 nihil
674 1351 843 1407 auctoritatis
854 1369 937 1410 cano·
989 1355 1174 1411 consiliumet
1186 1363 1290 1409 rectum
1297 1352 1435 1423 judicium
1447 1352 1603 1423 proferrent
1613 1355 1802 1426 superhuJ'us-

121 1448 192 1502 nicae
213 1447 401 1514 continentes,
422 1446 471 1501 sed
487 1447 540 1502 hoc
560 1453 664 1501 tantum
686 1447 892 1519 praecipientes,
909 1455 940 1504 ut
990 1443 1064 1499 modi
1080 1443 1291 1511 calumniatore,
1306 1443 1540 1499 etcalumniarum
1553 1443 1582 1499 in
1594 1445 1743 1518 episcopos
1754 1443 1803 1500 de·

121 1538 233 1613 llugoni
251 1538 389 1593 Remense
405 1538 569 1593 redderetur
584 1538 769 1610 episcopium.
783 1538 888 1604 Quibus
899 1557 940 1595 re·
990 1536 1088 1591 latore.

122 1631 217 1685 citatis
232 1630 362 1685 ineuntes
373 1629 496 1700 episcopi
512 1629 657 1685 consilium
674 1646 734 1684 cum
749 1630 897 1687 abbatibus
913 1642 941 1688 et
1026 1630 1059 1683 tit
1075 1627 1124 1694 illi,
1151 1635 1296 1699 postquam
1324 1626 1431 1684 delator
1446 1627 1558 1700 publice
1583 1627 1740 1690 confutatus
1762 1635 1805 1686 est

120 1719 231 1774 esteris
244 1719 291 1790 qui
315 1717 433 1773 aderant
445 1717 629 1788 sapientibus,
655 1720 860 1790 responderunt
881 1736 939 1775 nou
951 1727 977 1796 Β
989 1721 1058 1776 falsa
1069 1720 1215 1786 detulisse,
1227 1719 1307 1775 lectis
1315 1719 1446 1790 capitulis
1455 1720 1488 1774 de
1499 1720 1806 1789 hujuscemodicalum·

121 1828 182 1866 esse
200 1811 315 1883 dignum
332 1811 373 1866 vel
389 1825 553 1883 congruum,
570 1818 600 1865 ut
614 1811 775 1866 mandatum
791 1811 939 1884 legationis
989 1809 1155 1875 uiatoribus,
1165 1808 1290 1878 judicant
1301 1817 1329 1863 et
1344 1808 1515 1864 unanimiter
1528 1819 1646 1865 censent
1658 1826 1734 1878 eum,
1749 1827 1805 1884 quo

120 1900 292 1971 apostolice,
325 1916 407 1971 quam
436 1899 540 1954 dudum
562 1899 711 1955 lietbertus
748 1901 938 1972 archiepisco·
990 1899 1135 1955 fruebatur
1145 1899 1251 1953 honore
1266 1897 1366 1968 privari
1385 1897 1499 1964 debere,
1514 1914 1547 1952 ac
1561 1899 1713 1954 secundum
1728 1900 1805 1973 capi·

122 2010 186 2064 pus,
200 1992 344 2048 deferente
360 1993 505 2048 frederico
520 1995 638 2063 preasule
652 1993 877 2067 llagontiacensi,
891 2011 940 2051 co·
990 1993 1108 2048 tutorum
1121 1999 1244 2046 tenorem
1261 1991 1288 2045 in
1303 1990 1429 2045 exsilium
1442 1992 1556 2047 retrudi.
1573 1992 1738 2049 ltiaconatus
1752 1994 1804 2068 igi-

123 2098 178 2136 ram
195 2081 312 2155 regibus
327 2088 354 2136 et
368 2081 509 2151 episcopis
522 2087 575 2135 tam
586 2080 678 2135 Galliae
693 2099 774 2153 quam
787 2066 940 2139 Germanice
991 2090 1036 2137 tur
1047 2096 1102 2151 quo
1116 2079 1283 2155 fungebatur
1300 2079 1456 2135 ministerio
1471 2080 1638 2151 multatus,a
1652 2092 1803 2154 conspectu

123 2180 298 2244 susceperat,
315 2181 457 2244 etpartem
467 2173 523 2241 jam
538 2173 940 2248 preceptionisipsiusexege-
991 2169 1091 2241 synodi
1118 2169 1285 2241 reprobatus
1300 2169 1444 2224 abscessit.
1467 2169 1579 2225 Artoldo
1598 2184 1664 2225 vero
1678 2169 1802 2242 praesuli,

123 2271 162 2319 rat
176 2271 295 2335 propter
305 2263 366 2317 illas
380 2263 485 2317 litteras
495 2263 698 2327 intermitteret,
712 2280 781 2335 guas
793 2263 939 2320 insidiator
992 2264 1039 2335 qui
1056 2263 1186 2319 omnibus
1201 2279 1231 2318 se
1244 2262 1359 2334 synodis
1374 2269 1539 2332 presentem
1554 2261 1728 2328 exhibuerat,
1745 2278 1802 2318 nou

123 2361 221 2408 noster
246 2351 417 2407 exhibebat:
448 2352 503 2406 imo
532 2353 606 2423 quod
628 2353 790 2426 regulariter
816 2363 937 2424 eoeptum
989 2357 1131 2432 refugiens
1155 2356 1288 2428 synodale
1301 2355 1447 2423 iudicium,
1467 2356 1639 2427 episcopium
1666 2355 1803 2412 flemense

123 2444 224 2507 fuerat,
251 2452 281 2499 ut
295 2444 427 2500 canonice
443 2451 666 2515 pertractaretur,
682 2446 849 2501 unanimiter
868 2462 938 2502 cen·
988 2448 1066 2517 juxta
1079 2462 1216 2501 canonum
1233 2444 1358 2500 instituta
1373 2452 1532 2499 sanctorum
1560 2443 1668 2499 Patrum
1683 2444 1803 2513 decreta,

123 2541 205 2588 sent:
220 2534 436 2607 praecipiturque
452 2535 560 2590 recitari
577 2535 727 2606 capitulum
742 2536 941 2612 Carthaginen-
990 2539 1104 2594 omnino
1120 2537 1295 2592 retinendum
1310 2543 1393 2608 atque
1419 2535 1625 2607 disponendum
1635 2535 1801 2601 decemuut,

125 2626 162 2680 sis
177 2626 292 2681 concilii
308 2642 412 2681 nouum
427 2626 576 2693 decimum,
592 2626 627 2681 de
640 2633 768 2681 accusato
783 2634 813 2681 et
827 2643 939 2682 accusa·
991 2630 1115 2694 laudent,
1132 2636 1214 2699 etque
1245 2625 1435 2681 corroborant.
1462 2624 1588 2680 Secunda
1614 2625 1803 2682 consessionis

125 2728 194 2773 tore.
213 2719 273 2784 Quo
289 2719 416 2782 recitato,
429 2718 582 2788 judicatum
602 2727 643 2774 est
656 2721 733 2789 juata
748 2718 940 2776 definitionem
991 2718 1048 2784 die,
1080 2723 1143 2788 post
1172 2713 1300 2770 recitatas
1326 2713 1426 2768 divinae
1442 2713 1613 2769 auctoritatis
1627 2713 1761 2770 lectiones
1775 2720 1804 2771 et

125 2809 214 2879 ipsius
229 2809 355 2880 capituli,
376 2817 406 2863 ut
420 2810 645 2865 communionem
659 2818 687 2865 et
707 2811 864 2882 parochiam
882 2812 939 2866 lle-
990 2812 1089 2867 ldarini
1103 2809 1197 2865 vicarii
1215 2808 1422 2874 allocutionem,
1446 2807 1584 2882 suggessit
1597 2808 1717 2863 domnus
1731 2808 1801 2866 flot-

125 2915 255 2953 mensem
271 2915 315 2953 me
331 2899 479 2965 retinente,
494 2899 580 2975 llugo,
594 2899 642 2971 qui
657 2900 728 2970 iata,
743 2900 817 2972 quia]
828 2901 941 2957 adduas
991 2906 1096 2973 bertus,
1110 2902 1281 2959 Trevirensis
1293 2900 1531 2973 archiepiscopus,
1543 2909 1572 2956 ut
1586 2901 1717 2973 quoniam
1725 2901 1804 2969 juxta

124 2992 180 3058 jam
193 2989 317 3060 synodos
330 2990 600 3044 evocatusinteresse
616 2998 831 3062 contempserat,
842 3009 858 3046 a
868 3008 941 3047 com·
992 3009 1077 3050 sacre.
1097 2993 1167 3065 legis
1186 2992 1321 3056 instituta,
1349 2991 1506 3047 restitutum
1521 2999 1605 3064 atque
1619 3000 1802 3046 restauratum

125 3080 261 3134 munione
277 3089 304 3134 et
320 3079 455 3154 regimine
472 3079 616 3134 hemensis
626 3079 761 3151 episcopii
776 3080 940 3149 abstineret,
956 3056 1082 3141 Cfuerat
1096 3085 1232 3140 Remense
1247 3084 1358 3139 Artoldo
1368 3083 1479 3155 praesuli
1493 3083 1676 3155 episcopium,
1689 3081 1717 3136 iu
1731 3082 1804 3152 ejus·

125 3171 218 3225 donec
239 3169 274 3224 ad
297 3167 482 3224 universalem
503 3168 651 3239 synodum,
666 3185 728 3240 quae
755 3169 940 3238 indicebatur,
991 3177 1055 3232 dem
1068 3175 1142 3231 sedis
1157 3175 1312 3230 invasorem
1324 3173 1456 3246 synodale
1468 3171 1802 3245 peragereturjudieium.

125 3277 189 3316 sese
205 3268 384 3334 purgaturus,
400 3260 443 3315 rel
459 3261 594 3315 rationem
616 3260 774 3316 redditurus
793 3269 941 3333 praesenta·
991 3265 1125 3336 Praecepit
1145 3265 1235 3336 itaque
1253 3263 1372 3318 llarinus
1386 3263 1514 3329 vicarius,
1530 3271 1560 3317 ut
1578 3261 1741 3318 canonicam
1756 3277 1801 3316 su-

125 3360 180 3406 ret.
203 3353 356 3424 lpsumque
368 3352 518 3423 capitulum
528 3368 592 3408 mox
603 3353 633 3407 in
647 3354 741 3408 charta
755 3354 880 3427 episcopi
894 3371 942 3410 co-
992 3375 1042 3432 per
1053 3359 1102 3412 hnc
1113 3355 1330 3428 presumptione
1340 3355 1464 3426 synodus
1476 3353 1613 3426 proferret
1623 3352 1801 3410 sententiam.

126 3462 185 3499 ram
213 3444 381 3500 sedescribi
399 3444 535 3512 fecerunt,
551 3446 750 3501 subnectentes
775 3447 940 3503 trauectiam
990 3449 1206 3521 Jubenturergo
1230 3451 1331 3500 sanctae
1347 3445 1418 3519 legis
1440 3443 1577 3501 catholica
1604 3443 1713 3501 recitari
1725 3442 1801 3514 capi-

125 3536 322 3592 definitionem
343 3553 432 3605 suam,
450 3544 476 3592 et
491 3537 582 3592 eidem
609 3538 716 3612 llugoni
731 3539 864 3595 miserunt
890 3540 941 3605 Qui
991 3540 1058 3595 tuta.
1074 3538 1180 3605 Quibus
1195 3536 1326 3602 recitatis,
1346 3537 1498 3592 seeundum
1514 3550 1654 3590 sacrorum
1678 3534 1802 3590 instituta

126 3637 190 3698 post
204 3628 319 3682 alteram
336 3627 410 3682 diem
435 3628 557 3682 chartam
572 3634 698 3683 eamdem
719 3628 849 3684 llotberto
869 3647 940 3700 prae·
990 3649 1139 3700 canonum,
1153 3642 1182 3687 et
1200 3637 1357 3686 sanctorum
1373 3629 1485 3684 decreta
1502 3627 1624 3695 Petrum,
1638 3625 1717 3694 stati,
1737 3626 1801 3681 Ale·

126 3717 179 3770 suli
196 3715 313 3778 remisit,
336 3707 388 3770 hoo
415 3714 509 3770 verbis
525 3715 708 3770 reinanuans:
725 3716 798 3787 quoa
814 3717 936 3787 ipsorum
991 3727 1099 3793 reneri,
1114 3723 1279 3790 innocentii,
1290 3721 1398 3787 zosimi,
1411 3719 1557 3789 bonifacii,
1573 3718 1721 3777 coeiattni.
1732 3718 1803 3774 tea-

124 3806 233 3887 judicio
248 3821 423 3877 nequaquam
433 3804 686 3860 obediturusesset.
699 3805 799 3878 Sicque
809 3806 937 3862 absoluto
988 3816 1042 3882 nis,
1070 3812 1237 3886 Symmachi,
1256 3818 1475 3880 caeterorumque
1494 3815 1651 3864 sanctorum
1671 3806 1800 3863 ccclesia

127 3897 259 3963 l0sstill⁰2
290 3897 349 3968 19⁸0
364 3897 515 3952 MO⁵⁰¹¹¹¹¹¹¹¹
538 3903 633 3952 ⁰⁰¹¹ls³
656 3898 891 3972 sstasstlalalessllm
910 3905 938 3953 θῑ
989 3907 1038 3962 liei
1059 3906 1214 3970 doctorum,
1230 3903 1549 3970 excommunicaverunt,
1571 3909 1599 3958 et
1612 3901 1648 3957 ab
1668 3901 1798 3958 Ecclesiae

128 3987 324 4058 episcoporum
340 3987 450 4053 retinet,
466 3997 493 4042 et
512 4003 564 4061 ego
580 3988 681 4043 flemus
699 4003 840 4062 regressus
853 3987 940 4043 recla-
990 3999 1038 4054 pet
1052 3998 1158 4069 gremio
1171 3996 1333 4068 repulerunt
1344 3995 1505 4066 praedictum
1522 3996 1666 4068 nugonem
1682 3993 1800 4049 nemen.

130 4079 261 4135 mationis
287 4095 355 4134 mere
375 4080 503 4151 querelas
530 4081 679 4137 adsedem
709 4082 859 4138 Romauam
892 4098 941 4154 per
990 4091 1029 4145 sis
1056 4087 1184 4144 Eoelesiae
1204 4101 1391 4159 pervasorem,
1409 4085 1501 4141 donec
1518 4084 1553 4140 ad
1572 4083 1801 4155 poenitentiamet

132 4167 349 4241 legatosdomni
378 4169 452 4242 regis
472 4169 586 4226 Othonis
610 4170 757 4238 destinavi,
780 4172 942 4243 prestolans
991 4179 1104 4254 dignam
1119 4176 1335 4233 satisfactionem
1350 4174 1446 4230 venire
1459 4185 1630 4246 procuraret.

132 4260 259 4314 mandata
275 4260 361 4331 ipsius
387 4269 488 4316 sanctae
507 4262 593 4330 sedis,
617 4263 678 4332 ejus
695 4263 814 4319 decretis
828 4272 855 4319 et
878 4263 942 4318 uni·
992 4270 1104 4328 (laeteris
1118 4285 1228 4342 qnoque
1252 4267 1352 4324 diebus
1376 4266 1476 4340 synodi
1504 4272 1618 4323 tractata
1645 4272 1801 4338 suntquae.

132 4351 244 4406 tesselis
273 4351 355 4420 huj¹¹⁵
370 4353 457 4408 sancti
480 4352 592 4408 concilii
607 4354 689 4409 leslli
711 4353 827 4422 judiciis
842 4368 939 4425 lasese
952 4363 1054 4452 Ddam
1078 4360 1237 4416 necessaria
1260 4357 1295 4414 de
1320 4356 1431 4414 incestis
1450 4356 1597 4431 conjugiis,
1617 4362 1645 4411 et
1663 4353 1801 4424 ecclesiis,

133 4456 253 4518 paratus.
990 4468 1051 4526 quae
1066 4449 1236 4523 preshyteris
1250 4448 1413 4522 inpartibus
1425 4446 1578 4503 Germaniae
1589 4445 1735 4513 dabantur,
1746 4445 1802 4501 imo

164 4541 231 4595 Post
244 4556 361 4612 quarum
377 4540 529 4595 littemrnm
562 4540 774 4608 recitationem,
803 4547 830 4594 et
845 4555 939 4594 earum
990 4539 1326 4606 vendebanturindebite,
1336 4546 1364 4594 et
1375 4537 1573 4594 auferebantur
1586 4535 1691 4606 illicite,
1704 4537 1802 4609 prohi-

136 4642 246 4704 propter
260 4648 341 4708 reges
356 4633 432 4702 juxta
444 4632 638 4688 thudesticam
654 4633 726 4704 has,
741 4633 916 4688 Teutonicum
932 4651 940 4700 ;
991 4636 1148 4706 bitumque,
1168 4649 1200 4688 ac
1214 4639 1345 4688 statutum
1355 4647 1391 4687 ne
1406 4630 1446 4686 ·id
1456 4630 1570 4687 omnino
1587 4636 1802 4702 praesumeretur

133 4725 152 4792 j.
170 4724 356 4796 theotiscam]
370 4725 492 4799 linguam
515 4724 780 4796 interpretationem,
801 4725 942 4799 ingressus
992 4726 1158 4799 abaliquo:
1178 4726 1273 4782 sedet
1292 4724 1326 4780 de
1341 4724 1403 4779 aliis
1417 4722 1546 4780 Ecclesiae
1565 4721 1613 4778 oei
1635 4720 1804 4778 utilitatibus

137 4812 432 4888 quidamSigebaldus,
450 4814 584 4886 praemissi
601 4814 724 4890 lingonis
736 4814 863 4881 clericus,
875 4821 944 4869 attu-
994 4823 1107 4873 tractata
1120 4822 1195 4882 sunt,
1218 4822 1246 4869 et
1262 4811 1377 4869 definita
1400 4812 1545 4869 nonnulla.
1562 4806 1670 4867 interea
1688 4827 1735 4867 rex
1750 4810 1804 4867 bu·

138 4906 162 4962 lit
176 4907 287 4962 litteras
304 4923 372 4977 quas
383 4907 469 4962 flaura
483 4906 629 4974 detulerat,
645 4923 769 4978 quasque
781 4907 837 4979 jam
850 4907 878 4962 in
891 4907 945 4962 alia
994 4905 1109 4962 doricus
1117 4904 1282 4976 deprecatur
1292 4917 1385 4975 regem
1393 4901 1577 4968 Othonem,ut
1585 4897 1741 4956 subsibium
1750 4898 1805 4957 sibi

138 4999 243 5070 synodo
261 4998 376 5054 llosomi
387 5000 588 5070 propalaverat.
603 5000 737 5054 Assereus
747 4999 858 5054 easdem
870 4999 944 5055 litte·
995 4999 1065 5055 ferat
1075 5004 1169 5053 contra
1185 4996 1328 5071 llugonem
1343 5005 1371 5052 et
1389 5002 1506 5050 ceteros
1524 4994 1651 5050 inimicos
1663 5009 1739 5050 suos.
1754 4992 1805 5060 Qui

139 5104 176 5143 ras
187 5088 243 5142 sibi
262 5087 356 5143 llornas
372 5089 406 5143 ab
422 5089 482 5160 ipso
492 5089 540 5160 qui
557 5089 651 5144 aderat
664 5088 768 5144 llarino
781 5087 882 5143 vicario
896 5088 946 5143 da·
994 5088 1081 5160 petita
1095 5085 1262 5151 concedens,
1280 5084 1359 5154 jubet
1374 5093 1404 5140 ut
1419 5083 1560 5145 Conradus
1575 5083 1705 5140 duacum
1726 5099 1805 5139 exer·

139 5187 185 5245 tas,
195 5179 245 5250 qui
256 5177 377 5233 domnus
386 5178 507 5234 blarinus
519 5178 663 5250 proferens
678 5178 782 5234 litteras
792 5195 861 5251 quas
872 5179 946 5233 idern
997 5179 1053 5237 citu
1069 5177 1289 5235 lothariensium
1305 5176 1333 5231 in
1349 5176 1410 5246 ejus
1422 5183 1519 5251 pergat
1533 5174 1675 5230 auxilium.
1691 5175 1804 5231 luterim

139 5270 303 5344 sigeboldus
332 5270 445 5326 llonmm
468 5270 613 5337 detulerat,
633 5270 766 5342 praecepit
790 5285 837 5325 eas
855 5285 947 5325 coram
997 5290 1063 5332 vero
1087 5273 1151 5328 dum
1178 5274 1394 5344 congregaretur
1418 5267 1566 5335 exercitus,
1586 5283 1632 5324 rer
1651 5265 1806 5323 ludovicus

140 5363 242 5433 synodo
259 5361 378 5428 recitari,
396 5362 423 5416 in
439 5378 555 5433 quarum
566 5361 726 5418 recitatione
742 5369 879 5432 repertum
893 5368 946 5428 est,
997 5380 1060 5420 cnm
1072 5363 1132 5433 ipso
1146 5361 1217 5416 duce
1228 5368 1349 5425 maneat,
1359 5366 1386 5415 et
1397 5357 1535 5430 episcopi,
1549 5356 1665 5424 scilicet,
1679 5355 1808 5412 Artoldns

141 5462 217 5521 prout
240 5454 309 5524 ipsae
321 5453 418 5509 litterae
434 5454 601 5520 fatebantur,
618 5454 692 5525 quod
705 5453 786 5511 Wido
799 5454 948 5526 episcopus
998 5461 1026 5508 et
1045 5448 1189 5516 flodulfus,
1206 5448 1253 5520 qui
1273 5455 1352 5503 erant
1365 5463 1426 5503 eum
1443 5463 1520 5522 rege,
1531 5461 1565 5501 uc
1581 5444 1647 5518 quid
1663 5445 1691 5500 in
1702 5444 1746 5501 via
1758 5459 1808 5515 pa-

140 5544 514 5621 Sncssonicus,llildegarius
529 5561 642 5618 quoque
653 5545 839 5613 llelvaceusis,
850 5545 949 5602 flodul-
1000 5549 1105 5598 teretur
1121 5537 1241 5604 adversi,
1258 5536 1394 5609 degerent
1408 5551 1471 5591 cum
1497 5533 1727 5591 Lotlrarieusibus
1747 5532 1808 5602 epi·

143 5632 182 5688 fus
197 5635 401 5703 laudunensis,
414 5636 564 5708 caeterique
578 5634 669 5691 currcti
689 5635 833 5692 tiernensis
847 5635 949 5693 ditucu-
999 5634 1103 5707 scopis.
1124 5631 1275 5688 ldausimus
1297 5629 1390 5703 itaque
1408 5645 1470 5686 cum
1500 5627 1631 5686 lietberto
1644 5622 1808 5693 trevirensi,
