3840 6106
138 239 193 297 ete
507 236 692 298 elouoanor
711 238 865 297 cahonlcl
884 237 1050 297 DEMENSlS
1069 239 1240 300 opuscula
1259 241 1415 302 hlodoico.
1759 246 1816 303 58⁰

137 372 234 445 Fitque
247 371 309 443 pius
319 370 412 427 senior
424 369 503 442 pueri
516 368 670 426 directorel
684 377 769 436 ector,
965 373 988 440 Α
1002 368 1069 425 Cum
1082 377 1158 427 tanto
1173 371 1201 427 in
1214 373 1319 445 populo
1335 371 1440 430 iaciens
1450 373 1523 429 bona
1536 374 1579 430 rix
1590 374 1663 431 iuret
1677 391 1753 430 unns
1768 392 1777 439 ς

137 466 262 523 (tilleium
278 464 341 520 dnm
351 463 455 534 praebet
468 462 493 518 ei
511 462 666 538 linguaque
680 464 849 536 pedumque,
1002 465 1262 541 Suggeritetsecum
1278 469 1406 530 precihus
1420 469 1601 542 procumbere
1616 471 1745 542 plebem.

137 559 229 628 Cujus,
243 572 305 613 cum
319 553 430 627 quando
441 553 561 610 obtinuit
584 561 663 628 pater
677 555 783 613 exstitit
795 556 873 622 olim,
1001 557 1068 624 Una,
1083 573 1137 614 non
1153 559 1232 630 parili
1244 560 1355 628 merite,
1365 576 1433 617 voce
1446 562 1548 616 aethera
1562 561 1684 633 pulsant.

174 647 270 703 Clausa
281 646 324 703 vir
333 645 463 722 egregius
477 651 604 701 scrutans
619 661 718 702 arcana
729 646 852 713 ridebat,
1000 646 1030 702 Et
1041 647 1176 703 Christum
1193 649 1296 720 pariter
1308 651 1556 708 summissamente
1568 658 1730 724 precantur,

138 736 218 791 Nulla
230 735 342 791 domum
355 735 436 804 cuius
450 737 550 792 mulier
561 744 708 809 penetrare
724 737 841 795 solebat.
998 737 1052 795 Sed
1064 740 1126 812 quis
1138 756 1201 796 eum
1211 741 1307 817 digno,
1323 757 1393 815 puro
1408 743 1471 815 quis
1481 744 1566 801 corde
1580 755 1704 820 rogaret,

137 827 217 883 Forte
231 827 283 883 init
296 828 423 900 quedam
433 829 550 901 cupiens
564 830 794 895 inriserevatem,
998 830 1103 887 Arcano
1120 832 1252 888 Dominus
1267 832 1370 890 iamulo
1388 850 1517 891 sermone
1538 837 1653 903 revelat,

137 919 295 991 llilitiaeque
309 920 384 976 viros
398 921 459 993 ejus
473 920 610 978 habitacla
625 929 752 994 petentes
998 920 1094 978 Pandit
1107 931 1134 978 et
1147 922 1169 978 is
1187 924 1289 995 populo
1304 924 1376 997 quod
1394 926 1428 982 de
1444 933 1483 982 tot
1499 926 1718 983 millibusunum

137 1009 240 1075 Cernit,
254 1021 282 1070 et
296 1014 432 1086 arripiens
446 1014 569 1070 habitum
584 1015 803 1072 mutaturirilem
996 1012 1122 1070 Audierit
1134 1015 1266 1072 Dominus
1278 1033 1384 1084 secum,
1397 1033 1557 1091 nomenque
1567 1018 1672 1076 latetur

136 1100 267 1158 llilitibus
281 1103 410 1160 comitata
423 1103 497 1158 subit
511 1119 593 1159 secus
609 1103 678 1159 ostia
692 1102 789 1159 sancti.
994 1102 1138 1177 Agricolae,
1154 1107 1326 1179 accersitque
1338 1108 1439 1172 virum,
1455 1109 1593 1182 vitamque
1611 1116 1741 1181 precator

136 1193 243 1249 limina
257 1209 312 1250 non
329 1194 434 1250 audens
446 1193 536 1249 vetitae
551 1194 622 1265 pede
637 1199 750 1266 tangere
761 1192 837 1249 cellae
994 1191 1097 1259 Edieat,
1114 1193 1213 1267 reliqui
1227 1201 1258 1251 ut
1273 1196 1373 1251 laetum
1395 1197 1582 1271 meritumque
1602 1205 1771 1271 sequantur.

135 1282 329 1342 Consecranda
344 1282 412 1354 petit
425 1282 554 1339 comitum
561 1282 687 1351 jumenta
703 1300 711 1348 ;
727 1282 864 1338 sinuntur.
996 1278 1030 1334 Se
1044 1282 1093 1336 sed
1109 1281 1153 1338 bic
1167 1282 1313 1360 indiguum
1328 1292 1560 1359 peccatoremque
1579 1287 1687 1344 rcierre

138 1379 282 1434 lutroeum
300 1378 380 1445 socii,
396 1378 653 1451 benedicunturque
664 1379 737 1435 beati
991 1372 1100 1430 Perstat
1119 1392 1126 1439 ;
1142 1383 1172 1431 ut
1185 1378 1343 1449 exemplum
1354 1379 1458 1436 tribuat
1470 1379 1581 1436 sictutis
1595 1381 1714 1448 amicus,

117 1467 186 1524 ‘Dre
201 1470 251 1526 uiri
264 1487 271 1534 ;
286 1469 402 1540 posthae
412 1469 450 1524 ait
469 1468 514 1525 ille
531 1485 537 1523 :
554 1489 566 1520 r
582 1469 725 1524 Demensit
992 1463 1031 1520 Ne
1047 1471 1149 1520 tectum
1164 1467 1269 1523 celetur
1288 1483 1359 1539 opus
1373 1469 1475 1525 honum
1491 1477 1519 1526 et
1533 1470 1603 1526 utile
1619 1470 1728 1539 multis,

134 1561 255 1629 Quilibet
269 1559 425 1626 anteiores,
441 1576 474 1616 ex
489 1576 534 1616 me
547 1560 592 1615 cui
603 1559 668 1615 talia
681 1559 771 1616 iente:
993 1557 1132 1617 Cultorem
1151 1560 1310 1630 compulsus
1323 1560 1382 1635 agri
1397 1576 1427 1616 se
1443 1561 1548 1634 detegit
1562 1561 1622 1628 ille,

133 1645 193 1702 Noli
208 1646 307 1709 vexari.
320 1647 392 1703 intro
406 1647 505 1719 pedem
521 1664 613 1720 neque
623 1648 713 1723 dirige
728 1648 825 1703 Christi
993 1652 1101 1723 llesque
1117 1651 1253 1721 tripertito
1268 1651 1426 1726 sejungere,
1443 1652 1672 1724 pauperibusque

132 1738 230 1796 Contra
243 1740 418 1811 dispositum,
435 1740 506 1796 servi
518 1739 584 1796 fidei
614 1741 682 1813 [cod.
695 1740 713 1796 2
727 1740 796 1814 lieri]
813 1743 871 1812 ipse
886 1743 942 1798 mi·
993 1743 1072 1799 Parte
1087 1744 1160 1809 date,
1176 1741 1245 1798 fisco
1260 1751 1375 1814 partem,
1391 1743 1445 1798 sibi
1459 1751 1558 1799 celera
1568 1744 1684 1812 subdat,

797 1831 906 1904 [sertus.
993 1832 1106 1888 Enitens
1115 1832 1197 1888 rebus
1211 1832 1331 1904 propriis
1341 1839 1489 1889 contentus
1501 1833 1608 1903 haberi,

132 1919 253 1994 Namque
269 1920 310 1976 tui
323 1921 464 1977 cernendo
481 1919 563 1979 iidem
580 1923 712 1980 Dominus
730 1925 938 1995 prebuimus.»
993 1919 1118 1975 Reddere
1133 1935 1195 1992 quae
1208 1920 1318 1976 Domini
1333 1921 1533 1994 Domiss02qllae
1553 1920 1672 1978 Caewis
1692 1922 1744 1994 ipsi
1760 1940 1767 1972 ²

134 2012 242 2087 Egressi
257 2012 386 2069 comitem
400 2014 503 2085 pandat
518 2030 572 2087 quo
586 2031 650 2070 vera
664 2025 835 2087 precantum
992 2012 1118 2068 Tendere
1133 2028 1275 2085 nunquam
1290 2013 1340 2069 ulli
1351 2013 1476 2078 insidias,
1492 2015 1618 2087 nullique
1634 2031 1754 2082 nocere;

130 2100 225 2156 Prodit
238 2116 268 2155 se
283 2101 396 2169 sociam,
411 2102 504 2158 socius
518 2102 620 2175 quibus
635 2111 701 2160 ante
716 2111 838 2176 putatus,
982 2104 1112 2160 ·Fratrem
1141 2121 1282 2178 quemque
1306 2122 1387 2161 suum
1421 2105 1449 2160 iu
1491 2105 1599 2162 Christo
1632 2122 1686 2162 ceu
1714 2114 1798 2163 seruet

131 2189 207 2245 Talia
220 2195 312 2245 mente
324 2190 375 2244 viri
387 2207 474 2263 quere
489 2194 696 2264 presumpserit
707 2195 824 2251 addens.
1660 2195 1768 2267 [amare.

130 2277 248 2333 duribus
266 2280 324 2334 haec
339 2279 378 2334 illi
394 2280 513 2352 stupidis
529 2282 678 2358 animoque
692 2284 831 2340 trahentes
992 2282 1091 2339 Audito
1104 2283 1156 2340 hoc
1168 2284 1243 2339 cives
1256 2282 1389 2339 humilem
1404 2292 1582 2352 venerantur,
1596 2285 1735 2341 honorant

130 2370 306 2445 hlegnilicant
320 2373 445 2437 Domini,
460 2384 626 2431 venerantes
639 2391 765 2444 munera,
780 2392 900 2433 servum.
993 2377 1162 2444 Duriculam,
1178 2377 1362 2450 meritumque
1374 2379 1414 2449 pii
1429 2379 1568 2435 Simeonis
1580 2379 1710 2445 adorant,

132 2462 237 2518 Funera
247 2468 310 2534 post
321 2463 400 2532 cujus
415 2466 541 2537 quaedam
557 2473 692 2524 temerare
706 2476 834 2540 protervo
992 2468 1044 2524 Per
1054 2468 1182 2543 geminos
1196 2469 1263 2524 istos
1272 2462 1393 2526 instanti
1406 2487 1422 2525 a
1436 2478 1525 2526 morte
1544 2471 1664 2539 revulsi,

131 2559 251 2615 Claustra
266 2571 364 2632 petens
378 2575 458 2625 ausu,
473 2562 598 2618 vetitam
613 2563 685 2635 pede
699 2564 906 2641 liminatangit,
991 2560 1068 2626 Quod
1083 2575 1138 2615 non
1153 2560 1327 2630 spondentur
1340 2559 1468 2616 Sodomis
1486 2559 1614 2616 conferre
1633 2561 1745 2617 noveni.

131 2650 213 2705 iletre
221 2650 301 2721 plexa
309 2652 374 2720 ruit,
383 2652 513 2724 lethoque
526 2653 647 2709 coercita
660 2655 753 2711 cessit.
1027 2651 1103 2706 llnnc
1118 2651 1230 2706 charum
1244 2649 1377 2705 Dominus
1391 2648 1524 2705 famulum
1537 2651 1660 2722 protexit
1681 2650 1716 2705 ab
1725 2648 1794 2706 omni

167 2738 246 2809 Saepe
258 2738 370 2811 quidem
385 2739 501 2795 veniens
516 2739 645 2797 benedici
659 2743 863 2816 multapelebat
992 2744 1083 2806 lloste,
1105 2751 1204 2800 notans
1216 2742 1291 2815 quod
1306 2742 1329 2798 si
1344 2743 1407 2814 quis
1421 2742 1447 2798 ei
1466 2743 1538 2798 mala
1553 2741 1627 2798 ierne
1648 2750 1762 2815 pararet,

130 2831 219 2887 Turba
247 2832 393 2888 hominum
423 2848 431 2896 ;
458 2833 508 2889 sed
535 2850 569 2890 ea
601 2835 698 2911 longas
721 2836 785 2892 dum
815 2843 941 2910 tempore
990 2834 1021 2889 ln
1039 2834 1183 2891 Dominum
1198 2841 1334 2906 peccaret,
1351 2834 1416 2889 dum
1430 2833 1571 2906 tangendo
1585 2834 1721 2890 nitentem

775 2929 904 3002 [quodem
991 2922 1159 2997 Conspectus
1172 2925 1282 2980 Domini
1299 2923 1433 2996 pupillam
1451 2929 1577 2998 tangeret
1589 2921 1650 2979 alti.

132 3014 296 3086 Expectante
308 3030 399 3070 moras
410 3015 539 3086 precibus
550 3016 632 3072 trahit
644 3016 703 3085 ille,
723 3017 851 3075 minister
990 3013 1105 3079 Quidam
1120 3030 1222 3084 nempe
1236 3013 1323 3080 ierox,
1338 3028 1411 3069 saevo
1424 3013 1574 3086 instigante
1593 3012 1727 3079 dracone,

129 3103 254 3160 innitens
267 3103 399 3178 gradibus
414 3105 576 3161 conscendit
585 3103 619 3159 ad
633 3105 851 3173 altacolummae,
952 3100 1141 3169 Chlmilicum
1154 3105 1223 3160 diris
1238 3105 1379 3177 praesumit
1391 3119 1506 3175 carpere
1521 3103 1614 3169 dietis,

130 3195 185 3251 Nec
203 3210 337 3267 responsa
351 3196 425 3268 capit
436 3195 569 3268 populum
583 3196 699 3252 solarier
711 3213 794 3253 orans
809 3215 816 3252 :
986 3195 1064 3251 llunc
1075 3195 1248 3251 seductorem
1262 3209 1418 3249 memorans
1431 3201 1460 3249 et
1474 3191 1571 3248 lallere
1585 3192 1693 3257 turbas,

128 3286 249 3343 Vocibus
263 3287 382 3343 assiduis
394 3287 506 3344 taudem
520 3288 666 3345 insistente
674 3298 794 3358 caterua,
987 3287 1143 3361 lllilitiaeque
1158 3293 1258 3358 potens
1270 3286 1383 3342 sibimet
1398 3284 1530 3340 mandare
1545 3284 1708 3360 magistrum

132 3397 142 3425 ι
159 3374 209 3443 lle,
221 3375 318 3431 iratres
327 3376 413 3444 chari,
428 3377 487 3432 sitis
499 3377 578 3446 mihi,
590 3394 695 3449 quaeso,
712 3380 852 3448 molestis,
985 3375 1071 3432 Vadat
1085 3384 1112 3434 et
1124 3376 1197 3432 hunc
1212 3391 1315 3431 verens
1329 3375 1451 3446 deponet
1466 3374 1579 3429 abarce
1594 3374 1739 3430 columne.

128 3471 244 3525 Sanctus
257 3469 305 3536 sit,
324 3495 336 3517 «
352 3474 474 3529 montes
487 3473 560 3545 quod
574 3473 653 3529 vohis
667 3472 751 3530 affero
763 3474 893 3542 aurdanu
986 3465 1140 3520 Permissus
1155 3471 1283 3537 properat
1293 3465 1441 3536 sociosque
1456 3464 1567 3520 asciscit
1581 3471 1610 3519 et
1622 3463 1692 3519 altas

126 3561 224 3635 Magna
237 3559 348 3634 quidem
357 3561 435 3616 navis
454 3577 498 3617 me
511 3562 579 3616 dum
595 3562 732 3618 vocitabat
746 3564 774 3618 in
788 3564 853 3631 alto,
983 3558 1131 3629 Appellunt
1144 3559 1231 3614 scalas
1247 3574 1254 3623 ;
1270 3557 1403 3633 gradibus
1417 3556 1610 3612 conscendere
1624 3557 1700 3612 nisos

127 3650 210 3722 Cuius
223 3651 257 3705 ad
267 3642 384 3705 'exitium
398 3650 503 3707 tumida
515 3658 646 3727 surgente
659 3652 790 3724 procella,
984 3645 1091 3712 lnielix,
1102 3662 1185 3718 quern
1200 3661 1382 3702 conscensum
1397 3644 1469 3700 mala
1483 3654 1545 3701 vota
1560 3643 1700 3719 negabant
1714 3661 1720 3698 :

127 3746 221 3801 Ferme
231 3751 415 3801 trecentorum
430 3743 567 3800 titubabat
580 3744 635 3800 vita
650 3745 790 3801 virorum:
982 3739 1101 3811 Tresque
1111 3739 1214 3813 gradus
1226 3738 1364 3794 scandens
1377 3744 1566 3809 superauerat,
1587 3752 1655 3793 ecee
1682 3742 1774 3792 remote
1795 3758 1802 3775 ·

126 3840 215 3894 ilente
229 3838 311 3894 simul
325 3837 399 3894 sensi
414 3838 559 3895 Dominum
574 3855 619 3914 me
632 3854 747 3910 poscere
755 3841 844 3912 posci,
986 3829 1016 3884 vi
1031 3846 1131 3901 Supera
1146 3829 1227 3886 ⁸0⁸¹ae
1245 3830 1339 3886 ³¹¹le
1354 3830 1457 3902 liquere
1469 3828 1628 3886 00¹¹¹¹¹¹¹¹8¹¹¹
1645 3847 1657 3896 l

127 3929 348 3999 ttmnipotentem
362 3926 417 3982 adn
432 3927 514 3996 votis,
528 3927 575 4000 qui
589 3928 715 3998 protinus
730 3929 786 3984 itus
986 3919 1018 3974 Et
1030 3919 1114 3974 miser
1127 3935 1268 3991 appensus
1282 3921 1363 3984 coeto,
1379 3928 1507 3991 terraque
1522 3933 1653 3989 perosus,

124 4019 311 4092 Tranquillum
325 4018 470 4075 miseratus
485 4034 567 4090 opem
576 4018 675 4075 direxit
689 4019 716 4075 in
732 4019 851 4075 undas.»
985 4010 1117 4075 Quolltlol
1137 4017 1166 4068 ul
1180 4011 1282 4067 cubilis
1297 4010 1385 4066 elatus
1399 4026 1462 4067 rure
1477 4009 1624 4082 pependit·

125 4112 244 4177 Dixerat,
259 4119 287 4166 et
302 4109 432 4182 precibus
446 4109 536 4164 ditem
546 4109 574 4162 in
588 4125 656 4180 pace
670 4109 825 4165 remittens.
985 4100 1054 4156 Eece
1069 4100 1163 4156 furens
1177 4100 1285 4156 animos
1299 4107 1401 4157 0580810
1416 4097 1622 4155 ⁶0rdes01'0008

124 4205 143 4257 0
162 4220 242 4259 mens
256 4201 309 4257 alla
323 4201 384 4268 riri,
398 4200 457 4273 qui,
473 4200 584 4256 domate
598 4206 693 4271 septus
710 4201 738 4255 in
756 4208 843 4268 arcto,
984 4192 1104 4253 Exlollil·
1122 4193 1304 4265 pharetraque
1317 4192 1391 4264 mpii
1404 4192 1549 4263 Ρθῠᾶθῐὶῑθ
1566 4191 1705 4260 sagimini

123 4295 214 4351 Mente
226 4292 309 4348 maris
322 4292 387 4347 dum
402 4293 499 4347 lustrat
509 4305 605 4362 aquas,
620 4290 804 4361 praesentibus
815 4298 895 4359 astat,
984 4282 1146 4355 Lunamque
1162 4298 1226 4338 ΜΠ
1241 4281 1328 4337 nisam
1344 4282 1389 4354 pia
1404 4281 1528 4337 membri!
1538 4280 1653 4347 smmi

122 4386 241 4460 Turgida
255 4384 407 4442 concilians
421 4381 583 4438 absentibus
597 4397 708 4455 aequora
723 4399 868 4454 praesens;
943 4377 1027 4497 Dira
1053 4392 1173 4449 superna
1201 4392 1314 4433 manum
1347 4375 1411 4432 ierit
1439 4392 1446 4431 ε
1473 4375 1546 4432 haud
1571 4390 1649 4432 mora
1669 4370 1775 4447 plectitur

123 4477 244 4549 Spiritus
258 4489 428 4546 exsuperans
440 4488 552 4529 carnem
565 4473 712 4544 praesentia
726 4471 829 4541 differt,
1651 4463 1749 4537 [areum

122 4564 336 4635 Transaaditque
351 4563 440 4619 solum
459 4561 597 4618 tribulatis
612 4568 757 4634 promptus
767 4562 875 4618 adesse.
982 4559 1105 4633 llincque
1116 4559 1190 4616 ierus
1204 4560 1358 4635 chiragram
1372 4559 1476 4631 patitur
1486 4558 1648 4631 rapiturque
1660 4557 1772 4630 podagra

123 4652 210 4710 Carne
220 4653 286 4709 licet
297 4651 427 4727 gravidus
441 4650 577 4721 liberjem
588 4650 674 4707 lemur
686 4652 714 4707 in
726 4652 831 4708 orbem.
980 4651 1075 4708 Diiioio
1090 4669 1222 4708 mannum
1236 4658 1397 4708 monstrans
1415 4665 1547 4723 peccasse
1560 4649 1726 4723 pedumque.

124 4749 192 4826 Ergo
206 4763 311 4825 negans
322 4763 378 4803 non
389 4746 549 4819 spernendo
564 4748 747 4819 presentibus
766 4764 857 4817 aures,
979 4742 1046 4798 Nam
1062 4742 1161 4798 Christi
1175 4750 1290 4799 mustus
1301 4741 1350 4798 ubi
1365 4749 1542 4813 prosternere
1557 4756 1672 4798 serrum

122 4845 205 4896 aures
219 4855 275 4912 quo
290 4854 413 4911 praesens
422 4854 478 4896 non
489 4840 656 4896 cernebatur
665 4839 807 4907 hahebat,
978 4838 1113 4895 Sternilur
1128 4838 1188 4910 ipse
1201 4838 1296 4905 miser,
1311 4837 1407 4894 dextra
1421 4836 1572 4894 damnante
1585 4850 1719 4910 superna.

120 4933 253 4989 Nimirum
267 4932 383 4989 Domino
395 4933 508 5002 junctus
522 4933 730 4990 transcenderat
744 4933 809 4990 ima.
978 4928 1085 4983 Dudum
1095 4926 1196 4983 etenim
1212 4927 1297 4983 turris
1309 4926 1373 4984 coeli
1384 4926 1433 4999 qui
1447 4925 1521 4984 celas
1531 4927 1656 4998 petentis

154 5023 203 5079 llic
213 5023 356 5099 regionem
372 5022 453 5078 istam
470 5023 533 5094 pins
547 5028 577 5079 ut
592 5032 725 5095 patronus
738 5024 841 5091 alebat,
978 5018 1134 5075 Structores
1146 5019 1221 5076 labio
1237 5019 1265 5075 in
1281 5018 1374 5075 multis
1388 5016 1506 5074 secrevit
1521 5018 1557 5074 ab
1569 5034 1637 5085 unc,

118 5113 268 5169 Pestiferos
281 5127 428 5172 removens
442 5112 555 5169 morbos
569 5113 718 5186 cladesque
730 5112 890 5185 repellens;
980 5108 1156 5181 Ascensuque
1170 5108 1227 5181 poli
1246 5108 1377 5183 indignos
1395 5108 1545 5164 summovit
1558 5108 1676 5181 inepto;

118 5204 185 5260 ilem
200 5205 309 5261 telluris
322 5219 403 5279 agros
417 5213 510 5260 motus
524 5205 668 5278 quatiebat
680 5211 707 5261 et
720 5205 795 5262 edes
948 5211 955 5224 ·
984 5198 1045 5272 lpse
1060 5206 1165 5256 trucem
1186 5213 1333 5254 removens
1355 5197 1532 5269 presumptis
1555 5198 1676 5270 perculit
1686 5196 1775 5253 boeleio

121 5295 170 5350 llic
182 5293 567 5367 quondampariteraternens
578 5295 933 5386 hominesquedomosqne,
984 5294 1129 5351 Cressibus
1143 5295 1283 5351 excelsum
1300 5292 1407 5348 Domini
1421 5300 1689 5365 vexareparentem,

118 5385 197 5441 Cives
206 5385 391 5461 agricolaeque
403 5386 555 5458 simulque
568 5393 646 5458 peste
661 5388 750 5444 coacti
985 5383 1127 5459 indignus,
1147 5381 1278 5437 famulum
1293 5381 1357 5437 coeli
1371 5387 1477 5437 secreta
1492 5381 1645 5448 colentem,

118 5476 276 5534 Presidium
292 5486 418 5550 quaerunt
429 5477 516 5534 Petris
524 5477 644 5534 sublime
658 5477 743 5535 beati.
1018 5474 1174 5529 aitsanctus
1188 5470 1297 5528 Domini
1308 5478 1454 5543 postquam
1467 5471 1647 5543 perpluribus
1656 5471 1735 5528 aunis

8 5560 12 5567 '
117 5567 165 5621 llle
179 5564 229 5622 Dei
239 5564 347 5639 liquido
361 5566 541 5623 venientibus
556 5565 681 5639 nudique
695 5564 786 5623 turbis
979 5567 1060 5624 Fixus
1075 5580 1167 5622 amore
1183 5564 1231 5622 Dei
1243 5564 1319 5621 celsa
1337 5565 1414 5622 stetit
1427 5566 1501 5622 altus
1516 5565 1545 5621 in
1560 5580 1639 5635 erce,

117 5655 183 5714 Dsse
198 5657 289 5730 sperit
306 5657 420 5733 dignam
428 5657 535 5717 meritis
549 5655 720 5715 iacientibus
739 5657 819 5728 lram,
978 5661 1123 5731 Nunquam
1139 5655 1304 5713 intermissis
1319 5656 1460 5728 precibus,
1471 5656 1646 5731 ,demnmpis
1659 5656 1726 5716 isliu
