3840 6106
501 250 684 311 stannatio!
704 251 857 309 canente!
877 252 1043 310 hanensts
1062 253 1232 311 cruscula
1250 249 1405 308 huthlca.

865 406 972 462 catut
996 407 1042 464 lll.

313 506 352 565 De
364 506 493 566 secundo
507 505 642 568 Adriano
656 522 749 584 popo,
763 512 789 565 ct
806 506 831 565 H
835 508 970 566 ioremnro
981 506 1109 583 praesule
1123 513 1236 578 nostro,
1254 502 1361 564 Gorolo
1375 520 1494 581 quoquc
1508 520 1586 580 repe.

157 642 224 696 llinc
238 641 474 697 sacrasuccedunt
486 639 597 695 Adriani
613 640 675 709 jura
685 641 810 696 secundi.

119 737 168 802 Qui
184 737 246 809 pius
256 752 288 792 ac
302 735 426 807 placidus
440 736 577 802 laudatur,
593 737 728 792 etordine
743 737 843 803 clarus,

119 828 292 899 Pauperibus
311 829 413 903 largus,
433 828 619 900 locupletibus
633 836 714 901 atque
729 829 868 900 benignus
881 848 888 894 ;

120 918 255 974 Omnibus
267 925 295 974 et
313 919 432 985 medius,
448 920 515 974 nulli
536 919 588 975 nisi
604 921 703 975 charus
718 920 870 975 habendus.

120 1011 295 1083 compatiens
308 1011 407 1081 passis,
424 1012 561 1083 patientes
575 1013 701 1082 improba
715 1028 837 1078 servans,

121 1102 321 1173 Passorumque
335 1100 428 1157 lerens
442 1118 534 1168 eausa,
550 1103 702 1176 longinqua
717 1109 839 1174 pererrat

121 1190 236 1262 Scriptis
255 1205 350 1264 regna,
378 1206 496 1247 monens
521 1190 635 1266 rigidos,
663 1207 793 1264 reparans
817 1206 927 1263 quoque

774 1280 893 1351 israeles,

121 1370 291 1442 iustitiaeque
305 1369 376 1424 viam
388 1371 465 1439 justo
481 1369 671 1425 moderamine
686 1371 822 1440 pandens,

123 1463 212 1533 thue
226 1463 318 1517 Patres
332 1462 426 1533 superi
441 1462 476 1497 ²⁰⁸
491 1462 573 1536 Regis
588 1461 729 1533 fastusque
744 1471 862 1517 coercet.

123 1554 160 1609 hc
171 1553 287 1609 maculis
302 1569 419 1627 purgare
430 1553 516 1626 nigris
531 1552 623 1626 regale
638 1554 671 1588 ²⁹³
688 1554 792 1609 laborat

124 1647 200 1702 Nunc
214 1647 319 1701 monitu
333 1646 445 1712 blando,
468 1661 542 1701 nunc
555 1645 704 1716 asperitate
719 1646 821 1701 cubile.

160 1738 232 1809 (195)
250 1736 408 1793 Pontificem
429 1738 453 1792 is
469 1744 592 1792 nostrum
612 1737 696 1791 surnit
723 1752 873 1810 regemque
887 1752 934 1792 so-

800 1823 898 1896 [dales,

128 1917 301 1972 hincmarum
324 1924 352 1970 et
369 1915 511 1981 carolum
527 1915 675 1987 sociosque
692 1914 795 1971 laboris
810 1916 932 1987 adoptat.

126 2008 294 2079 Sceptraque
308 2006 348 2061 sic
366 2006 468 2077 pariter
483 2007 563 2062 tutari
578 2006 719 2061 acrimine
732 2013 827 2062 certat.

128 2098 158 2153 ln
172 2097 264 2153 multis
277 2096 359 2151 etiam
374 2096 468 2152 divina
483 2097 542 2171 lege
557 2096 686 2170 regendis

937 640 1008 713 Alit
1024 639 1172 694 rationales
1183 653 1234 710 per
1248 652 1329 711 agros
1343 637 1389 708 pia
1401 636 1510 691 semine
1524 651 1679 712 spargens:

990 732 1088 802 lltpote
1103 732 1288 803 doctiloquus,
1304 730 1436 801 prudens,
1451 746 1593 802 sensuque
1612 730 1728 800 peritus,

976 823 1129 879 Sollicitum
1143 823 1190 894 qui
1205 839 1235 878 se
1248 822 1380 896 gregibus
1393 823 1534 893 praebebat
1552 821 1673 877 alendis.

1013 912 1071 977 Quo
1090 912 1216 966 Patribus
1228 912 1324 980 juncto
1338 911 1427 967 solers
1438 910 1514 966 subit
1529 912 1585 965 alta
1595 910 1719 965 llarinus

978 1000 1121 1074 Regmina,
1147 1000 1193 1072 qui
1219 999 1336 1072 placitus
1351 1000 1466 1056 llomino
1489 1006 1516 1054 et
1535 999 1624 1054 decus
1646 999 1724 1054 orbis
1742 1000 1781 1052 ha·

1655 1091 1752 1163 [betur.

979 1184 1109 1259 Augustis
1123 1185 1235 1251 charus,
1248 1184 1413 1254 populorum
1428 1183 1529 1259 dignus
1542 1192 1673 1248 amator3

980 1276 1117 1333 lloctrinis
1127 1276 1260 1343 renitens,
1270 1277 1355 1332 sacris
1368 1283 1395 1331 ct
1409 1277 1517 1332 semina
1528 1277 1595 1332 dica

980 1367 1115 1424 cordibus
1130 1366 1280 1420 inlundens
1290 1366 1432 1422 hominum
1446 1384 1498 1438 per
1506 1367 1619 1423 climata
1638 1366 1745 1422 mnndi.

980 1460 1046 1514 llam
1059 1459 1153 1513 Graios
1164 1474 1309 1529 superans,
1325 1459 1412 1530 pulsis
1426 1459 1582 1526 erroribus,
1603 1475 1689 1514 unam

980 1547 1110 1602 Reddidit
1127 1547 1286 1613 Ecclesiam,
1298 1548 1470 1619 scissumque
1484 1549 1580 1624 coegit
1591 1549 1678 1605 ovile.

1021 1642 1071 1711 (13)
1093 1640 1253 1697 Pontilicem
1280 1648 1405 1698 nostrum
1433 1643 1582 1700 Falconem
1610 1645 1657 1701 hic
1677 1645 1785 1701 iascibns

1638 1734 1755 1807 [ornans

986 1820 1099 1876 lnstruit
1113 1836 1172 1888 ore,
1191 1837 1273 1877 manu
1288 1824 1405 1894 pastoris
1418 1828 1527 1880 comere
1541 1826 1616 1895 jura,

984 1916 1158 1987 institiaeque
1177 1917 1238 1985 ejus
1257 1920 1413 1992 congaudet
1426 1928 1573 1994 promptus
1593 1923 1691 1978 amori.

986 2006 1072 2076 lnque
1084 2005 1235 2061 refutandis
1250 2004 1524 2082 praestans'sullragia
1537 2011 1644 2082 pravis,

986 2101 1048 2155 Fert
1068 2117 1098 2155 sc
1113 2101 1276 2170 adjutorem,
1297 2104 1411 2159 multam
1428 2104 1584 2160 minitando
1599 2105 1727 2176 superbla

129 2194 197 2250 lliuc
214 2204 336 2251 nostrum
359 2194 466 2252 Patrem
482 2196 536 2251 sibi
557 2196 667 2252 tratrem
682 2166 1064 2268 aclsciscitagonis.ssllunc
1090 2193 1200 2249 iratrem
1234 2196 1309 2250 velut
1341 2196 1520 2267 amplectens,
1557 2196 1781 2252 incommodare

130 2354 167 2406 De
179 2353 282 2406 leenae
290 2365 366 2421 popa
382 2351 446 2406 l⁷lll
459 2355 484 2406 et
498 2352 604 2406 Morino
618 2351 676 2421 ejus
691 2366 839 2406 successore
855 2350 935 2418 (196).

166 2483 220 2540 lloc
233 2491 311 2555 rapto
326 2482 400 2555 capit
412 2490 525 2540 octavus
539 2493 682 2558 segmenta
695 2485 817 2540 loannes

131 2574 264 2630 Culminis
278 2574 384 2642 eximii,
400 2574 505 2646 quique
517 2572 655 2629 effulsisse
668 2573 758 2629 beatis

132 2666 253 2722 lloribus
265 2666 426 2734 adstruitur,
442 2665 568 2721 doctrina
583 2671 695 2721 ornatus
706 2664 818 2719 etactis.

131 2754 232 2810 ludicii
248 2763 350 2821 eustos,
364 2752 432 2810 recti
451 2753 561 2825 pietatis
575 2760 689 2833 amator.

135 2846 171 2901 lle
185 2845 282 2902 Christi
295 2853 390 2923 segete
405 2845 503 2902 crebro
517 2845 622 2902 zizania
635 2845 752 2918 pellens,

1623 2286 1705 2357 [velet
1718 2285 1753 2352 ²¹⁸,

989 2373 1079 2444 thue
1091 2371 1171 2429 tidem
1183 2380 1276 2429 monet
1287 2375 1425 2442 exhibeat,
1441 2375 1602 2448 scriptoque
1619 2376 1717 2432 revelet

990 2464 1075 2532 llujns
1087 2472 1115 2520 et
1124 2465 1157 2519 ad
1168 2472 1264 2520 nutum
1275 2465 1400 2522 Patribus
1409 2468 1540 2522 mandata
1555 2468 1709 2540 resignans,

988 2553 1185 2624 contemptore
1199 2570 1284 2625 super
1296 2554 1375 2623 jubet
1386 2571 1514 2611 exercere
1530 2557 1670 2632 vigorem

990 2647 1020 2700 Fa
1030 2645 1100 2716 parti
1112 2645 1192 2700 istius
1208 2646 1336 2718 precibus
1351 2664 1382 2702 se
1394 2648 1496 2704 dedere
1511 2665 1624 2715 curans,

991 2735 1154 2789 Francorum
1170 2751 1263 2811 regem
1273 2735 1400 2792 allectum
1413 2737 1534 2792 retinere
1551 2746 1693 2810 paternum

993 2825 1130 2891 llortatur,
1139 2825 1233 2881 solans
1246 2827 1371 2900 rotisque
1382 2827 1527 2898 juvamina
1542 2829 1679 2901 praebens.

876 2948 981 3005 CAPUT
1006 2949 1048 3005 ll'.

195 3053 234 3112 De
248 3055 334 3113 tertio
352 3053 486 3114 Adriano
504 3069 594 3130 papo,
610 3061 636 3111 et
652 3051 782 3111 Falcone
796 3059 897 3110 nestro
910 3051 1037 3128 presule
1052 3049 1141 3111 Corlo
1156 3068 1274 3128 quoque
1288 3053 1431 3129 Aaqnsto,
1450 3063 1477 3114 ct
1490 3055 1528 3114 de
1541 3055 1688 3134 Staplrano
1704 3056 1725 3112 l'.
1825 3108 1828 3127 ,

171 3189 226 3258 (ll)
237 3187 346 3244 Tertius
359 3188 476 3244 emissos
485 3187 620 3243 Adrianus
633 3188 737 3243 honore
751 3194 872 3255 secutus,

137 3281 254 3337 l'raesnle
264 3279 321 3349 jam
332 3278 406 3334 dicto
420 3279 538 3335 Folcone
548 3280 677 3334 studente
692 3286 803 3350 paratur

137 3373 265 3428 belnensi
281 3371 361 3427 Pater
375 3371 513 3442 Ecclesiae,
529 3378 631 3429 tutator
644 3380 671 3428 ct
685 3373 764 3428 altor.

136 3463 201 3518 lura
214 3463 266 3517 sibi
282 3461 391 3518 decoris
407 3460 555 3518 lirmausut
570 3462 668 3518 robore
679 3463 746 3534 apti,

137 3552 168 3607 ilt
181 3558 277 3607 contra
290 3550 421 3607 aduersos
438 3550 536 3607 solatia
554 3551 647 3606 debita
666 3557 785 3621 prestet,

137 3641 320 3712 Nostrumque
334 3639 434 3696 affectu
445 3655 537 3714 regem
551 3639 685 3714 genitoris
697 3639 818 3710 adoptet.

138 3732 303 3790 Praesulibus
318 3739 422 3804 patrem
436 3733 562 3803 pandens
574 3732 665 3787 serite
681 3731 845 3804 benignum.

174 3830 232 3895 Quo
246 3830 300 3885 cilo
320 3834 467 3901 prerepto,
483 3828 640 3900 Stephanus
653 3828 688 3883 da
703 3827 815 3883 n'omine
831 3825 945 3899 quintus

138 3920 268 3976 Fascibus
277 3917 404 3975 evehitur
415 3917 540 3985 summis,
557 3917 603 3988 qui
615 3923 855 3987 prememoratum

139 4013 298 4071 Pontilicem
315 4017 439 4068 nostrum
451 4009 561 4081 scriptis
577 4009 692 4066 solando
706 4008 839 4081 paternis,

140 4102 217 4158 llunc
230 4101 344 4174 dignum
360 4098 459 4167 fratris,
475 4098 551 4153 hunc
565 4096 678 4153 nomine
693 4103 788 4151 censet
802 4094 883 4151 amici

140 4198 174 4253 Se
189 4202 347 4268 promptum
363 4191 471 4248 firmare
487 4192 521 4246 ab
536 4207 570 4248 eo
585 4207 646 4264 quae
662 4191 713 4245 rite
729 4198 866 4262 petantur.

143 4288 289 4346 llletameri
302 4301 412 4342 servum
426 4283 518 4356 potius
532 4298 562 4338 se
581 4282 703 4338 destinat
717 4282 813 4349 imum,

142 4377 302 4449 Attollitque
321 4375 439 4441 Patrem,
460 4373 624 4446 hominique
647 4372 783 4444 impendit
803 4374 936 4430 honorem

143 4468 318 4538 Exoransque
329 4473 472 4537 rogatores
481 4479 531 4536 pro
546 4463 675 4520 culminis
688 4464 748 4533 ejus

143 4559 313 4618 ltedditlncc
325 4559 405 4630 alios,
420 4575 452 4616 ac
465 4559 562 4637 llagrat
577 4559 654 4616 adire
667 4560 818 4617 videndum
831 4580 838 4616 :

143 4649 296 4707 barbarice
309 4648 463 4721 impediant
475 4648 549 4705 acies
565 4649 617 4706 nisi
630 4656 693 4706 vota
703 4650 800 4722 parati.

145 4746 233 4817 lpsins
246 4761 312 4820 ergo
321 4760 434 4818 precum
449 4744 538 4815 poscit
551 4743 706 4799 munimine
721 4759 838 4820 regnum

142 4836 207 4891 Fam
221 4835 307 4892 crudo
316 4833 414 4890 redimi
428 4849 507 4890 saerae
517 4832 678 4888 discrimine
691 4832 787 4904 pestis.

141 4926 177 4983 Se
189 4941 300 4999 quoque
313 4923 408 4981 conari
423 4929 480 4980 tota
493 4923 594 4979 uirtute
609 4923 689 4979 reniti

142 5016 207 5085 llius
218 5013 370 5088 apostolico
383 4996 561 5070 madentibus
575 5019 634 5067 atra
648 5012 740 5068 nitori.

142 5105 207 5170 Qua
219 5101 428 5177 consanguineo
439 5101 559 5176 magnati
578 5101 736 5174 impendier
748 5103 825 5158 audit

142 5195 253 5252 Widoui
265 5211 273 5262 ;
287 5194 340 5250 sibi
359 5193 529 5251 occuluerint
545 5193 680 5266 impensa,
699 5194 830 5265 capessit.

996 3188 1123 3244 ilamensi
1140 3188 1270 3245 licclesiae
1286 3190 1409 3246 Romana
1423 3193 1547 3263 praestita
1559 3195 1628 3250 sede

995 3280 1223 3357 lntemeratajugi
1239 3290 1383 3338 seruentur
1397 3284 1513 3351 honore,
1526 3294 1666 3358 precatur:

959 3372 1092 3461 CUtpote
1102 3374 1172 3442 jnris
1185 3374 1330 3445 apostolici
1344 3383 1442 3431 cuncta
1455 3375 1543 3445 fideli,

995 3463 1079 3528 Quam
1099 3469 1203 3518 certare
1216 3461 1270 3517 sibi
1290 3471 1385 3519 contra
1398 3466 1493 3521 omnia
1512 3466 1597 3522 livida
1611 3468 1691 3535 norit,

994 3553 1101 3607 Tradita
1117 3553 1296 3625 pauperibus,
1312 3555 1452 3627 sacrisque
1467 3557 1578 3614 addicta
1592 3559 1721 3617 ministris.

995 3644 1049 3698 Sed
1070 3660 1200 3714 peruersa
1218 3644 1285 3700 feris
1300 3646 1408 3719 direpta
1424 3646 1581 3704 laurentibus
1596 3651 1675 3718 ursis,

995 3736 1110 3803 adjuvet
1123 3736 1208 3792 allisis
1220 3737 1339 3793 evellere
1356 3738 1483 3795 lancibus
1494 3741 1571 3797 atris.

995 3828 1269 3902 adgaudetsummus
1280 3830 1427 3904 redditque
1443 3833 1583 3889 levamina
1592 3835 1697 3907 presul,

997 3922 1088 3993 Seque
1104 3922 1202 3992 probat
1217 3923 1309 3979 Fratris
1328 3925 1457 3982 devotum
1473 3927 1502 3982 in
1515 3928 1578 3996 jure
1596 3946 1711 3985 manere:

999 4009 1076 4065 llunc
1089 4010 1172 4065 etiam
1186 4017 1212 4066 et
1225 4020 1317 4068 natum
1328 4014 1380 4067 suh
1396 4014 1479 4085 patris
1492 4032 1588 4073 amore
1599 4017 1697 4078 lovere.

998 4099 1081 4154 Noxia
1093 4117 1153 4172 quae
1170 4102 1272 4173 patitur
1283 4119 1333 4159 eeu
1348 4107 1460 4177 propria
1474 4106 1560 4180 flagra
1576 4110 1677 4175 dolere,

998 4187 1176 4266 Assiduisqne
1191 4195 1251 4264 ejus
1267 4198 1398 4266 precibus
1413 4215 1462 4270 pro
1477 4217 1544 4271 pace
1557 4217 1664 4277 rogare,

998 4287 1084 4359 atque
1099 4289 1185 4359 petita
1199 4290 1281 4346 modo
1297 4291 1339 4346 uel
1357 4301 1481 4363 tempore
1496 4294 1599 4350 cedere
1614 4296 1702 4370 digno,

999 4374 1165 4430 Praesulibus
1181 4394 1294 4448 pervasa
1307 4378 1387 4449 jubet
1399 4395 1455 4452 quo
1471 4382 1592 4438 reddere
1605 4390 1699 4458 cogant

1000 4466 1162 4537 Raptorem3
1178 4469 1272 4536 sacris,
1288 4470 1389 4526 referat
1403 4471 1457 4527 nisi
1476 4480 1564 4544 rapta,
1583 4474 1717 4546 repellant,

1036 4556 1156 4626 Augusto
1170 4555 1294 4612 scribens
1307 4557 1414 4625 carolo,
1431 4563 1571 4632 preconia
1587 4560 1687 4618 Christo

1003 4643 1209 4717 induperatoris
1219 4662 1269 4718 pro
1284 4655 1379 4704 sancto
1393 4650 1485 4705 reddit
1504 4667 1610 4708 amore.

961 4713 990 4782 D
1003 4734 1060 4800 Quo
1076 4735 1195 4811 flagrans
1207 4737 1314 4794 sublata
1329 4739 1376 4795 diu
1393 4741 1560 4812 patrimonia
1571 4752 1670 4800 nostra

1001 4827 1279 4887 lleddideratsanctoe
1293 4848 1401 4889 summo
1412 4835 1464 4890 sub
1479 4836 1594 4893 nomine
1609 4836 1683 4902 sedi;

999 4916 1037 4970 ac
1054 4925 1193 4974 monetat
1208 4926 1320 4995 peragat
1335 4921 1410 4992 quod
1434 4922 1525 4978 adhuc
1539 4924 1605 4980 hinc
1620 4920 1706 4984 bestat
1716 4933 1773 4991 aar

1693 5014 1741 5070 dnn

1000 5099 1114 5159 Sumere
1126 5103 1247 5175 perfecte
1264 5112 1347 5177 queat
1359 5116 1389 5163 ut
1403 5109 1543 5165 mercedis
1559 5015 1698 5167 honoreni.
1743 5052 1749 5078 ι

1003 5191 1112 5251 Folconi
1129 5212 1240 5267 quoque
1255 5197 1424 5273 gratificans,
1438 5199 1576 5258 solamina
1587 5199 1690 5258 conlert

689 5345 822 5402 GLOSSAE
836 5347 1047 5405 anhelantes
1063 5347 1267 5404 lllllllhhssllll.

178 5453 214 5490 Μ
225 5459 426 5510 antecessores.
470 5451 505 5487 ¹⁸¹
518 5451 649 5508 lotharii.
688 5451 723 5487 ¹⁹⁸
736 5455 760 5521 f.
776 5452 869 5510 vallat.

926 5555 1030 5614 NOTAE.

179 5654 241 5723 <aaa
271 5654 347 5710 Flod.
363 5653 413 5708 lib.
430 5671 471 5722 nr,
490 5671 514 5718 e,
529 5653 573 5709 ΞΟ.

177 5725 243 5795 (196
269 5725 355 5784 Deest
366 5723 462 5783 titulus
473 5725 502 5785 in
521 5725 629 5786 codice.

1037 5656 1094 5723 (13)
1114 5657 1254 5713 ftoatlib.
1272 5677 1308 5727 tv,
1322 5678 1346 5715 c.
1363 5664 1387 5717 l.

1038 5728 1093 5802 (tl)
1112 5730 1187 5786 ldem
1200 5729 1269 5788 ibid.
