3840 6106
56 252 91 311 oa
387 248 548 343 utstoalAE
566 247 734 310 ECCLRSIAE
753 250 917 310 auhunsts
936 251 1025 310 arsat
1044 252 1207 321 quatuos.
1223 287 1256 300 -
1276 255 1340 315 tta.
1362 254 1385 315 l.
1688 263 1724 320 to

57 382 287 451 modnmieretri,
303 382 484 456 accensisque
505 398 590 456 super
605 383 808 450 crncescereis,
823 389 867 439 at·
879 387 906 456 Α
916 383 1085 452 balbutiens,
1110 393 1138 440 et
1151 385 1362 442 vinsermonem
1388 386 1527 459 explicare
1548 389 1652 458 valens,
1668 393 1725 448 ait:

58 492 115 548 que
126 473 308 543 ceroferariis,
329 475 395 530 dant
406 490 489 532 voces
501 475 530 530 in
542 475 659 532 canticis
673 492 681 541 ;
697 474 869 531 circumeunt
918 475 1029 532 Referte
1042 492 1086 532 me
1100 477 1135 532 ad
1151 476 1293 534 basilicam
1312 479 1401 535 saucti
1414 497 1421 535 :
1436 490 1463 537 et
1478 488 1726 557 quantumcunque

59 565 157 620 urbem
169 579 233 620 cum
244 563 322 631 vicis,
339 579 392 620 nec
409 572 579 636 pratereuut
601 563 690 620 ullum
705 565 868 636 hospitium,
919 584 1002 640 super
1017 584 1061 624 me
1071 567 1101 640 lt,
1117 569 1192 640 apud
1217 568 1270 642 me]
1290 571 1351 626 anri
1370 579 1412 627 est
1433 572 1467 628 ad
1495 557 1740 645 sepulernm'ejus

60 657 137 729 quod
152 671 210 713 non
236 657 289 711 hac
317 655 510 714 circumitione
535 656 710 714 concludant.
733 657 788 714 Nec
806 667 872 739 post
919 656 1063 728 proiicite:
1080 658 1192 729 peccavi
1212 658 1287 713 enim
1313 658 1466 717 auferendo
1491 678 1535 718 res
1564 664 1635 732 ejus.
1650 666 1729 736 dspi-

60 748 163 805 mnltos
175 747 317 804 diesliues
331 748 415 818 hujus
428 748 546 806 civitatis
568 750 628 806 lues
642 749 868 825 aggrediturme-
919 745 997 801 ciens
1009 752 1102 802 autem
1122 746 1202 802 dator
1213 747 1304 820 campi
1322 749 1397 804 hnnc
1415 764 1478 804 cunr
1504 753 1666 810 muneribus
1679 754 1729 810 de-

61 848 176 897 morata.
193 841 386 898 Verumtamen
397 842 528 915 usquead
540 857 604 898 eum
616 842 707 898 locum
721 841 867 907 accedens,
918 834 994 904 ferri,
1010 836 1049 892 til
1064 854 1071 891 ²
1086 837 1271 909 Netttcipias
1296 854 1402 910 quoeso,
1431 848 1525 897 sancte
1540 842 1598 911 Dei,
1615 861 1729 902 munera

61 948 117 1006 quo
130 932 207 989 beati
221 932 323 1009 pignus
337 934 465 998 accessit,
481 948 513 990 ac
533 934 557 989 si
574 934 754 990 constitutum
769 949 869 991 carne·
919 927 980 997 eius
994 941 1056 997 quae
1066 941 1206 999 nunquam
1236 928 1339 999 cupide
1354 927 1481 1000 accipere
1495 933 1674 989 consuevisti.
1691 934 1730 990 lle

61 1035 103 1082 ret
115 1028 277 1093 terminum,
294 1027 368 1083 intro
383 1025 491 1101 ingredi
508 1036 617 1084 nonest
631 1042 706 1095 ausa,
720 1027 770 1082 sed
787 1027 869 1084 etiarn
919 1019 966 1086 sis,
982 1019 1129 1091 deplews·
1148 1020 1259 1089 8818808
1274 1021 1345 1090 ejus,
1370 1021 1418 1094 (tui
1430 1021 1619 1079 inflammtsslt
1629 1040 1732 1082 eoncu-

61 1131 125 1187 quae
140 1116 169 1170 in
180 1115 318 1187 principio
340 1122 511 1187 pervaserat,
526 1117 610 1186 hujus
632 1117 743 1172 virtutis
758 1119 872 1189 repulsu
921 1110 1058 1182 piscantia
1075 1127 1166 1166 rerum
1194 1119 1304 1166 tuarum
1319 1128 1439 1184 nequam
1460 1129 1605 1184 possessor
1617 1117 1730 1174 exstitit.
1787 1159 1790 1167 .

62 1206 186 1280 reliquia
203 1229 214 1258 .
233 1206 317 1263 uulsa
332 1207 454 1279 denique
483 1210 657 1280 postmodum
671 1210 706 1265 ad
716 1210 806 1282 ipsius
822 1227 871 1267 se.
921 1200 976 1257 liec
990 1202 1097 1257 distulit
1109 1209 1222 1259 sanctus
1234 1203 1435 1260 audirevocem
1449 1207 1581 1276 pauperis
1591 1207 1653 1263 sui:
1669 1225 1732 1264 narn

64 1296 191 1368 pulcrum
214 1304 279 1352 sunt
306 1295 440 1354 divinitus
461 1304 572 1354 ostensa
591 1299 733 1368 miracula,
750 1316 874 1374 quaeper
922 1294 1006 1349 homo
1019 1293 1066 1349 ille
1079 1293 1144 1350 licet
1169 1293 1292 1351 dedisset
1323 1311 1448 1363 munera,
1477 1297 1600 1354 ostendit
1620 1307 1733 1356 sanctus

64 1385 262 1459 negligentiam
274 1401 331 1442 non
349 1385 488 1442 habentur
501 1387 613 1458 scripta.
925 1382 1033 1438 Domini
1046 1398 1077 1439 se
1090 1382 1147 1448 illa,
1164 1398 1221 1439 non
1235 1391 1404 1455 acceptasse,
1425 1385 1490 1441 dnm
1505 1384 1616 1443 rediens
1630 1405 1732 1460 perva-

381 1472 491 1530 ChPUT
503 1474 559 1531 XX.
924 1485 971 1527 sor
990 1472 1103 1528 domum
1118 1472 1210 1528 amisit
1232 1472 1371 1542 spiritum,
1398 1479 1425 1529 et
1438 1474 1543 1546 recepit
1557 1475 1676 1533 ecclesia
1689 1493 1734 1534 res

63 1567 101 1620 lle
120 1565 299 1620 hamtntione
312 1566 431 1634 sospem
450 1565 549 1634 ipsivs,
570 1569 596 1618 et
610 1565 774 1636 quibasdam
788 1567 876 1623 denno
925 1579 999 1620 snas.

322 1655 443 1724 patratis
461 1653 614 1709 miraculis.
960 1651 1141 1724 Temporibus
1156 1652 1302 1725 chilperici
1323 1655 1488 1711 Francorum
1504 1657 1577 1729 regis
1596 1659 1735 1715 exstitisse

98 1743 309 1819 Sepultoigitnr
330 1744 359 1799 in
381 1750 592 1815 praememorata
605 1744 730 1809 basilica,
747 1744 1012 1825 beatissi-sslertur
1038 1744 1241 1812 lloderamnus,
1276 1746 1579 1819 Redonensislltennes)
1609 1749 1735 1807 ecclesiae

64 1834 101 1888 mi
118 1832 238 1908 Remigii
249 1847 377 1904 corpore,
397 1849 460 1889 cum
475 1833 560 1889 multa
578 1833 772 1905 stupendaque
787 1835 815 1889 in
827 1849 876 1890 ea·
925 1836 1036 1906 praesul,
1056 1833 1099 1889 vir
1111 1833 1198 1889 nobili
1214 1835 1486 1906 prosapiaoriundus
1497 1853 1503 1890 :
1515 1837 1563 1908 qui
1580 1853 1630 1908 per
1643 1837 1733 1894 licen·

64 1923 129 1978 dem
144 1937 196 1994 per
207 1922 317 1977 bomini
344 1922 459 1997 gratiam
483 1922 584 1979 fierent
609 1923 751 1989 miracula,
763 1923 876 1980 dilatata
925 1926 991 1981 tiam
1012 1924 1136 1998 praedicti
1150 1925 1224 1999 regis
1243 1925 1338 1981 limina
1352 1928 1440 1983 sancti
1453 1927 1524 1983 Petri
1541 1927 1618 1984 adire
1633 1926 1733 2002 dispo·

65 2019 94 2066 et
103 2012 222 2066 exaltata
246 2018 288 2068 est
315 2012 374 2082 ipsa
399 2011 526 2079 ecclesia,
541 2011 668 2084 iactaque
693 2020 788 2084 crypta
812 2020 877 2084 post
926 2030 1007 2083 nens,
1018 2013 1129 2071 divertit
1155 2015 1183 2070 in
1208 2014 1406 2070 monasterium
1422 2015 1496 2071 beati
1512 2016 1630 2093 Remigii
1651 2018 1734 2074 situm

63 2100 150 2156 altare
164 2100 194 2155 iu
209 2116 264 2173 qna
279 2099 476 2156 transferretur
488 2098 589 2176 pignus
603 2100 773 2156 venerabile.
791 2100 875 2158 liete-
926 2103 1104 2160 inauburhio
1130 2103 1274 2159 Remensis
1295 2103 1381 2159 urbis.
1411 2105 1461 2160 Ubi
1490 2105 1736 2165 liberaliteraira·
1831 2130 1840 2143 ⁸

64 2189 231 2262 guuthumo
250 2188 381 2253 loculum,
405 2204 460 2260 quo
485 2197 669 2261 praeparatum
684 2190 826 2260 deponant
847 2191 875 2245 in
925 2195 1150 2264 tribnsejnsdem
1165 2193 1219 2250 loci
1243 2202 1400 2266 susceptus,
1424 2196 1584 2267 impetravit
1603 2199 1736 2256 alterne-

63 2288 185 2349 antrum,
195 2281 247 2336 sed
261 2281 351 2352 ipsum
363 2281 473 2352 penitus
488 2296 599 2338 movere
610 2296 667 2337 non
683 2289 809 2353 possunt.
822 2281 875 2337 Su·
925 2287 1012 2342 hardo
1029 2302 1171 2342 sacrorum
1200 2287 1317 2343 custode
1340 2288 1471 2360 reliquias
1486 2289 1521 2344 de
1536 2289 1618 2357 stola,
1633 2291 1736 2362 cilicio,

64 2369 246 2442 perveniente
266 2384 331 2426 vero
349 2370 669 2427 noctemultisaccensis
682 2370 874 2436 luminaribus.
926 2383 1009 2448 atque
1033 2375 1145 2431 sudario
1177 2377 1265 2431 sancti
1294 2377 1422 2452 Remigii.
1466 2378 1571 2444 Quibus
1599 2387 1739 2454 gratanter

64 2460 138 2515 circa
152 2458 242 2516 noctis
256 2458 378 2514 medinm
397 2473 482 2530 sopor
506 2458 676 2515 excubantes
683 2464 801 2530 occupat
815 2473 876 2514 om·
926 2464 1059 2536 acceptis.
1085 2464 1138 2519 iter
1152 2464 1305 2536 incaeptum
1330 2465 1409 2520 laetus
1423 2480 1519 2538 agens,
1535 2467 1601 2522 dum
1616 2477 1740 2538 permeat

66 2563 126 2604 nes-
156 2547 264 2613 Quibus
291 2546 512 2622 evigilantibus,
541 2547 683 2603 invenitur
706 2554 878 2603 transvectus
927 2556 1083 2624 lautianm
1098 2556 1361 2612 montesardonan
1377 2557 1496 2628 quanam
1510 2564 1591 2614 nocte
1606 2567 1738 2615 metatum

67 2651 146 2693 88888
174 2653 239 2693 8888
264 2637 395 2692 88888888
417 2637 616 2711 8888οΡῙῙ8388,
636 2637 665 2690 ln
691 2642 876 2708 lllffllmatum
928 2647 1043 2714 habens,
1063 2652 1230 2702 memoratas
1259 2645 1286 2700 in
1313 2645 1386 2701 ilicis
1413 2661 1489 2702 ramo
1520 2648 1739 2718 suspenditreli-

67 2726 201 2794 i¹1⁰1¹1²i⁵i
220 2725 350 2782 manibus
368 2725 513 2802 88385888)
534 2724 722 2781 8888888188
747 2725 879 2797 delma-
930 2735 1019 2809 quias.
1031 2736 1155 2808 Cumque
1175 2735 1296 2791 diluenlo
1321 2751 1448 2809 surgens,
1464 2735 1516 2791 iter
1533 2743 1654 2808 coeptum
1669 2739 1739 2793 arri·

68 2825 122 2873 tus.
154 2817 295 2890 lanaque
321 2818 414 2874 cuncti
440 2817 583 2889 replentur
610 2817 705 2874 odoris
730 2818 877 2884 suavitate,
930 2830 1018 2898 peret,
1033 2825 1179 2881 immemor
1199 2824 1298 2878 harum
1311 2825 1400 2893 (nutu,
1419 2839 1470 2879 ceu
1487 2824 1619 2893 creditur,
1635 2826 1740 2895 divinol

70 2909 571 2982 quantamlinssttassonvalelhumttta
585 2910 741 2982 propalare·
755 2910 879 2974 Quaede·
929 2916 989 2971 haec
1014 2913 1117 2969 ibidem
1138 2927 1296 2968 remansere
1326 2912 1451 2987 pignora.
1480 2913 1651 2969 Procedente
1675 2930 1741 2972 vero

70 2998 376 3070 locutionisttmoenitas
386 2999 534 3067 medem,
550 2999 776 3071 perlOlamdiem
791 2998 877 3064 illam,
890 3028 916 3097 C
928 3004 1070 3076 aliquanto
1086 3002 1197 3077 longius
1224 3001 1366 3072 episcopo,
1392 3001 1440 3056 ubi
1465 3002 1623 3057 relictarum
1637 3018 1742 3059 memor

71 3087 158 3145 sedet
171 3087 201 3142 in
214 3088 344 3158 crastina,
360 3088 547 3160 perseveravit
567 3088 698 3144 Ecclesia·
728 3088 783 3144 1180
797 3087 881 3164 igilur
930 3095 963 3152 fit
975 3095 1166 3168 reliquiarum,
1180 3109 1261 3148 suum
1289 3092 1381 3148 statim
1397 3094 1431 3148 ad
1447 3094 1495 3148 has
1510 3094 1683 3165 recipiendas
1699 3095 1743 3150 di·

73 3175 114 3231 die
139 3176 329 3232 translationis
355 3177 425 3246 eius,
450 3177 559 3233 seilicet
588 3175 718 3232 Kalendis
744 3175 879 3242 Octobris,
933 3184 1150 3261 agripennum,
1168 3182 1280 3237 nomine
1313 3181 1457 3237 vnlfadum
1483 3183 1542 3247 Quo
1558 3183 1591 3237 ad
1613 3184 1662 3239 qa,
1680 3200 1744 3255 per.

71 3283 130 3323 cum
142 3268 572 3341 divinislaudibussunrptaesunt
590 3268 715 3341 reliquiae
728 3269 763 3323 de
772 3267 882 3340 capillis
933 3276 1073 3341 veniente,
1091 3271 1168 3328 nullo
1189 3272 1263 3327 valet
1290 3287 1337 3327 eas
1352 3271 1465 3344 ingenio
1488 3272 1660 3348 contingere,
1675 3275 1741 3328 dum

75 3357 140 3426 8188»
171 3358 274 3424 888818,
302 3357 448 3430 tunicaque
473 3357 621 3430 ipsiusssel
646 3358 795 3431 integrum,
816 3358 882 3414 11002
931 3366 1051 3424 mirabili
1075 3365 1166 3440 signo,
1182 3372 1213 3419 ut
1226 3379 1274 3419 eas
1294 3363 1430 3440 attingere
1452 3363 1544 3431 vellet,
1568 3365 1743 3422 elevarentur

77 3449 250 3518 888ῑῦ888888,
266 3465 367 3521 888888
395 3450 520 3519 eiusdem
536 3451 623 3507 rubeo
636 3457 743 3507 constat
757 3450 881 3506 8888880
931 3458 959 3514 in
970 3456 1100 3513 sublime.
1117 3455 1173 3510 lloc
1187 3453 1474 3526 praeiatusepiscopus
1487 3454 1580 3510 andito
1597 3455 1744 3525 miraculo,

80 3537 242 3594 involutum·
932 3548 1104 3624 regrediens,
1115 3547 1143 3602 in
1158 3547 1258 3603 eodem
1272 3546 1333 3602 loco
1352 3545 1413 3601 lixit
1433 3547 1582 3602 tentorium
1598 3564 1605 3613 ;
1622 3548 1672 3602 sed
1694 3563 1742 3604 re-

107 3630 156 3686 llic
170 3631 265 3702 itaque
292 3629 373 3685 Pater
393 3631 573 3697 reverendus,
589 3637 617 3686 88
628 3630 656 3685 5¹¹
674 3631 730 3687 8888
745 3632 882 3702 80888888,
935 3640 998 3697 licta
1013 3639 1129 3715 pignora
1147 3636 1244 3692 eadem
1272 3641 1355 3691 noete
1375 3636 1491 3691 minime
1504 3636 1589 3692 valuit
1608 3637 1742 3708 recipere,

81 3730 102 3777 88
129 3733 194 3794 post
219 3722 337 3791 obitum,
361 3724 432 3779 sicul
459 3723 577 3780 infirmis
600 3724 749 3779 8888888888
769 3722 885 3797 gratiam
935 3731 1108 3790 doneclaeto
1123 3747 1215 3798 mane,
1232 3731 1260 3784 in
1283 3729 1452 3786 monasterio
1467 3729 1541 3801 quod
1556 3731 1744 3785 vocaturRer·

80 3815 203 3883 contulit,
218 3814 305 3871 sicet'
317 3816 347 3871 in
362 3832 524 3887 pervasores
538 3816 581 3873 vel
598 3822 816 3888 praesumptores
829 3829 884 3869 sae-
936 3831 1038 3887 cetum,
1055 3821 1083 3875 in
1104 3821 1211 3876 honore
1232 3819 1258 3874 s,
1289 3818 1410 3874 abundii
1439 3817 1565 3888 martyris
1584 3817 1654 3872 inibi
1674 3833 1745 3874 con·

80 3904 188 3973 pissime
204 3904 304 3959 vindex
317 3906 453 3975 apparuit.
469 3905 506 3961 lle
520 3921 576 3977 quo
590 3903 721 3976 praelatus
734 3903 884 3974 episeopus
936 3916 1083 3975 structum,
1109 3908 1220 3963 missam
1251 3907 1405 3971 celebrans,
1430 3906 1623 3977 praedictorum
1638 3913 1745 3976 partem

80 3994 224 4070 Gregorius
234 3994 338 4050 referre
361 3995 477 4064 studuit,
498 3997 618 4069 qnodex
633 3995 721 4066 ipsius
735 3994 781 4050 hic
793 3994 887 4049 verbis
936 4016 1083 4056 munerum
1103 4000 1251 4055 devoveret
1273 3999 1376 4055 ibidem
1403 4014 1433 4054 se
1462 3997 1633 4053 relicturum.
1646 3998 1746 4071 Sicque

80 4086 171 4142 indere
191 4086 296 4157 placuit
314 4086 443 4156 (Gnaeos.
466 4089 544 4155 Tua,
571 4090 618 4143 nbi
640 4090 735 4156 cupra)
755 4105 763 4141 a
780 4107 793 4134 a
824 4085 888 4140 Erat
937 4095 1016 4161 rapta
1044 4088 1097 4144 sibi
1127 4089 1276 4161 recipiens,
1305 4087 1422 4159 impleto
1447 4086 1643 4142 venerabiliter
1671 4094 1746 4153 voto,

81 4179 150 4234 enim
166 4178 345 4249 handprocul
360 4196 377 4235 a
391 4179 505 4236 basilica
515 4181 582 4250 (scil.
600 4180 629 4236 S.
644 4179 772 4246 Remigii)
782 4176 888 4233 fundus
940 4186 1061 4252 coeptum
1075 4179 1176 4251 repetit
1189 4177 1250 4234 iter.
1274 4176 1323 4233 Cui
1345 4176 1445 4233 obvius
1460 4176 1548 4234 iaetus
1564 4176 1749 4233 Luitbrandus

80 4267 174 4322 tellure
189 4265 330 4322 secundus
348 4268 426 4339 ttnles
450 4268 548 4325 ineolae
572 4268 650 4323 Olcas
679 4269 784 4336 vocant)
805 4266 891 4322 ethic
941 4271 1170 4345 JLuidbrandns]
1195 4270 1325 4327 italorum
1350 4286 1397 4325 rex
1425 4279 1565 4338 strennus,
1598 4269 1645 4341 qui
1678 4270 1749 4326 hanc

80 4356 156 4413 datus
177 4357 302 4412 basilicae
328 4358 416 4415 sancti
439 4358 549 4415 iuerat:
565 4375 648 4431 quem
664 4379 736 4419 unns
752 4378 767 4418 e
782 4362 889 4418 civibus
941 4361 1038 4418 auditu
1063 4363 1120 4430 iam
1141 4368 1314 4431 compererat
1333 4373 1473 4415 sacrorum
1488 4358 1628 4422 virtutem,
1655 4374 1749 4414 amore

80 4446 213 4515 pervadit,
230 4445 389 4517 despiciens
418 4449 557 4506 hominem
574 4450 700 4519 quicum
716 4450 888 4507 locosancto
941 4452 970 4505 R.
987 4450 1104 4523 Remigii
1124 4449 1233 4516 ductus,
1267 4448 1340 4503 idern
1369 4449 1577 4515 monasterium,
1605 4448 1748 4505 Bercetnm

81 4539 244 4594 contulerat.
256 4538 307 4604 Qui
322 4541 428 4595 cumab
443 4542 577 4613 episeopo
592 4557 623 4596 ac
638 4542 691 4598 loci
712 4542 813 4598 abbate
828 4558 890 4598 cre·
941 4541 1057 4606 scilieet,
1073 4554 1136 4594 eum
1164 4538 1294 4593 omuibus
1309 4537 1480 4606 adjacentiis,
1507 4537 1638 4608 omnique
1660 4536 1748 4591 abba-

82 4628 127 4686 bro
142 4636 300 4687 conventus
318 4630 426 4700 inisset,
449 4640 481 4688 ut
505 4649 568 4705 quae
596 4633 697 4703 injuste
731 4643 892 4705 pervaserat
942 4633 991 4697 tia,
1005 4646 1117 4686 mansos
1129 4630 1304 4705 octingentos
1325 4629 1375 4700 ld„
1388 4628 1513 4700 octo].ut
1523 4629 1646 4698 tradunt,
1657 4628 1749 4684 conti·

83 4720 229 4775 redderet:
242 4719 449 4799 parvipendens
466 4721 553 4777 verba
567 4738 628 4794 quae
647 4723 788 4791 audiebat,
803 4723 891 4795 perti·
943 4723 1030 4789 nenti,
1045 4722 1158 4794 praelato
1173 4721 1283 4793 praesuli
1304 4720 1481 4776 lloderamno
1502 4720 1652 4792 delegavit,
1667 4719 1750 4790 eique

84 4808 260 4879 nacidirepta
287 4807 450 4865 defensabat
473 4809 638 4867 intentione.
663 4811 793 4884 Denique
810 4827 892 4867 causa
942 4813 970 4868 in
982 4811 1129 4884 presentia
1144 4810 1403 4876 fideliumsuorum,
1418 4809 1499 4883 legali
1514 4808 1550 4863 de
1564 4822 1649 4870 more,
1666 4806 1751 4862 vesti-

85 4900 195 4968 erstitit,
211 4908 239 4955 et
253 4915 309 4956 non
332 4901 456 4971 devotio,
472 4910 502 4959 ut
515 4902 613 4958 urbem
629 4903 737 4972 adiens,
759 4918 893 4974 propera·
941 4916 1029 4962 turam
1044 4922 1077 4963 ex
1097 4921 1140 4972 ea,
1168 4912 1196 4960 et
1221 4904 1343 4959 chartam
1370 4902 1443 4958 iecit.
1460 4903 1595 4957 Remeans
1609 4908 1701 4956 autem
1715 4898 1750 4953 ab

87 5002 124 5049 ret
134 4993 169 5049 ad
185 4993 275 5049 sancti
301 4993 454 5050 basilicam.
483 4995 613 5070 Arguitur
627 4995 728 5052 iterum
739 4997 776 5051 ab
792 4997 892 5053 abbate
941 4995 1010 5052 urbe
1030 4995 1115 5050 Roma
1124 5000 1293 5049 memoratus
1307 4992 1418 5064 praesul,
1439 4991 1556 5047 accessit
1565 4990 1599 5044 ad
1616 5004 1752 5044 ueneran-

88 5097 132 5151 pro
153 5081 428 5153 campipervasioue.
463 5083 518 5139 Sed
545 5084 616 5139 nihil
640 5084 755 5158 dignum
785 5085 892 5141 ratione
942 5089 1008 5142 dum
1024 5088 1053 5141 R.
1066 5084 1185 5160 Remigii
1199 5085 1475 5156 sepulerumzatque
1491 5083 1561 5139 sicut
1572 5083 1611 5138 illi
1624 5083 1750 5155 praemis-

90 5174 245 5245 respondet.
261 5173 458 5247 liaplicitisqne
483 5176 602 5249 negotiis
624 5192 738 5233 ascenso
753 5193 826 5249 equo
841 5178 892 5233 do·
942 5194 1043 5234 snsrer
1072 5179 1144 5232 hanc
1165 5185 1266 5232 terram
1293 5175 1415 5243 tradidit,
1441 5175 1478 5230 ita
1497 5175 1677 5231 nihilominus
1703 5174 1749 5229 ille

90 5276 158 5317 muna
171 5262 265 5318 redire
280 5262 414 5335 disponit.
431 5263 485 5318 Sed
496 5263 588 5321 obstat
603 5265 676 5321 uisui
691 5265 752 5335 ejus
762 5266 893 5321 sacerdo·
942 5267 970 5322 S.
986 5265 1111 5340 Remigio
1137 5265 1263 5320 eamdem
1290 5264 1415 5321 eontulit.
1440 5264 1540 5336 Sieque
1565 5280 1696 5337 prospere
1721 5262 1750 5316 in

89 5347 120 5403 ²3⁸
133 5350 244 5420 injusta·
260 5351 327 5407 Nam
338 5352 478 5408 8881888888
492 5353 564 5425 [ms.',
584 5353 708 5424 88888888]
720 5353 892 5427 witwine,
942 5375 1024 5415 suum
1035 5374 1162 5415 reversus
1176 5357 1360 5430 episcopium,
1370 5372 1559 5413 successorem
1569 5352 1750 5411 sibiordinari

88 5440 167 5498 diruit
183 5444 323 5500 interram
339 5461 346 5509 ;
363 5442 504 5520 obligatur
517 5445 614 5520 lingua
627 5461 689 5517 quae
699 5445 791 5501 locuta
806 5444 895 5501 iuerat
943 5447 1018 5515 lecit,
1031 5456 1058 5504 et
1072 5448 1132 5505 vale
1156 5447 1260 5503 iaciens
1285 5444 1349 5500 filiis
1373 5446 1442 5513 suis,
1457 5446 1599 5501 Bereetum
1613 5449 1752 5498 monaste·

91 5548 216 5607 campum
230 5534 289 5591 tolli
305 5553 313 5602 ;
329 5536 496 5593 clauduntur
509 5537 593 5604 oculi,
610 5537 658 5609 qui
673 5538 871 5610 concupierant
886 5552 894 5606 ;
944 5537 1014 5592 rium
1030 5537 1150 5609 repetiit,
1167 5545 1196 5592 et
1218 5551 1306 5607 usque
1326 5535 1361 5590 ad
1377 5534 1471 5591 obitus
1495 5535 1536 5588 sui
1561 5533 1635 5586 diem
1648 5531 1674 5583 in
1692 5527 1752 5583 loco

88 5641 183 5685 manns
213 5628 424 5699 contrahuntur,
448 5645 510 5702 qne
540 5630 790 5703 apprehenderant.
819 5630 896 5688 lunc
945 5627 993 5686 illo
1007 5628 1185 5686 moderateet
1198 5628 1327 5696 honeste,
1344 5633 1374 5683 ut
1395 5623 1563 5692 servusltei,
1577 5625 1753 5676 conversatus
