3840 6106
129 222 187 280 aas
387 218 430 276 oe
448 219 631 281 rmuuruis
650 219 781 281 cunisn
803 224 842 281 rr
863 224 912 279 ss.
933 222 1136 279 recasura
1155 220 1244 279 uam
1262 220 1357 279 raus.
1377 249 1409 263 -
1421 217 1494 281 ,cia
1515 217 1551 274 n.
1746 176 1800 272 sao

866 357 970 416 cuent
995 358 1072 417 lllllf.

754 460 792 523 Ge
806 462 952 541 Hesychia
964 472 991 524 ct
1008 463 1179 540 Philagrio.

130 588 281 659 Presbyter
294 585 458 658 Hesychius,
471 587 573 643 veteris
586 588 634 660 qui
648 590 763 662 mystica
775 590 845 667 legis
954 600 979 668 Α
993 593 1123 650 lttrectat
1135 591 1279 664 laudisque
1294 590 1375 647 simul
1389 589 1526 662 preconia
1540 588 1612 644 fasso

128 677 334 749 Sacrorumqne
347 675 459 731 umbras
473 676 507 731 ad
527 675 633 752 fulgida
647 677 752 734 lumina
766 687 888 752 raptans,
993 681 1114 755 Aufugit,
1125 697 1157 737 ac
1166 679 1269 736 strictis
1280 679 1402 735 coelestia
1412 679 1544 752 competit
1552 677 1613 734 alis.

130 769 163 822 ln
176 767 270 821 riuum
287 764 456 821 transfundit
466 782 560 839 aquas,
575 766 741 842 ubidignius
755 784 872 841 usquam
992 771 1118 826 lustinus
1131 770 1219 825 nitido
1236 769 1346 824 radians
1360 767 1508 839 splendore
1518 766 1624 839 sophim

130 860 165 915 Ni
182 874 237 932 qua
254 857 401 930 praecipuae
420 858 534 934 viguere
548 867 653 915 remota
669 867 785 917 notaret.
993 860 1097 928 Editur,
1112 861 1163 916 hae
1177 859 1264 916 oritur
1282 859 1385 930 loseplt
1403 857 1515 930 regione
1526 863 1641 928 parente

129 951 182 1006 llic
197 951 269 1005 inter
281 949 400 1022 populos
415 949 520 1020 sopbiae
532 949 681 1021 splendore
697 953 801 1009 nitebat
993 953 1044 1019 oui
1059 961 1153 1008 saneta
1170 954 1262 1009 valido
1277 970 1327 1027 pro
1342 953 1488 1028 relligione
1503 951 1641 1016 laborans,

131 1041 297 1118 Philagrius:
310 1056 442 1096 manuum
455 1057 583 1113 quaerens
595 1041 727 1099 alimenta
740 1043 853 1101 laboro:
993 1042 1123 1114 Augustis
1137 1041 1233 1106 libros,
1253 1042 1366 1114 pietatis
1380 1043 1486 1098 bonore
1499 1040 1612 1112 politos,

128 1135 222 1204 Atque
236 1131 356 1187 libenter
368 1131 449 1204 inops
467 1133 678 1203 etppaupertatis
692 1133 807 1190 amicus.
994 1134 1071 1191 llaud
1082 1136 1172 1193 crucis
1184 1137 1295 1191 erubuit
1305 1137 1428 1203 tradens,
1442 1140 1585 1208 spectante
1599 1138 1699 1188 senatu

130 1225 186 1290 Qui
199 1223 340 1296 quondam
354 1223 468 1280 invento
478 1224 632 1280 solidorum
646 1225 702 1281 dite
715 1225 841 1283 crumino
994 1227 1188 1300 0pprobrium,
1206 1228 1301 1284 diuina
1315 1229 1417 1297 ferens,
1433 1228 1555 1283 humana
1568 1224 1717 1282 refellens:

131 1317 227 1371 Restat
242 1322 271 1372 et
284 1322 423 1386 exspectat
433 1331 532 1387 passus
545 1316 608 1371 dum
626 1317 726 1372 damna
739 1324 870 1373 recurrat.
993 1320 1114 1388 ludaeos,
1128 1331 1290 1394 gentesque,
1302 1322 1488 1393 haeresesque,
1504 1326 1531 1375 et
1546 1318 1614 1374 falsa
1629 1316 1803 1387 triumphans

131 1412 235 1466 burum
248 1409 371 1466 restituit
384 1408 474 1477 flenti,
488 1418 650 1484 partemque
663 1411 787 1483 precanti
995 1411 1194 1483 spectatusque
1203 1412 1293 1482 palam
1303 1411 1395 1467 lesum
1404 1411 1536 1466 decorare
1550 1408 1712 1483 magistrum

128 1501 259 1557 Sumeret
272 1499 398 1563 obnisus,
416 1515 559 1556 nummum
576 1500 611 1556 de
623 1500 699 1556 millo
718 1517 771 1557 nec
786 1517 871 1558 unum
994 1506 1116 1563 Exsultat
1130 1505 1265 1563 celebrem
1281 1505 1387 1562 Christo
1403 1503 1508 1560 fudisse
1523 1517 1658 1559 cruorem.

863 1628 967 1686 CAPUT
988 1631 1074 1689 xxvi.

580 1729 621 1790 Dc
634 1730 734 1792 daria
747 1731 937 1809 dfapdalvnn,
958 1729 1076 1795 Lazaro
1090 1743 1117 1796 et
1135 1734 1242 1813 foscplt
1254 1734 1349 1795 furto.

133 1862 264 1921 Pluribus
277 1865 338 1921 haec
350 1864 434 1921 tellus
447 1864 513 1923 hinc
526 1865 624 1940 priscae
639 1867 708 1942 legis
722 1867 851 1937 alumnis,
995 1870 1044 1927 llic
1059 1872 1158 1929 domus
1167 1872 1284 1929 ecclesia
1297 1879 1339 1928 est
1346 1878 1392 1927 tua
1405 1877 1617 1941 sanctarumque
1629 1882 1765 1924 sororum.

131 1956 200 2013 Inde
216 1969 294 2011 110119
307 1954 411 2023 ruffilli,
423 1955 520 2012 Christi
527 1971 597 2029 quos
606 1958 707 2031 gratias
720 1959 815 2014 salvat.
992 1965 1107 2038 loseph,
1119 1966 1166 2038 qui
1179 1965 1282 2033 fustus,
1296 1963 1443 2036 patriahac
1452 1969 1625 2020 consummat
1638 1975 1765 2034 agonem,

131 2047 188 2102 flac
200 2060 314 2118 quoque
328 2044 489 2119 llagdalene
502 2046 617 2120 regione
630 2047 841 2115 blariarenidot‚
994 2057 1078 2123 Quem
1091 2056 1189 2112 Christi
1205 2056 1320 2112 comites
1332 2055 1410 2111 Iudae
1419 2055 1479 2110 rice
1494 2059 1566 2109 sorte
1582 2051 1731 2126 legendum

130 2137 312 2195 baemouibns
326 2137 424 2209 pulsis,
439 2138 520 2194 lesus
531 2155 586 2211 qua
600 2140 732 2197 Flaminis
746 2140 811 2197 almi
993 2145 1097 2221 Dignus
1109 2143 1390 2217 apostolico'censont
1399 2144 1464 2217 quia
1472 2143 1534 2214 jure
1554 2141 1669 2198 nitebat.

131 2234 163 2289 lit
176 2233 318 2313 ferventer
335 2239 409 2289 amet
423 2240 499 2305 patet
517 2250 579 2290 esse
595 2251 735 2307 capacem.
956 2268 981 2336 B
996 2226 1106 2287 luterno
1120 2241 1211 2287 tamen
1227 2232 1412 2289 arbitriosors
1423 2231 1521 2307 legerit
1534 2231 1585 2286 etsi

130 2323 217 2392 Cujus
232 2322 271 2377 ita
286 2321 392 2378 Christo
408 2323 511 2394 placuit
525 2322 636 2381 dilectio
652 2342 731 2399 pura,
994 2324 1145 2391 blattlriam,
1159 2322 1281 2380 officium
1300 2324 1406 2394 loseplt
1427 2322 1607 2379 nibilominus
1617 2320 1714 2392 implet

131 2414 163 2470 llt
177 2414 282 2491 Stygiis
294 2413 371 2470 illum
386 2415 549 2471 redeuutem
566 2416 654 2489 prima
666 2417 771 2476 rideret
788 2437 795 2486 ;
993 2415 1131 2470 Doctrinae
1145 2424 1259 2480 sanctae,
1275 2430 1378 2487 supero
1393 2428 1544 2469 succensus
1558 2427 1663 2468 amore.

133 2506 162 2561 u
180 2506 309 2562 claustris
323 2505 415 2576 Erebi,
429 2506 550 2563 violenta
565 2509 729 2582 legesolutu,
995 2503 1072 2559 Unde
1082 2503 1177 2560 furens
1188 2503 1347 2560 iudeorum
1363 2518 1464 2577 resana
1478 2508 1587 2558 caterua

134 2599 180 2654 dic
205 2614 294 2671 propo
317 2599 478 2655 bethaniam
503 2600 564 2669 tibi,
589 2601 689 2656 Lanam
717 2610 822 2671 sancte,
848 2600 943 2674 sepul·
994 2594 1084 2650 Molos
1099 2593 1270 2669 hunoagilat
1285 2591 1393 2664 probris
1408 2591 1568 2663 ;ferturque
1583 2587 1648 2645 fidei

811 2693 908 2764 [crum,
995 2690 1106 2746 Patulus
1118 2690 1197 2747 titulo
1209 2690 1246 2745 nil
1262 2691 1339 2746 triste
1350 2689 1447 2745 tulisse
1456 2703 1579 2754 i·enen0;

136 2775 210 2832 [nde
230 2785 328 2849 quater
337 2778 411 2835 deno
425 2785 572 2853 postquam
588 2787 616 2836 te
629 2779 688 2837 sole
703 2789 831 2850 retentat,
996 2784 1097 2857 llicque
1107 2783 1163 2839 [leo
1176 2782 1289 2840 demum
1299 2781 1409 2855 supplet
1423 2781 1552 2838 vincente
1567 2778 1748 2852 triumphurn.

136 2866 204 2926 dors
218 2869 339 2943 superis,
352 2871 467 2929 domiuo
481 2888 592 2945 parens,
600 2873 759 2929 tremefacta
773 2874 889 2933 remisit.

543 3076 797 3169 INCIPIT
828 3078 1027 3167 LIBER
1058 3078 1401 3169 SECUNDUS

837 3260 949 3318 CAPUT'
964 3261 1105 3318 PlllblUbf.

667 3377 707 3438 Dc
721 3378 858 3440 vindicta
874 3378 990 3441 Christi
1003 3381 1058 3440 sab
1078 3381 1266 3460 Vespasiano.

128 3504 255 3563 Plurima
274 3513 406 3579 praterea
421 3508 539 3581 solyma
547 3509 687 3566 celebrata
699 3517 802 3584 tropaea
994 3513 1079 3570 Paulo
1095 3521 1158 3587 post
1172 3514 1291 3571 mediam
1308 3514 1400 3571 fanum
1417 3513 1463 3569 lux
1477 3511 1582 3589 fulgida
1596 3520 1706 3568 noctem

123 3597 258 3654 Diversis
284 3598 392 3655 nituere
406 3598 505 3655 modis.
523 3600 592 3656 ilinc
601 3600 733 3675 gentibus
746 3602 823 3658 olim.
995 3606 1183 3674 circumdans,
1199 3607 1352 3680 inutraque
1361 3622 1476 3679 vagans,
1492 3606 1606 3661 horrore
1618 3609 1755 3660 coruscat.

124 3689 262 3763 {repulsis
271 3692 347 3748 uario
360 3692 413 3748 sub
422 3700 555 3765 tempore,
573 3700 601 3749 et
615 3693 684 3750 urbe
695 3696 819 3763 subacta,
995 3694 1074 3759 Quod
1089 3695 1172 3751 rebus
1186 3695 1299 3768 quidam
1325 3695 1479 3768 auspicium
1503 3695 1637 3768 replicare
1652 3694 1802 3752 secundis:
1833 3744 1841 3761 ,

119 3783 238 3840 Indaeis
254 3784 350 3841 crebro
365 3784 499 3841 bellorum
511 3786 623 3842 turbine
639 3787 729 3855 tectis,
995 3788 1045 3842 ilst
1059 3787 1117 3855 alii,
1129 3804 1247 3860 quorum
1263 3787 1352 3858 potuit
1365 3803 1445 3842 mens
1458 3788 1553 3843 sanior
1565 3802 1637 3854 esse,

118 3877 275 3935 Iustorum
287 3879 394 3935 meritis
408 3880 529 3952 prrelatis
548 3880 669 3937 colmiae
689 3883 766 3957 regni
959 3875 1118 3979 Clnfausta
1132 3883 1288 3932 memorant
1300 3875 1436 3930 turbatam
1452 3874 1513 3930 luce
1527 3874 1661 3946 quietem.

120 3973 217 4029 Sacra
231 3973 294 4049 lege
309 3973 368 4041 liei,
388 3973 469 4030 claris
483 3981 512 4030 et
525 3975 560 4030 ab
576 3974 657 4031 hoste
672 3977 773 4049 quietis
995 3968 1126 4024 Pluribus
1139 3967 1205 4023 inde
1219 3967 1301 4023 motis
1309 3966 1420 4022 lethalia
1430 3966 1509 4039 signa
1524 3965 1672 4021 trahebant

120 4065 300 4136 Contempta
314 4064 437 4133 afflictis,
449 4067 551 4138 captis,
568 4074 595 4122 et
604 4066 640 4122 ab
660 4068 853 4126 hostenecatis
996 4061 1046 4127 Qui
1066 4059 1163 4115 ῐῑῑθῦῑῑῑ
1179 4058 1557 4138 11³1¹¹¹¹¹¹¹¹²¹⁸⁰ff¹¹¹ssillmire
1573 4066 1689 4132 1131ῑᾶ13,

122 4161 314 4234 Extrusisque
324 4160 395 4229 solo,
409 4162 513 4234 templo
534 4162 666 4236 librisque
679 4164 820 4235 perustis:
996 4155 1027 4210 Et
1042 4152 1228 4228 dedignantur
1242 4151 1378 4208 scelerum
1394 4151 1498 4208 deflere
1513 4152 1612 4225 piacla,

126 4249 276 4321 eorreptis
290 4250 479 4326 peregrinatu,
491 4253 635 4324 patriaque
648 4253 767 4325 receptis
998 4244 1043 4298 llis
1057 4243 1140 4299 etiam
1157 4241 1234 4298 festis
1244 4242 1357 4299 vitulam
1366 4250 1486 4299 mactare
1501 4242 1635 4299 ministris

127 4340 199 4396 Post
214 4341 299 4396 etiam
313 4341 391 4396 varia
404 4340 541 4398 bellorum
560 4351 654 4417 strage
669 4343 778 4413 ieratis,
997 4333 1151 4405 Α1111101118,
1167 4334 1232 4389 d1¹¹¹¹
1247 4333 1347 4390 cervici
1367 4334 1473 4390 librata
1487 4335 1594 4391 securis

94 4477 98 4482 .
125 4431 222 4501 Atque
238 4431 388 4485 reservatis
402 4431 491 4487 donec
506 4432 601 4487 divina
615 4447 739 4508 propago
996 4422 1147 4496 Defigenda
1162 4423 1253 4490 micat,
1274 4424 1394 4495 peperit,
1405 4431 1482 4480 sacra
1493 4423 1624 4496 ponderis
1638 4424 1722 4495 hujus

130 4522 297 4577 Emmanuel
309 4523 398 4599 surgit
413 4524 448 4579 de
464 4523 579 4593 lumine,
593 4525 700 4601 virgine
713 4525 769 4581 feta
999 4515 1143 4569 Ifflmmffl
1157 4514 1376 4570 d⁰⁰⁸¹¹³⁸f⁰³¹¹i⁸
1393 4514 1513 4590 legibus,
1529 4530 1638 4589 abnam·

131 4614 162 4668 ln
179 4628 263 4684 quem
279 4614 438 4686 praeoipiles
453 4614 574 4687 lapidem
588 4615 729 4673 offendere
743 4617 831 4673 ruinae
848 4634 855 4684 3
998 4605 1082 4671 Quem
1098 4611 1185 4660 11111ῑῦ1·
1200 4620 1322 4660 renuens
1340 4604 1480 4660 balaniem
1510 4620 1660 4681 agnoscere
1683 4610 1805 4676 1181111111,

127 4708 251 4780 Surgere
262 4723 316 4763 nec
342 4715 500 4780 properant,
516 4709 625 4765 ueniam
639 4710 705 4765 dum
735 4725 845 4766 sumere
859 4710 946 4767 vitant
997 4698 1078 4774 ¹⁴0ssss
1092 4699 1161 4754 dum
1172 4699 1259 4754 510113
1271 4699 1348 4774 Iuga,
1365 4698 1479 4754 milibus
1488 4697 1587 4754 aemlssa
1596 4702 1742 4765 ¹¹¹⁰¹¹2²f¹⁸²b

128 4795 186 4851 Per
200 4794 318 4850 comites
334 4795 443 4864 christi,
460 4797 562 4870 quibus
577 4797 695 4874 allegata
710 4805 803 4855 reatus
996 4792 1035 4845 dc
1047 4791 1171 4846 trucibus
1182 4790 1296 4863 proprio
1310 4789 1409 4864 gladiis
1419 4790 1549 4863 pellenda
1562 4789 1673 4845 sacello.

127 4884 238 4953 Cassio,
252 4884 355 4942 dilatus
367 4885 425 4942 fere
435 4887 621 4963 quadraginta
636 4905 687 4961 per
706 4902 794 4944 annos
998 4881 1114 4938 Inferior
1126 4882 1223 4954 templi
1238 4898 1298 4954 quae
1317 4880 1484 4953 respiciebat
1498 4881 1584 4938 Eoum

127 4973 264 5029 Vindictae
278 4973 389 5048 gladius
402 4975 491 5032 venie
506 4984 664 5049 superesset
672 4984 702 5032 ut
714 4984 801 5046 actus,
992 4976 1081 5032 lanua
1093 4977 1157 5032 dote
1172 4974 1275 5049 gravis,
1290 4974 1380 5031 solido
1393 4982 1523 5046 cooperta
1537 4973 1659 5038 metallo,

125 5065 161 5118 tlt
170 5064 272 5134 pietate
288 5063 336 5120 bei
348 5072 441 5137 spreta
455 5067 530 5124 subit
544 5066 612 5124 ultio
626 5067 730 5143 dignaq'
994 5063 1129 5121 Ponderis
1141 5062 1247 5127 eximii,
1261 5062 1305 5119 bis
1323 5063 1404 5119 denis
1418 5071 1493 5120 mota
1503 5062 1635 5119 ministris

130 5155 317 5211 Praecelerant
332 5164 425 5213 tamen
441 5159 584 5216 exordium
600 5169 730 5232 portenta
743 5160 876 5231 futurum,
994 5159 1058 5225 oue
1073 5156 1254 5215 claudebatur
1267 5156 1311 5213 vix
1331 5157 1540 5229 impellentibus
1559 5171 1624 5224 aera,

134 5245 327 5320 Prodigiisque
343 5248 415 5304 datis
431 5257 570 5306 torrentur
583 5250 644 5307 luce
657 5252 769 5309 minaci.
951 5253 982 5324 D
998 5250 1101 5307 Conalu
1117 5265 1225 5306 summo
1238 5248 1385 5320 patefacta.
1401 5249 1552 5307 recluditur
1566 5248 1649 5314 ultro,

134 5336 216 5392 Stella
227 5338 355 5411 quidem,
366 5339 593 5411 irameaesimilis‚
607 5341 719 5399 fulsisse
729 5359 891 5415 perannum
995 5343 1126 5399 Vestibus
1138 5350 1221 5416 atque
1236 5341 1306 5398 soris
1317 5339 1383 5397 ferri
1394 5338 1666 5413 penetrantibusalte

138 5430 303 5503 Imprudens
317 5442 405 5492 totum
415 5437 557 5495 sceleratae
572 5439 687 5496 traditur
699 5440 773 5508 urbi,
995 5435 1066 5491 llum
1077 5434 1261 5491 munitaforet
1276 5433 1376 5489 mediae
1390 5433 1441 5489 sub
1456 5440 1582 5504 tempore
1596 5430 1693 5487 noctis.

137 5519 328 5599 Pestiferisqua
343 5536 435 5585 truces
450 5530 569 5585 flammis
583 5532 683 5587 arsisse
698 5539 823 5588 cometae.
891 5591 899 5598 ,
995 5529 1119 5602 Postque
1133 5529 1207 5586 diem
1223 5528 1420 5602 festumparvo
1433 5528 1559 5585 uoluente
1575 5527 1686 5582 dierum

140 5608 309 5688 buchesui
324 5617 465 5676 celebrare
481 5629 579 5694 parant
589 5622 724 5679 solemnia
736 5622 858 5692 Paschae,
995 5622 1145 5692 Curriculo,
1165 5633 1259 5693 noctu,
1275 5621 1393 5680 necdum
1404 5621 1569 5680 cedentibus
1584 5619 1701 5686 umbris,
