3840 6106
127 269 183 327 ate
695 268 879 326 subnotant
900 267 1051 325 eunome!
1071 266 1235 324 munusts
1743 263 1799 318 ato

133 410 261 469 culminis
282 407 422 464 successio
435 422 546 479 semper
559 407 846 481 hucusqueviguerit.
862 411 937 465 Tune
949 414 975 480 Α
989 406 1116 465 Widonis
1136 421 1200 461 eum
1215 402 1367 476 coniungat
1389 399 1527 458 amicitie.
1556 398 1754 466 Posoitetiam,
1768 405 1800 455 ut

131 523 196 564 vero
211 506 258 561 ille
272 511 377 560 tantum
390 504 532 577 princeps,
546 510 575 558 et
593 503 639 557 lric
651 519 751 574 parvus
766 505 937 576 propinquus
988 503 1078 560 eidem
1095 500 1153 573 regi
1168 496 1339 555 deamicitia
1365 512 1414 552 sua
1442 511 1492 568 per
1514 510 1593 550 suurn
1609 494 1735 561 missum,
1750 501 1799 549 ant

133 600 193 668 ejus
217 597 342 663 liarolus,
369 597 403 652 de
431 603 487 651 tota
512 594 597 670 regali
619 594 705 665 stirpe
732 597 937 664 remanserint;
989 608 1103 666 persua
1128 591 1231 662 scripta
1257 588 1338 644 wtdo
1367 586 1521 644 remandet.
1541 585 1594 641 Sed
1624 585 1737 648 etsuis,
1754 583 1822 639 rel·

133 690 341 763 perpendatque
364 686 432 760 quid
455 687 616 760 contingere
631 686 729 756 possit,
745 687 768 741 si
784 704 847 743 eurn
858 688 939 743 dehi·
989 689 1117 747 Ecclesiae
1132 687 1184 743 sibi
1199 685 1353 743 commissae
1382 682 1567 754 compatiatur
1589 680 1713 750 injuriis,
1729 696 1799 752 quas

132 791 176 839 tus
186 782 293 837 eunctis
307 797 388 836 casus
402 778 601 851 repoposcerit,
613 793 675 833 enm
685 785 724 835 tot
734 779 834 848 jamde
849 779 939 835 aliena
989 780 1130 836 fidelitatis
1152 777 1240 850 ipsius
1266 791 1349 831 causa
1382 774 1527 831 tolerabat.
1562 770 1690 828 liutihcat
1714 771 1799 826 etium

133 876 219 946 stirpe
232 889 312 948 reges
331 872 459 933 existant,
476 876 503 924 et
530 870 621 924 adhuc
635 869 690 924 sint
705 870 809 941 plnres,
824 869 872 940 qui
885 867 939 923 sibi
990 871 1130 927 abbatiam
1143 868 1230 926 sancti
1243 865 1351 922 llartini
1366 880 1381 920 a
1402 880 1466 938 rege
1478 864 1531 920 sibi
1547 878 1709 919 concessam
1726 862 1798 934 [ms.,

133 967 240 1041 regium
255 979 357 1020 nomen
373 959 510 1026 affectent,
526 959 589 1030 quis
614 964 677 1029 post
689 958 779 1030 ipsius
792 959 939 1014 decessum
990 964 1188 1037 commissam,
1205 978 1305 1036 rogans
1318 968 1402 1017 utres
1414 960 1486 1030 ejus,
1495 975 1557 1032 quae
1572 958 1600 1013 in
1613 973 1703 1032 regno
1713 958 1800 1030 ipsius

134 1055 275 1126 adjuvabit
289 1055 350 1122 ejus
365 1051 463 1117 lilium,
479 1056 508 1105 ut
522 1050 557 1104 ad
571 1048 694 1105 debitam
708 1050 761 1105 sibi
776 1050 853 1122 regni
868 1066 937 1107 con·
988 1064 1077 1124 erant,
1094 1056 1122 1112 in
1138 1071 1188 1112 sua
1204 1053 1290 1110 tutela
1300 1052 1381 1108 Wido
1393 1051 1518 1124 recipiat.

134 1152 249 1207 scendet
260 1147 459 1214 hereditatem,
489 1144 512 1199 si
538 1144 686 1219 eontigerit
698 1145 772 1200 hunc
796 1144 848 1200 sibi
872 1160 937 1216 pro·
1025 1149 1113 1205 Odoni
1128 1147 1186 1223 regi
1201 1146 1306 1202 litteras
1321 1144 1456 1220 dirigens,
1467 1152 1603 1217 rogatpro
1614 1143 1797 1199 concedenda

133 1244 381 1319 pinquumcadere
412 1240 550 1297 ltarolum.
574 1240 937 1314 ddnectitetiam‚qu0din
989 1244 1116 1302 Ecclesia
1142 1241 1317 1299 laudunensi
1342 1246 1404 1312 post
1430 1239 1576 1296 decessum
1606 1238 1800 1310 bidonisepi·

133 1338 263 1395 omnibus
275 1352 347 1409 pene
360 1334 489 1409 gentibus
514 1339 609 1388 ¹10t1¹1¹¹
624 1331 714 1402 suerii,
730 1339 840 1408 geniem
855 1335 940 1391 Fran·
988 1341 1076 1412 scopi,
1090 1340 1226 1396 electione
1240 1338 1339 1405 libera,
1355 1337 1508 1393 ostendens
1521 1351 1577 1392 uon
1592 1342 1724 1406 oportere
1738 1335 1797 1390 uio-

135 1446 229 1486 eorum
256 1444 336 1502 reges
362 1442 394 1482 ex
422 1422 600 1479 successione
616 1421 717 1477 habere
746 1424 938 1490 consuevisse,
987 1437 1132 1493 temeram
1150 1434 1186 1489 ad
1204 1450 1279 1501 eum,
1296 1431 1715 1505 quemnoltnqgusciptendum
1726 1446 1798 1487 001⁰.

134 1522 278 1596 proferens
293 1537 376 1592 super
390 1520 442 1575 hoc
462 1516 652 1573 testimoninm
668 1518 739 1573 heati
756 1517 878 1593 Gregorii
891 1535 940 1590 pa·
989 1527 1067 1600 pelli.
1084 1526 1214 1580 precatur
1232 1524 1326 1588 etiam,
1341 1532 1371 1579 ut
1385 1523 1512 1580 eamdem
1527 1523 1679 1580 Ecclesiam
1695 1522 1799 1596 absque

134 1637 176 1692 pau
190 1619 274 1690 (hom.
291 1619 342 1683 lb).
367 1614 484 1684 Subjicit
497 1613 580 1669 etiam
595 1629 628 1668 ex
641 1613 718 1668 libris
733 1614 890 1671 Teutonieis
904 1615 939 1670 de
989 1617 1183 1691 inquietudine
1196 1616 1299 1689 degere
1312 1615 1421 1685 jubeat,
1437 1631 1529 1687 neque
1545 1631 1588 1671 res
1608 1615 1699 1687 ipsius
1709 1630 1726 1669 a
1737 1629 1798 1684 per·

133 1728 198 1787 rege
213 1712 332 1782 quodam
345 1708 524 1766 llermenrico
546 1708 670 1775 nomine,
684 1709 732 1779 qui
747 1725 858 1766 omnem
873 1726 939 1781 pro·
953 1731 977 1800 B
989 1712 1133 1770 rasoribus
1142 1709 1296 1782 depraedari
1317 1711 1400 1779 sinat,
1416 1707 1797 1782 nepertieepsdiripientinm

134 1808 244 1884 geniem
258 1822 336 1862 suam
350 1805 431 1861 morti
447 1803 628 1859 destinaverit
641 1804 735 1875 impiis
753 1806 878 1861 consiliis
892 1822 941 1861 ou·
990 1807 1084 1876 liat‚si
1103 1807 1168 1863 talia
1195 1804 1254 1861 lieri
1284 1806 1433 1876 permittat.
1459 1805 1558 1862 tereto
1585 1802 1796 1882 regisuoscri·

132 1899 243 1970 jusdam
258 1895 409 1953 consiliarii
423 1892 682 1966 sui,supplieatque
702 1912 736 1952 ne
747 1897 941 1953 sceleratishic
990 1903 1070 1968 bens,
1098 1900 1343 1977 indignaturvalde
1369 1900 1422 1957 sibi
1451 1900 1587 1972 perlatum
1618 1900 1693 1973 quod
1709 1897 1796 1971 praxis

136 1989 353 2060 rex'aequieseat
367 1985 492 2042 consiliis
504 1984 610 2055 (Gara,
623 1987 848 2059 insonantem
859 1987 942 2044 mise·
990 1993 1173 2068 quorumdam
1192 1990 1317 2048 consiliis
1344 1992 1428 2047 vellet
1458 1991 1531 2046 idem
1558 2007 1605 2046 rex
1634 2007 1664 2046 se
1695 1989 1797 2046 sociare

136 2081 327 2158 reaturgentis
342 2081 434 2150 hujus,
457 2086 484 2135 et
504 2079 580 2154 regio
591 2081 686 2154 generi
701 2082 847 2138 subveniat
861 2082 939 2138 deci·
989 2085 1175 2151 Nortmannis,
1191 2091 1221 2139 ut
1239 2081 1349 2139 illorum
1365 2081 1467 2138 auxilio
1483 2081 1518 2136 ad
1534 2082 1610 2156 regni
1628 2081 1716 2136 decus
1726 2078 1796 2136 obti-

135 2176 221 2244 denti,
238 2184 365 2250 satagens
380 2181 410 2230 ut
425 2175 452 2229 in
467 2174 565 2229 diebus
580 2175 638 2229 suis
652 2176 773 2251 dignitas
788 2179 942 2234 successio·
990 2174 1209 2245 nendumjnrari
1224 2179 1328 2245 posset.
1342 2192 1355 2225 e
1368 2171 1433 2238 Quis
1448 2171 1646 2243 enim,inquit,
1661 2171 1712 2243 qui
1723 2169 1797 2226 subis

135 2267 179 2321 nis
194 2281 250 2333 suae
264 2265 417 2336 roboretur,
429 2272 456 2320 et
483 2264 511 2318 hi
525 2264 573 2335 (qni
588 2280 621 2320 ex
639 2266 729 2322 alieno
743 2283 845 2340 genere
860 2286 941 2345 reges
990 2269 1061 2324 sicut
1075 2273 1184 2339 oportet
1193 2264 1283 2321 fidelis
1303 2270 1354 2331 ost,
1370 2280 1426 2321 non
1445 2272 1621 2334 expavescat,
1643 2279 1694 2320 vos
1709 2261 1797 2318 inimi-

135 2361 289 2431 exstahant,
303 2360 347 2415 rel
365 2360 482 2416 existere
508 2360 666 2433 cupiebant,
692 2377 747 2418 non
762 2366 942 2435 praevalerent
991 2380 1086 2420 corum
1100 2363 1148 2417 Dei
1160 2360 1309 2417 amicitiam
1324 2360 1408 2427 velle,
1429 2365 1457 2414 et
1485 2359 1513 2413 in
1525 2358 1632 2414 cladem
1646 2373 1680 2414 ac
1695 2357 1795 2413 ruinam

135 2450 416 2522 contraeas,quibns
431 2467 464 2506 ex
487 2467 590 2523 genere
613 2452 808 2528 honorregius
823 2455 941 2511 debeba·
991 2457 1112 2513 numinis
1127 2455 1271 2512 Christiani
1305 2470 1412 2530 pagana
1442 2470 1527 2520 arma,
1557 2461 1584 2509 et
1605 2452 1796 2509 ioederadote·

135 2555 188 2604 tur.
205 2548 364 2618 asseritque
378 2563 407 2602 se
431 2546 543 2603 misisse
558 2548 744 2605 dledrannum
762 2550 819 2622 [ms.
833 2554 939 2622 Papia,
990 2551 1087 2608 standa
1101 2550 1244 2622 suscipere
1260 2549 1275 2604 l
1289 2549 1362 2606 Nihil
1375 2549 1450 2605 enim
1472 2548 1565 2615 distat,
1579 2556 1674 2604 utrum
1690 2548 1752 2621 quis
1768 2563 1796 2603 se

135 2643 315 2711 alerannum]
328 2642 363 2696 ad
398 2642 528 2696 eumdem
554 2641 708 2707 arnulfum,
728 2644 903 2720 suggerendo
911 2652 941 2700 ut
990 2643 1106 2717 paganis
1120 2643 1217 2712 societ,
1233 2660 1268 2700 an
1288 2643 1427 2719 abnegato
1446 2644 1502 2700 Deo
1519 2643 1594 2698 idola
1607 2642 1716 2700 adoret.
1733 2643 1794 2698 liam

136 2748 318 2804 quoscunque
333 2731 386 2786 sibi
411 2733 542 2803 placeret,
570 2749 603 2788 ex
629 2734 672 2789 his
691 2735 738 2806 qui
754 2734 881 2792 llarolum
895 2753 941 2792 re·
989 2740 1013 2794 si
1032 2741 1074 2808 (ut
1089 2740 1128 2795 ait
1148 2739 1303 2811 Apostolus}
1327 2730 1425 2795 'mores
1454 2738 1542 2795 honos
1561 2737 1704 2810 colloquia
1718 2753 1797 2809 prata

135 2843 198 2903 gem
221 2827 432 2893 constituerant,
459 2826 487 2881 in
517 2845 597 2884 suum
639 2847 754 2906 pergere
797 2832 939 2888 servitium
990 2841 1175 2904 corrumpunt
1186 2835 1209 2902 (l
1226 2834 1277 2890 Gor
1301 2835 1355 2900 xv),
1371 2841 1475 2904 quanto
1504 2833 1593 2907 magis
1611 2833 1797 2905 corrumpitur

136 2922 307 2994 preciperet,
325 2922 373 2993 qni
401 2937 492 2978 eoram
521 2924 690 2981 sublimitate
713 2925 801 2998 ipsius
820 2927 880 2983 hec
904 2927 941 2982 ita
990 2924 1102 2980 castitas
1128 2924 1227 2980 anime
1251 2924 1412 2982 Christianae
1434 2926 1607 2982 ethnicorum
1634 2927 1798 2983 consiliiset

135 3034 200 3074 esse
214 3017 414 3073 rationabiliter
425 3019 613 3075 ostenderent.
625 3020 855 3096 Flagitausetiam
870 3029 939 3090 orat,
990 3019 1123 3076 societate
1138 3018 1152 3072 l
1167 3019 1261 3091 Neque
1276 3020 1351 3075 enim
1366 3020 1468 3091 poterit
1483 3034 1538 3076 non
1554 3019 1656 3076 imitari
1665 3021 1741 3093 qnod
1755 3038 1798 3076 as·

135 3108 382 3180 utlraeepraemissa
394 3108 516 3182 benigno
532 3125 578 3165 rex
592 3117 689 3168 tractet
703 3113 807 3176 animo,
823 3120 850 3169 et
870 3100 1067 3170 huncCsidue
1095 3110 1205 3177 viderit,
1230 3110 1297 3182 quin
1327 3110 1420 3180 potius
1446 3120 1590 3167 assuescet
1610 3113 1755 3183 paulatim,
1772 3118 1797 3167 et

135 3207 204 3263 sciat
218 3205 307 3277 ipsius
327 3220 391 3260 esse
414 3204 602 3274 devotionem,
615 3208 658 3263 vel
678 3208 860 3265 intentionem
875 3226 941 3284 erga
991 3205 1188 3276 quasivincnlo
1217 3206 1296 3260 malae
1323 3206 1534 3262 consuetudinis
1548 3208 1719 3263 traheturad
1735 3207 1796 3265 iaci·

135 3301 224 3372 ipsius
238 3299 409 3365 fidelitatem,
425 3304 454 3354 ut
464 3298 509 3354 hic
522 3300 679 3357 harelusad
689 3303 778 3374 ipsius
793 3304 940 3361 eonsilium
990 3315 1050 3355 nus.
1068 3297 1146 3355 Certe
1162 3300 1353 3373 progenitores
1380 3300 1463 3357 vestri
1479 3317 1569 3376 reges,
1585 3300 1715 3374 deposito
1732 3317 1795 3378 geu·

135 3391 163 3445 in
182 3390 399 3459 omnibusque
428 3396 539 3445 aeturus
563 3399 616 3459 est,
643 3393 785 3464 respiciat,
800 3402 827 3450 et
851 3395 941 3466 ipsius
991 3389 1184 3456 tilitioerrore,
1199 3390 1793 3459 divinocoltuisesublimitersnbdiderunt,

135 3483 235 3554 pietate
249 3486 324 3537 tutus
338 3479 482 3550 consistat,
496 3487 523 3536 et
545 3490 574 3538 ut
600 3499 683 3541 nemo
698 3486 781 3556 hujus
792 3486 866 3559 regis
881 3490 942 3544 ani·
990 3494 1018 3540 et
1032 3487 1111 3542 alteo
1126 3501 1237 3556 semper
1249 3487 1379 3543 auxilium
1395 3488 1588 3560 expetiverunt
1603 3496 1721 3559 propter
1740 3504 1793 3562 qne

134 3592 209 3631 mum
223 3576 258 3630 ab
274 3573 376 3631 auxilio
390 3574 470 3631 istius
483 3579 572 3654 regni,
588 3580 631 3636 rel
646 3581 771 3651 ejusdem
788 3583 938 3643 llarolide·
989 3587 1016 3635 et
1026 3578 1144 3637 feliciter
1157 3589 1354 3654 regnaverunt,
1386 3591 1414 3638 θῑ
1447 3583 1527 3658 regni
1555 3581 1793 3639 hffil'edimemtd

134 3665 355 3722 tleeterevaloat.
371 3666 438 3721 ltcm
453 3668 487 3723 ad
502 3671 631 3728 eumdem
657 3689 761 3749 regem,
777 3675 939 3752 significans
988 3690 1054 3730 suos
1082 3681 1209 3746 posteros
1237 3677 1458 3734 transmiserunt.
1497 3677 1551 3735 vos
1578 3686 1695 3735 econtra
1730 3692 1793 3736 nunt

134 3757 160 3813 ei
174 3759 208 3814 de
223 3756 354 3814 fidelitate
368 3764 396 3813 et
422 3759 578 3829 devotione,
604 3780 686 3837 quam
707 3782 772 3840 erga
788 3767 877 3841 ipsum
890 3771 938 3827 ha·
989 3771 1074 3828 Deum
1090 3771 1255 3844 relinquitis.
1280 3773 1372 3829 [ticam
1400 3781 1486 3840 certe,
1511 3774 1576 3830 licet
1605 3775 1717 3841 nolens,
1737 3775 1792 3848 quia

133 3851 225 3914 bebat,
241 3856 268 3906 et
281 3850 347 3921 quia
360 3850 388 3905 in
404 3851 464 3920 ejus
477 3855 663 3913 servitiumad
679 3858 767 3930 ipsius
780 3861 937 3930 jussionem
988 3863 1074 3920 Deum
1098 3863 1264 3935 relinquitis,
1286 3880 1347 3920 cunr
1374 3880 1424 3922 voa
1443 3865 1505 3934 ejus
1531 3864 1659 3922 hostibus
1680 3867 1789 3924 sociam.

132 3959 279 4016 properare
294 3942 480 4001 desiderabat.
490 3945 705 4006 Promissionem
716 3969 837 4026 quoque,
856 3972 938 4028 quam
989 3954 1066 4010 Unde
1080 3963 1107 4010 et
1121 3954 1219 4011 morito
1234 3954 1397 4026 prophetica
1424 3956 1471 4012 illa
1486 3971 1538 4013 vox
1553 3955 1587 4011 ad
1597 3971 1649 4013 tros
1662 3956 1789 4034 dirigitur,

132 4053 180 4092 rex
199 4052 265 4091 suus
279 4035 393 4090 Karalus
419 4037 510 4092 eidem
537 4041 662 4109 bruelio,
682 4045 730 4116 qui
755 4062 870 4121 regnum
884 4047 937 4103 sibi
988 4063 1050 4118 quae
1061 4046 1246 4118 quondamad
1261 4062 1354 4121 regem
1367 4047 1420 4120 (25)
1437 4047 1521 4105 lsrael
1537 4049 1640 4105 similia
1655 4048 1789 4106 facientem

131 4128 344 4193 contradiderat,
370 4129 551 4199 promisisset,
592 4150 705 4190 manere
736 4137 936 4208 inconvulsam,
989 4142 1268 4212 directaostrlmpio
1282 4144 1386 4213 prebes
1401 4146 1588 4211 anatliema
1603 4147 1647 4202 his
1675 4146 1790 4218 putate

133 4220 237 4277 tamin
261 4220 321 4290 ipso
356 4234 432 4292 rege,
455 4237 537 4291 quam
567 4223 595 4278 in
625 4226 742 4284 subditis
755 4228 822 4283 sibi.
838 4231 939 4303 thuia
988 4236 1147 4289 rontDcam
1166 4236 1287 4289 amicitie
1310 4235 1438 4305 innueris
1462 4237 1498 4305 (Π
1512 4238 1574 4292 Par.
1593 4238 1662 4309 xrx).
1682 4238 1789 4296 Etcerte

132 4317 302 4383 proponeret
329 4309 403 4364 idem
432 4311 548 4369 llarolus
579 4314 702 4373 Odnnem
722 4319 865 4376 inimicum
884 4322 938 4378 sibi
988 4341 1051 4380 cum
1066 4323 1208 4380 deberetis
1232 4326 1327 4382 multis
1355 4327 1501 4398 preteritis
1517 4328 1668 4386 terminum
1685 4346 1788 4405 ponere,

131 4423 236 4481 regem,
252 4414 279 4461 et
292 4405 406 4462 insidias
418 4407 471 4463 sibi
506 4426 674 4486 magnopere
694 4422 839 4487 parantem
854 4418 938 4473 armis
987 4421 1015 4470 et
1027 4415 1132 4486 rapinis
1145 4422 1173 4471 et
1187 4415 1442 4487 depredationibus
1455 4432 1609 4489 pauperum
1626 4420 1786 4482 renuntiare,

130 4497 399 4573 aggredilllrnnnerr
429 4501 624 4573 imperatorem
652 4504 792 4581 legatione
823 4525 936 4565 suarum
953 4510 1144 4590 Daeprohis
1163 4510 1295 4567 omnibus
1322 4510 1515 4582 poenitentiam
1539 4528 1635 4588 agere,
1667 4511 1787 4572 nuncid

130 4589 416 4659 visitanslitterarum,
445 4594 594 4650 admodum
623 4597 689 4652 sede
714 4597 800 4668 ipsius
814 4597 936 4679 gaudere
985 4606 1117 4676 majorem
1144 4606 1212 4661 iram
1238 4607 1286 4662 Dei
1321 4606 1534 4679 provocandam,
1564 4608 1608 4665 his
1635 4612 1685 4681 qui
1714 4612 1785 4667 Mun

129 4681 228 4739 latetur
245 4683 334 4756 gloria
348 4684 572 4755 etexaltatione;
589 4688 680 4745 mirari
702 4705 766 4745 vero
778 4698 861 4764 atque
878 4700 936 4747 tur·
985 4701 1125 4777 ignorant,
1137 4707 1165 4757 er
1191 4702 1219 4756 jn
1244 4717 1294 4757 sua
1312 4701 1419 4759 feritare
1443 4702 1598 4769 confidunt,
1615 4720 1667 4762 ως
1681 4706 1786 4774 mnjqp.

129 4774 199 4840 Μή,
214 4773 385 4847 quiamultis
407 4776 510 4832 nuntiis
527 4779 584 4849 lim
605 4780 689 4855 ¹⁰¹¹g⁰
708 4786 832 4854 tel¹¹l³⁰re
848 4789 935 4837 ism·
984 4796 1060 4872 gitis.
1077 4795 1186 4853 Credite
1215 4797 1294 4864 mitri,
1318 4797 1384 4869 quia
1409 4814 1550 4870 nunquam
1572 4799 1615 4856 sic
1637 4797 1786 4877 agendood

128 4869 423 4943 actosibialiquidde
453 4879 525 4929 statu
545 4880 573 4929 et
596 4876 780 4946 prosperitate
795 4893 844 4932 sua
859 4877 933 4933 uoti·
984 4909 1101 4968 regnum
1130 4892 1308 4964 pervenietis,
1339 4893 1393 4950 imo
1422 4893 1555 4951 pompe,
1577 4895 1724 4968 disperget
1746 4910 1786 4953 ,ω

128 4959 261 5017 beaverit.
291 4963 388 5018 Exorat
413 4973 515 5032 autem,
539 4971 569 5019 ut
583 4965 640 5040 regi
655 4980 706 5022 suo
722 4966 821 5023 ltarolo
835 4966 935 5023 suffra-
984 4984 1067 5051 Deus,
1096 4999 1179 5056 quem
1209 4984 1333 5041 issimus,
1357 4986 1495 5042 pantenu,
1519 4986 1633 5058 quidem
1663 4989 1700 5046 dg
1718 4985 1786 5046 vobi,

126 5052 201 5126 bium
217 5051 370 5123 impendiis
391 5063 420 5108 0³
434 5053 497 5108 talis
511 5068 577 5129 esda
592 5055 681 5127 ipsum
697 5057 807 5123 θῖῑὸῑθῑι
822 5060 932 5130 qualem
984 5074 1099 5131 meliora
1122 5075 1289 5148 sperabam:
1319 5078 1490 5135 nuncrideo
1509 5094 1558 5136 ros
1587 5080 1786 5139 cumomnibot

128 5165 190 5204 enm
203 5165 268 5225 erga
283 5148 470 5222 propinquum
485 5150 604 5207 existere
618 5152 709 5219 decet,
724 5162 752 5209 et
771 5162 801 5210 ut
815 5153 934 5209 celerius
983 5165 1197 5238 consanguineis
1222 5167 1281 5238 [aas.
1289 5167 1317 5237 j,
1343 5170 1452 5239 Pupia,
1479 5172 1686 5245 consentaneis]
1699 5171 1786 5230 restria

127 5242 289 5298 illumstire
318 5242 409 5309 faciat»
439 5245 550 5315 qualem
570 5245 933 5320 v⁰¹11¹¹iai⁰¹1¹&calidum
984 5256 1185 5327 periturum‚si
1201 5258 1785 5336 tamenlrocxerevultisegere,ettalibus

126 5334 287 5391 habentos
303 5335 416 5390 lrnulfo
444 5351 557 5408 quoque
590 5351 656 5411 rege
680 5336 829 5414 signifieat,
857 5338 932 5412 quod
982 5347 1106 5404 consiliis
1119 5348 1306 5420 acquiescere.
1336 5350 1442 5406 Revera
1470 5350 1518 5423 qui
1542 5352 1598 5409 tale
1623 5353 1706 5411 vobis
1727 5353 1784 5409 daut

126 5429 263 5486 nouvelit
283 5429 375 5486 eidem
402 5431 513 5488 Widoni
542 5450 639 5506 pacem
662 5450 782 5490 servare.
803 5435 930 5492 llarolum
980 5440 1137 5508 consilium,
1154 5456 1209 5497 non
1226 5440 1333 5511 fideles,
1350 5443 1783 5516 sedperomniaiutidelesesst

124 5521 246 5595 denique
260 5522 320 5578 sedi
345 5523 502 5596 apostolice
530 5542 607 5582 suam
642 5526 786 5598 epistolam
799 5527 929 5601 dirigere,
979 5534 1207 5605 comprobantur,
1223 5552 1294 5609 quos
1312 5538 1336 5593 si
1366 5539 1463 5595 audire
1482 5540 1637 5608 volueritis,
1654 5550 1781 5600 terrenum

122 5612 295 5669 orationibus
313 5630 343 5670 se
373 5616 594 5674 commendando
616 5634 707 5690 papae,
730 5626 814 5692 etque
842 5620 930 5693 ipsius
979 5623 1061 5680 simul
1075 5632 1104 5680 et
1116 5625 1227 5682 coelaste
1243 5644 1357 5703 regnum
1384 5630 1526 5687 amittetis.
1544 5631 1685 5704 Deprecor
1699 5634 1780 5706 tuque

112 5707 219 5768 petens
232 5703 359 5762 roborari
372 5704 578 5775 benedictione,
592 5713 620 5764 et
631 5715 661 5764 ut
678 5707 752 5764 idem
763 5725 836 5781 papa
847 5711 929 5783 hujus
978 5730 1028 5773 ros
1037 5731 1087 5789 per
1114 5717 1212 5786 bean,
1228 5724 1257 5776 nt
1281 5721 1335 5778 tale
1364 5723 1501 5780 deseretis
1525 5722 1686 5796 consilium,
1699 5737 1778 5798 neque

134 5793 197 5864 (25)
214 5798 288 5857 Sunt
303 5803 388 5861 rerba
400 5804 474 5864 Jehu
485 5806 524 5865 ad
538 5806 674 5884 iosaphat
690 5822 786 5886 regern
799 5807 883 5868 luda.
