3848 6106
427 242 468 298 nl:
488 241 604 296 tltthts't
608 243 615 296 Ι
635 239 815 297 I‘lIlUbiPilIS
835 243 920 297 APUD
942 242 1073 298 thalinu
1093 239 1180 296 cluat
1201 242 1266 298 xit.
1287 273 1321 282 -
1342 241 1404 298 ltu.
1425 242 1493 299 xtu.
1741 245 1793 322 834

376 423 624 511 INCIPIT
667 424 866 511 LIBER
911 422 1205 513 DECIMUS
1245 423 1549 511 TERTIUS.

829 579 933 635 CAPUT
957 579 1099 635 Phratou.

532 683 571 741 De
583 685 696 742 soractis
717 683 875 755 Theodoro,
892 684 1027 756 Acontio,
1044 682 1170 742 Seronto
1186 681 1386 742 clibanario.

123 820 191 887 Quis
202 832 347 875 numerare
363 821 446 889 queat
455 815 556 888 quibus
577 814 711 870 illustrata
724 815 872 888 triumphis
948 815 1138 893 Ahenguoris
1153 814 1232 869 novit
1247 814 1404 886 patienter?
1417 815 1549 872 Servulus
1560 833 1632 871 unus

126 911 213 965 Roma
229 909 298 962 nitet
313 904 423 972 Christi
439 904 504 958 dum
521 919 574 959 uec
592 902 729 978 nragnalia
742 903 813 958 Petri

124 1002 207 1055 Gesta
227 1001 308 1055 demo
325 1013 354 1052 sc
370 996 517 1068 complecti
535 995 654 1051 valuisse
674 996 796 1071 resignet

125 1091 286 1162 Gregorius,
303 1087 345 1144 vel
360 1087 501 1159 proposito
517 1087 661 1144 discedere
677 1096 787 1153 cuncto,

125 1184 194 1248 Quis
210 1182 342 1253 supplere
357 1187 435 1251 putet
450 1196 480 1234 se
498 1195 579 1251 posse
599 1181 674 1251 quod
690 1181 736 1235 ille
752 1177 886 1252 negavit?

126 1272 259 1344 Nunquid
271 1271 433 1326 Theodorus
453 1269 619 1326 iarnulorurn
639 1287 753 1327 cernere
768 1271 843 1326 solus

126 1368 248 1423 Visentis
261 1367 365 1421 vultum
381 1364 489 1421 Domini
505 1381 656 1437 vocemque
675 1364 815 1438 loquentis

126 1463 199 1511 Aure
213 1456 292 1526 sequi
307 1455 419 1529 dignus,
435 1455 514 1523 cujus
528 1471 558 1510 se
573 1456 669 1511 Petrus
682 1457 782 1511 adesse

128 1544 256 1599 Servitiis
271 1545 365 1615 patula
381 1552 542 1615 praesentem
558 1544 619 1600 lucc
633 1545 765 1616 probaret

129 1631 213 1686 Solus
227 1647 262 1686 au
278 1631 421 1703 obsequiis
435 1632 552 1687 devotus
565 1633 695 1688 dcoutIus
704 1633 765 1703 ejus

130 1720 241 1776 Vixerat
255 1720 383 1776 Ecclesiae
398 1738 482 1794 quern
497 1723 611 1796 dignum
626 1723 746 1793 pandere
766 1723 853 1798 siguis

129 1809 249 1864 Duceret
263 1825 295 1864 ac
311 1825 360 1880 per
374 1826 437 1865 eum
449 1811 600 1883 paralytica
615 1813 739 1867 membra
753 1813 843 1869 levare
860 1813 874 1866 ‘i

131 1899 197 1954 Visa
208 1900 252 1954 vel
268 1901 327 1955 hac
342 1908 447 1956 tantum
469 1918 530 1974 quae
544 1901 628 1978 digna
641 1903 728 1968 salute
747 1904 841 1976 puella

132 1991 271 2048 lloeuibus
286 2001 333 2050 aut
348 1994 374 2049 in
385 1995 544 2066 apostolicis
561 1996 677 2052 tolerare
689 1996 810 2054 laborem

990 904 1089 958 Rerum
1106 903 1205 973 opibus
1219 918 1324 973 pauper
1338 903 1496 958 meritorum
1510 920 1624 960 munere
1639 904 1727 973 dives,

989 995 1092 1069 Largus
1105 1004 1133 1049 et
1153 994 1294 1068 indiguus,
1309 995 1367 1049 sola
1378 996 1479 1066 pietate
1492 996 1588 1052 virilis.

991 1083 1022 1138 Et
1035 1083 1133 1137 studiis
1148 1082 1235 1150 iorlis,
1250 1083 1395 1138 DomInum
1413 1085 1524 1138 laudare
1540 1085 1635 1140 dolore

990 1175 1100 1231 Obsitus
1112 1175 1267 1249 invigilans,
1285 1175 1364 1242 cujus
1378 1175 1511 1246 patientia
1526 1176 1610 1231 coelos

991 1269 1128 1323 Exsultare
1143 1267 1216 1335 lacit,
1230 1269 1309 1340 queis
1323 1269 1488 1324 deditadum
1505 1270 1572 1340 petit
1582 1277 1655 1324 astra

990 1359 1066 1414 Dens
1080 1359 1126 1430 pia
1140 1359 1260 1414 coelestis
1271 1360 1374 1435 spargit
1390 1360 1536 1432 fragrantia
1551 1371 1622 1417 tecta

992 1454 1066 1510 lianc
1080 1455 1257 1527 paradysiaco
1269 1455 1437 1526 depromens
1450 1467 1560 1512 nectare
1575 1455 1720 1512 iunctam?

992 1549 1106 1604 Solusve
1121 1560 1223 1622 martyr
1238 1551 1341 1621 templa
1354 1551 1503 1606 Ianuarius

992 1638 1068 1693 Vetat
1082 1639 1221 1711 inquinari
1235 1640 1385 1696 criminoso
1403 1640 1509 1704 lunare,

992 1726 1095 1781 Mutare
1109 1726 1209 1781 vellera
1222 1735 1316 1782 suetus
1328 1736 1358 1783 ut
1372 1729 1511 1785 coloribus

996 1815 1099 1870 Ardere
1114 1829 1144 1869 sc
1154 1815 1290 1870 clamante
1309 1816 1369 1870 dire
1388 1816 1485 1887 spiritu

998 1910 1203 1981 Propelleretur
1216 1926 1231 1966 e
1243 1911 1328 1967 sacris
1344 1912 1519 1968 miserrime?

892 2100 997 2156 caput
1020 2102 1054 2157 lt.

314 2199 355 2259 De
368 2203 480 2260 sanctis
500 2201 666 2275 Deusriedit,
690 2203 848 2278 Victorino,
866 2204 1035 2278 Anastasio,
1052 2205 1219 2282 iledempta,
1236 2204 1334 2279 Getta,
1354 2207 1480 2267 Domitio
1495 2206 1521 2267 ci
1536 2209 1625 2270 Mosa.

133 2311 298 2388 helligionis
320 2330 391 2384 opus
405 2314 516 2370 solusne
531 2316 675 2386 probabile
688 2317 781 2372 Romae

132 2403 259 2458 Patrarat
270 2412 346 2460 vates
353 2405 466 2475 jamjam
483 2422 566 2478 quem
582 2407 672 2463 visere
685 2408 786 2464 iturum

135 2494 265 2549 Ezechiel
281 2496 432 2568 Danielque
445 2497 542 2570 legunt
557 2499 670 2571 notique
681 2506 835 2570 patescunt,

136 2584 185 2640 llle
200 2584 363 2650 Deusdedit,
381 2591 429 2641 aut
443 2592 520 2641 sutor
535 2586 578 2641 cui
594 2587 708 2643 sabbata
723 2590 811 2644 solum

136 2678 281 2734 tlidihcare
292 2680 416 2746 domurn,
432 2679 622 2751 fabricamque
633 2683 781 2738 extendere
791 2683 862 2749 visu,

136 2765 257 2821 Ornatus
272 2767 366 2836 operis
380 2767 473 2840 dignis
486 2768 626 2840 aequantia
639 2768 718 2824 iactis
732 2771 747 2824 I

137 2860 190 2914 Aut
205 2860 363 2916 Victorinus
376 2861 441 2916 lavit
455 2861 527 2917 bene
543 2862 659 2918 crimina
674 2863 750 2919 solus

138 2953 272 3018 Fletibus,
290 2963 321 3011 ut
334 2957 483 3012 commissa
492 2957 538 3029 pio
553 2957 689 3013 solamine
700 2957 809 3014 iunctus

139 3046 279 3102 Gauderet
290 3047 378 3102 laxata
397 3049 461 3115 sibi,
482 3049 588 3123 lulgore
603 3050 725 3105 vibratus

140 3139 199 3202 Quo
214 3146 416 3194 monstraretur
428 3139 535 3195 meritis
549 3140 673 3196 caruisse
683 3140 828 3196 tenebris?

140 3225 235 3281 blilitis
248 3243 284 3281 an
299 3234 404 3283 tantum
416 3229 499 3284 unius
513 3230 636 3285 Domana
651 3230 785 3301 probatur

143 3319 217 3372 lutra
228 3325 317 3374 eastra
332 3320 420 3387 labor,
437 3321 559 3392 placidas
573 3328 603 3376 ut
617 3321 707 3377 visere
719 3322 800 3377 sedes

143 3407 183 3462 Sit
198 3408 327 3475 meritus,
341 3411 416 3464 solus
424 3409 569 3481 visumque
584 3409 687 3465 referre
704 3409 822 3465 nitorem

144 3497 255 3553 Gallave
269 3500 384 3570 patricio
395 3501 519 3557 renitens
533 3502 657 3575 genitore
672 3511 802 3567 venusta,

145 3585 277 3642 Praeduce
285 3588 333 3643 sed
348 3587 440 3655 Petro,
451 3603 610 3660 sponsoque
621 3590 762 3645 venustior
772 3588 850 3644 alte?

145 3679 190 3734 Vel
207 3697 278 3751 puer
292 3682 424 3737 armentis
436 3681 578 3738 studiosus
595 3683 792 3754 simplicitatis,

147 3774 231 3839 Quem
245 3775 287 3830 vis
301 3791 388 3847 prona
402 3775 479 3830 dedit
498 3774 585 3840 coelis,
600 3776 739 3849 terrisque
755 3777 912 3843 remissum,

961 2320 1065 2393 ssGreli
1082 2319 1247 2390 discipulum
1263 2321 1416 2395 linguarum
1432 2323 1504 2378 dona
1520 2325 1680 2394 probarunt,

1000 2409 1184 2481 Praedictique
1199 2409 1293 2465 obitus
1306 2426 1368 2465 mox
1383 2410 1479 2466 lunera
1496 2412 1578 2467 rerba
1592 2422 1694 2471 secuta.

999 2499 1136 2572 Numquid
1150 2500 1319 2566 Anastasius,
1334 2500 1428 2556 blandi
1443 2519 1486 2557 res
1502 2519 1605 2573 ponere
1620 2507 1716 2562 mundi

999 2593 1134 2646 Strenuus
1148 2591 1276 2646 inventus
1295 2593 1425 2647 Romanis
1438 2594 1547 2650 arcibus
1566 2613 1648 2666 unus,

999 2685 1105 2739 Scrinia
1121 2684 1273 2751 dimittens,
1289 2685 1336 2756 qui
1355 2690 1606 2744 castramonastica
1621 2690 1697 2765 legit,

1001 2777 1193 2849 Emeritusque
1208 2776 1280 2847 polis
1294 2777 1398 2832 accitur
1410 2794 1478 2848 rupe
1492 2787 1617 2846 vocatus,

1000 2865 1115 2937 binaque
1130 2865 1250 2920 secuturi
1264 2855 1411 2921 recitantur
1424 2867 1455 2922 in
1474 2868 1572 2923 ordine
1583 2868 1690 2938 iratres,

1001 2956 1134 3010 Dbtentus
1149 2953 1277 3026 precibus
1292 2971 1419 3010 uecvoce
1439 2964 1549 3012 notatus
1561 2959 1687 3014 amicus?

1001 3049 1053 3101 hut
1067 3063 1128 3102 cnm
1144 3047 1289 3118 discipulis
1303 3049 1385 3102 vitam
1398 3065 1523 3119 praecone
1534 3051 1617 3107 beato

1002 3135 1114 3211 Dignam
1135 3136 1267 3212 Gregorio
1284 3137 1441 3212 Domaecgit
1456 3139 1513 3195 sola
1529 3140 1691 3213 Redempta,

1003 3224 1102 3279 Mentis
1115 3226 1221 3280 honore
1236 3226 1337 3290 nitens,
1351 3235 1377 3281 et
1393 3228 1542 3285 hirundine
1557 3231 1642 3305 digua
1656 3231 1784 3306 magistra
1800 3233 1815 3288 i

1010 3311 1124 3366 Romula
1138 3313 1297 3368 coelicorum
1312 3315 1448 3371 solamine
1463 3318 1522 3373 sola
1537 3319 1620 3375 levari

1008 3403 1125 3457 Lumine
1140 3403 1260 3471 lustrari,
1276 3405 1381 3461 coelesti
1397 3416 1507 3462 nectare
1524 3410 1609 3479 pasci,

1008 3495 1230 3570 AEthereisiungi
1242 3497 1375 3568 exequiis,
1389 3499 1486 3554 etluce
1501 3515 1622 3571 superna

1007 3590 1081 3646 hlosa
1102 3590 1182 3646 Probi
1196 3606 1274 3646 soror
1284 3597 1330 3645 aut
1343 3591 1451 3662 superis
1464 3592 1523 3647 sola
1535 3601 1598 3664 apta
1608 3593 1717 3650 choreis

1008 3686 1119 3752 hscisci,
1135 3685 1268 3760 genitrice
1284 3685 1330 3740 Dei
1345 3686 1451 3742 visente
1471 3689 1563 3743 vocari

1010 3775 1118 3829 institui
1136 3775 1258 3839 monitis,
1275 3775 1390 3847 ipsaque
1410 3782 1521 3846 petente
1537 3778 1666 3834 resolvit

906 3908 1011 3964 cnuth
1033 3910 1079 3965 tll.

336 4015 374 4074 De
387 4016 501 4076 sanctis
517 4013 707 4073 diuersorum
723 4013 857 4072 iocorum
869 4007 881 4070 I
890 4012 980 4082 tutia,
997 4009 1148 4069 Honoroto
1161 4009 1284 4079 scilicet,
1302 4006 1448 4068 libertino
1465 4016 1492 4067 ct
1507 4007 1629 4068 coeteris.

150 4153 180 4208 dt
194 4153 261 4208 durn
277 4153 398 4226 Gregorii
413 4153 572 4210 venerando
588 4158 706 4225 syrmate
723 4157 846 4223 prompta

151 4245 285 4301 Clauderc
295 4246 464 4301 carminibus
483 4245 602 4302 modulis
613 4242 711 4298 diffusa
725 4243 812 4316 ligare

152 4334 242 4390 Conor
262 4333 373 4389 adortus
388 4334 440 4388 iter
454 4341 508 4390 tam
529 4334 644 4399 celsum,
661 4340 715 4387 tam
728 4331 794 4403 iuga
808 4338 928 4402 tentans,

151 4426 243 4482 Ardua
258 4425 372 4482 convexi
388 4441 485 4481 vereor
499 4426 660 4497 contingere
676 4423 748 4486 clivi,

153 4517 231 4572 Prata
239 4519 320 4573 beata
334 4518 469 4589 datosque
482 4533 532 4588 per
544 4516 644 4587 inclyta
659 4515 783 4591 gramina
798 4514 881 4570 llores

153 4612 304 4684 Squalidus
319 4613 435 4685 impuris
451 4612 592 4683 trepidans
605 4611 757 4681 irrumpere
772 4609 856 4663 rivis.⁴

152 4709 206 4762 Sed
221 4709 244 4763 si
259 4707 342 4763 ilante
357 4708 405 4764 Dei
421 4716 531 4764 currant
543 4705 691 4779 spiramine
704 4703 786 4775 lapsi,

152 4803 263 4858 AEthere
278 4802 409 4858 dulciiluo
425 4802 534 4877 purgari
548 4817 647 4872 spurca
661 4801 805 4862 valebunt,

154 4899 280 4969 lpsaequc
295 4898 414 4954 aureolis
427 4897 507 4952 stillae
518 4902 662 4951 comentur
676 4894 767 4949 arenis

153 4989 212 5053 Quo
228 4998 320 5044 tamen
336 4989 394 5044 baec
407 4988 510 5043 aditum
527 4996 581 5042 tarn
596 4986 657 5040 laeta
670 4985 756 5039 vireta
772 4984 876 5055 petenti

154 5079 320 5134 husoniaeue
337 5093 433 5132 means
447 5092 498 5148 per
511 5091 585 5141 rura,
602 5091 651 5146 per
661 5073 764 5145 oppida
774 5090 894 5146 quaeram

155 5171 268 5245 ignotos
282 5176 396 5226 nutante
409 5169 486 5224 sinus
498 5169 635 5243 attingere
650 5167 734 5228 llexu,

155 5263 195 5316 du
209 5261 318 5316 sincera
336 5259 423 5331 patris
436 5258 555 5314 lustrans
565 5257 680 5333 vestigia
693 5256 761 5311 tanti

156 5352 321 5410 Summatim
337 5353 457 5409 recolam
473 5351 611 5427 tangendo
626 5351 711 5406 relata
720 5348 843 5420 profuse,

156 5444 225 5500 Nota
238 5443 326 5518 magis
349 5438 434 5498 menti
458 5458 590 5498 revocans
606 5456 688 5512 quarn
711 5446 782 5495 tecta
797 5437 940 5512 resignans
954 5435 969 5490 ⁴?
976 5459 1006 5529 D

157 5536 294 5592 Fluminis
311 5535 439 5592 immensi
455 5535 517 5608 quis
531 5533 655 5591 derivare
670 5539 779 5587 meatus

156 5630 223 5685 Tam
233 5629 323 5685 valeat
336 5629 450 5688 vastos?
465 5630 501 5684 dc
520 5643 555 5682 ne
570 5643 619 5698 per
630 5625 708 5697 plura
719 5639 833 5698 negasse

1014 4149 1157 4221 Proposito
1167 4150 1267 4222 culpet,
1282 4151 1395 4206 strictim
1412 4150 1534 4206 libentur
1548 4151 1649 4222 opima.

1014 4237 1111 4293 Divino
1130 4238 1173 4293 vel
1191 4239 1357 4294 honoratum
1369 4238 1520 4309 spiramine
1536 4239 1646 4296 doctum

1015 4328 1194 4400 linquemus,
1209 4328 1330 4384 coelestis
1344 4345 1422 4384 arnor
1434 4329 1479 4384 cui
1494 4329 1589 4385 coelica
1604 4333 1700 4401 suasit,

1015 4418 1156 4491 AEquoreae
1176 4418 1296 4472 samnite
1311 4419 1396 4490 dapes
1407 4419 1451 4474 cui
1466 4436 1535 4491 rupe
1550 4429 1696 4491 parantur:

1015 4510 1160 4566 Multorum
1176 4520 1254 4581 pater
1273 4511 1406 4567 almorum
1416 4514 1463 4584 qui
1479 4515 1580 4569 vertice
1597 4522 1704 4586 ruptam

1016 4602 1117 4657 Sanoso
1132 4602 1216 4656 latere
1224 4601 1323 4657 lubrici
1339 4620 1388 4674 per
1401 4620 1487 4674 prona
1501 4614 1626 4660 ruentem

1017 4693 1034 4746 F
1038 4693 1095 4758 ixit,
1111 4702 1139 4748 et
1154 4692 1181 4746 in
1200 4691 1296 4748 Christi
1311 4695 1456 4764 suspendit
1471 4696 1585 4751 nomine
1599 4698 1711 4768 molem,

1016 4780 1141 4852 Eripiens
1151 4781 1259 4848 cellam,
1275 4780 1371 4836 lratres
1386 4783 1461 4838 necis
1477 4784 1577 4856 impete
1592 4780 1715 4843 seriens.

1016 4873 1083 4926 llum
1101 4873 1271 4928 Libertinum
1289 4883 1392 4929 taceam
1408 4877 1455 4947 qui
1471 4879 1575 4933 assecla
1589 4880 1716 4937 lionorati

1016 4961 1139 5017 Doctoris
1150 4963 1254 5017 meritis
1266 4962 1368 5019 effulsit
1383 4971 1410 5020 et
1425 4966 1485 5037 ipse
1501 4968 1610 5036 beatus,

1015 5050 1207 5125 Prodigiisque
1220 5051 1326 5107 micans
1351 5053 1477 5125 dejectus
1491 5074 1562 5129 equo
1580 5059 1665 5133 llagra
1683 5059 1823 5130 quondam

1017 5145 1085 5198 Dum
1102 5145 1163 5216 pius
1182 5144 1314 5215 iarpertit,
1330 5144 1437 5202 iacilem
1451 5149 1477 5204 vi
1491 5150 1629 5220 praestruit
1642 5166 1750 5206 amnem

1018 5237 1146 5302 Siderea,
1156 5235 1244 5290 tunsis
1258 5234 1411 5307 lymphanti
1426 5238 1500 5293 caede
1516 5237 1629 5293 caballis

1020 5324 1191 5387 l‘raedonum,
1204 5339 1368 5395 ponensque
1382 5341 1472 5392 suurn,
1486 5325 1532 5380 dat
1544 5340 1649 5398 ponere
1656 5336 1771 5383 cunctos

1018 5413 1087 5468 Dum
1102 5412 1199 5484 recipit
1212 5413 1309 5483 recipi,
1330 5413 1457 5468 mulctata
1472 5413 1569 5468 sedilia
1584 5420 1703 5484 praestat,

1018 5507 1151 5578 Pauperis
1166 5515 1193 5563 et
1205 5517 1297 5564 votum
1314 5508 1388 5580 ligat,
1400 5506 1571 5579 absolvitque
1585 5507 1752 5582 phalanges:

1018 5601 1064 5657 Sic
1078 5601 1160 5658 etiam
1172 5600 1289 5658 Francos
1301 5602 1401 5672 prredre
1412 5599 1517 5657 terrore
1533 5598 1656 5656 lurentes
