3856 6112
120 235 173 294 503

120 364 260 434 Tanquam
275 373 322 413 me
339 363 441 422 ratem,
454 368 504 408 ros
519 351 703 408 observabitis
718 351 818 423 ipsum.

121 454 222 521 Nempe
236 453 295 503 erat
313 443 440 500 Ecclesiae
453 443 582 514 princeps
596 442 706 497 deserta
723 440 844 497 tenentis

121 543 249 618 hngelico
265 555 351 610 super
365 537 420 592 alte
434 537 498 592 Sina
510 535 643 591 solamine
659 533 755 590 fultus.

120 631 239 704 Sumpsit
254 629 330 685 enirn
344 626 492 684 vitaenohis
506 626 572 680 dare
585 625 678 692 verba,
695 625 745 681 sed
766 627 827 696 ejus

120 724 254 781 Nolebant
266 721 352 792 jussis
367 719 452 776 nostri
464 735 493 774 se
503 717 624 774 subdere
638 725 739 790 patres,

119 814 252 870 Cordihus
271 809 360 866 aversi
380 808 466 874 duris,
480 807 625 879 Aaronque
638 808 787 878 jubentes:

123 925 133 953 ι
149 904 202 958 Fac
221 899 305 957 nobis
321 914 391 970 quos
405 897 593 953 nosvolumus
604 897 763 967 praecedere
777 897 866 963 divos,

120 999 176 1053 Dux
190 1002 285 1051 noster
300 993 406 1064 Moyses
419 991 466 1046 ubi
483 991 518 1046 sit
539 991 648 1047 nescire
664 991 791 1047 latemur.
810 1020 819 1037 ·

70 1082 73 1091 '
120 1085 266 1142 Tumhove
280 1081 399 1137 condato
411 1098 487 1137 saera
504 1081 590 1136 libant
606 1098 683 1137 more
699 1082 827 1153 profanu,

122 1177 152 1231 ln
165 1174 241 1229 iactis
254 1188 385 1226 manuum
402 1171 577 1226 laetatioorde
593 1189 704 1227 suarum
720 1189 727 1236 ;

120 1265 284 1334 blilitiasque
293 1261 369 1316 dedit
384 1261 455 1315 Deus
469 1262 519 1315 hos
533 1262 637 1316 servire
653 1262 791 1332 polorum,

120 1354 154 1410 Ut
168 1351 308 1421 Scriptura
321 1350 515 1422 prophetarum
531 1350 570 1405 sic
592 1351 715 1421 patribus
727 1349 787 1406 iniit
801 1369 807 1405 :

120 1447 188 1500 Dum
205 1443 314 1498 deserta
331 1443 459 1498 terebatis
474 1442 544 1509 loca,
560 1443 673 1498 victima
688 1442 814 1516 nunquid

120 1535 227 1592 hauhis
241 1534 333 1589 oblata
352 1534 419 1589 mihi
433 1534 447 1588 ‘l
460 1535 564 1589 Domus
575 1535 644 1589 arsit
660 1536 742 1591 lacob

117 1623 336 1697 Sumpsistisque
352 1623 459 1679 idoloch
473 1624 605 1689 tentoria,
622 1623 713 1679 sidera
728 1625 863 1696 demphe,

122 1715 192 1781 Ques
205 1730 254 1769 ros
269 1720 377 1770 constat
392 1712 549 1768 adorandas
569 1713 720 1785 sculpsisse
731 1713 842 1790 ligures.

123 1809 254 1874 Quocirca
269 1807 379 1876 eliciam
396 1822 447 1862 vos
460 1805 647 1862 moeniatrans
661 1807 822 1880 Babylonis.

123 1902 247 1957 Aulaeum
267 1899 356 1955 iuerat
366 1900 492 1971 patribus
508 1915 559 1971 per
574 1899 656 1955 devia
668 1901 770 1956 nostris

125 1993 202 2060 Quod
216 1995 288 2048 Deus
300 1999 413 2049 ostenso
425 1994 518 2049 docuit
532 1995 721 2068 paradigmate
739 1997 870 2067 heysem.

126 2088 181 2142 lloc
195 2100 306 2157 quoque
317 2101 378 2140 cum
393 2086 484 2141 lesum
500 2087 586 2141 nostri
606 2086 741 2142 induxere
756 2094 884 2158 parentes

126 2181 155 2235 ln
171 2187 284 2246 terram,
301 2185 408 2254 gentes,
424 2195 506 2250 qnam
522 2180 682 2250 possedere,
703 2196 823 2251 superno

126 2268 250 2341 Expulsae
266 2275 346 2335 nutu,
357 2268 514 2339 mansitque
525 2269 553 2322 in
566 2275 692 2339 tempora
700 2269 795 2335 David,

127 2358 176 2424 Qui
186 2363 280 2429 gratus
289 2355 408 2411 homino
423 2355 504 2427 petiit
518 2356 652 2427 reperiret
665 2364 695 2412 ut
708 2357 797 2413 malem

127 2452 189 2521 lpse
204 2451 260 2505 Deo
276 2447 372 2511 Jacob,
387 2448 516 2503 Salomon
532 2450 629 2504 struxit
648 2451 694 2505 cui
706 2450 849 2521 templum,

128 2545 182 2599 Sed
197 2560 254 2600 non
269 2542 409 2598 excelsum
426 2542 553 2597 manibus
566 2543 614 2598 lita
624 2544 740 2599 delubra
760 2546 892 2603 claudunt

128 2637 163 2691 Os
176 2635 248 2690 vatis
262 2632 338 2690 velut
352 2632 413 2703 ipse
428 2632 472 2687 sui
487 2639 603 2688 testatur
617 2633 784 2705 adimplens

129 2726 215 2780 Sedes
230 2731 271 2778 est
286 2724 396 2788 coelum,
408 2721 482 2776 basis
495 2728 536 2776 est
550 2723 617 2778 mihi
629 2730 702 2778 terra
718 2724 833 2795 pedalis,

131 2816 396 2888 Quamquedomum
425 2814 492 2868 mihi
521 2815 658 2881 condetis,
683 2815 743 2871 loce
768 2834 863 2889 quaese
883 2836 943 2876 ma-

788 2908 908 2979 [nendi‘i

502 225 686 284 suouetaut
707 225 860 283 cademot
880 219 1047 296 utmansts
1068 218 1237 301 OPUSGUhA
1255 219 1409 278 hfflutct.

940 344 1185 420 Admnipotentis
1198 345 1267 412 heri,
1277 326 1347 401 'dum
1362 347 1473 403 Saulum
1493 354 1587 404 mente
1602 346 1741 405 iurantem

1653 192 1656 197 ’
1739 222 1789 282 sor

986 437 1016 490 ln
1030 441 1166 489 nocetam
1181 441 1276 490 sancta
1291 435 1337 506 qui
1353 443 1556 492 consentaneus
1571 452 1633 492 esse

984 524 1044 580 Nou
1066 524 1167 588 timuit,
1182 539 1291 580 versum
1305 525 1447 581 uideamus
1461 526 1586 592 nomine,
1599 525 1688 581 corde
1702 543 1710 578 :

985 619 1023 672 De
1038 616 1120 673 Saulo
1127 617 1251 684 Paulum,
1264 616 1414 689 patientem
1435 619 1470 673 de
1483 634 1563 675 eruce
1577 618 1694 675 lactum.

986 706 1135 778 Exsequias
1148 707 1278 778 Stephani
1295 715 1443 779 properant
1454 708 1595 764 celebrare
1614 706 1723 774 tideles,

983 798 1071 870 atque
1085 797 1206 855 timorati
1227 799 1414 871 lacrymasque
1429 799 1534 855 dedere
1553 798 1705 871 proiusas;

983 890 1172 961 Gamalielque
1188 906 1236 946 suo
1252 891 1382 964 princeps
1396 892 1444 965 qui
1459 909 1522 948 rure
1538 893 1642 949 locarit

984 980 1050 1035 Ossa
1065 979 1103 1050 pii
1120 979 1205 1047 testis,
1222 980 1300 1049 cujus
1318 989 1461 1037 servantur
1475 981 1579 1057 agello,

985 1074 1079 1129 Donec
1093 1072 1269 1129 Christicolas
1283 1072 1392 1130 fervens
1407 1075 1548 1132 tribulatio
1559 1083 1677 1148 pressat.

1020 1164 1168 1220 Postmodo
1183 1173 1298 1235 septeno
1312 1166 1447 1239 regnabat
1457 1166 1594 1223 Honorius
1604 1184 1678 1224 antro

985 1258 1017 1312 Et
1031 1257 1186 1329 baptisterii
1197 1257 1330 1313 Lucienus
1343 1259 1370 1312 in
1384 1260 1444 1314 eade
1457 1260 1576 1315 cubabat
1592 1277 1599 1314 :

985 1346 1083 1401 blentis
1099 1346 1127 1400 iu
1144 1362 1257 1401 excessu
1272 1345 1341 1402 lacto
1353 1348 1396 1402 cui
1410 1348 1531 1403 cernitur
1545 1365 1611 1405 ecce

985 1439 1117 1493 Procerus
1133 1438 1313 1511 placidusque
1327 1455 1420 1506 senex,
1437 1440 1568 1514 vultuque
1585 1442 1710 1511 decorus,

985 1529 1072 1583 Barba
1089 1528 1234 1600 promissa,
1251 1529 1379 1585 candenti
1396 1537 1485 1586 tectus
1504 1533 1619 1601 amictu,

963 1682 972 1710 s
988 1619 1069 1689 Cujus
1083 1621 1111 1674 iu
1138 1627 1259 1676 etxremo
1271 1621 1414 1676 radiabant
1429 1623 1553 1692 margine
1568 1625 1688 1696 pulobrae

964 1711 975 1747 )
989 1713 1181 1786 Contentaeque
1193 1730 1299 1782 cruces,
1314 1730 1380 1770 auro
1396 1732 1445 1788 pro
1457 1716 1544 1774 limite
1555 1717 1645 1786 limbi,

989 1807 1094 1878 Quique
1111 1805 1196 1876 pedes
1211 1805 1306 1881 caligis
1320 1805 1428 1863 decoris
1443 1810 1566 1866 monitus
1581 1810 1689 1866 honesti

989 1904 1076 1975 hique
1088 1903 1216 1959 caducaeo
1230 1905 1376 1977 praesignis
1389 1906 1500 1962 ductilis
1514 1909 1584 1976 auri,

991 1995 1099 2051 Leniter
1113 1997 1251 2069 attingens
1265 1998 1347 2064 hunc,
1363 2013 1416 2070 quo
1427 2016 1456 2053 se
1466 1999 1644 2057 Gamalielem

990 2088 1122 2153 Prodidit,
1135 2090 1263 2164 egregius
1279 2088 1367 2144 suerat
1381 2091 1424 2146 cui
1441 2090 1542 2148 Paulus
1558 2093 1685 2149 alumnus
1698 2113 1705 2162 ;

989 2182 1111 2248 hildens,
1128 2188 1189 2253 post
1200 2182 1308 2255 aliquas
1321 2184 1479 2256 coeyiitquas
1494 2183 1565 2239 lerre
1582 2186 1720 2257 loquelas:

994 2298 1001 2321 ι
1026 2273 1136 2329 Cautcla
1150 2274 1269 2329 tumulos
1280 2290 1386 2330 summa
1405 2282 1432 2330 tu
1448 2276 1563 2349 perfode
1578 2284 1697 2348 nostros,

991 2367 1021 2421 Et
1035 2365 1143 2437 patefac
1158 2366 1256 2421 humili
1269 2368 1423 2440 squalentia
1435 2384 1498 2424 rure
1511 2371 1649 2441 sepulcra.
1668 2395 1679 2416 ·

991 2459 1198 2531 llocqmerente
1221 2458 1303 2514 simul
1322 2476 1436 2532 quorum
1455 2461 1592 2517 tumulata
1607 2461 1726 2532 jacerent

993 2550 1110 2622 Corpora
1126 2567 1132 2604 :
1151 2570 1164 2601 a
1180 2551 1312 2614 Domnus,
1328 2550 1375 2619 ait,
1390 2551 1545 2624 Stephanus
1558 2551 1604 2608 hic
1630 2553 1729 2625 primus
1740 2552 1825 2611 Isa-

1606 2707 1610 2717 ,
1679 2644 1802 2716 [beten

993 2733 1043 2788 Pro
1060 2731 1166 2790 Christo
1177 2733 1283 2805 Solymi
1296 2733 1416 2808 lapidum
1426 2749 1507 2807 quem
1523 2733 1601 2790 caede
1616 2744 1786 2805 necarunt,

993 2827 1099 2897 Quique
1119 2827 1293 2884 sacerdotum
1304 2828 1383 2898 jussu
1399 2828 1530 2885 dimissus
1545 2830 1672 2887 edendus

993 2923 1039 2977 Est
1055 2922 1169 2977 canibus
1180 2921 1304 2994 dirisque
1321 2921 1386 2977 seris
1405 2938 1458 2994 que
1475 2921 1562 2978 Cedar
1576 2922 1679 2981 abitur.

131 2997 190 3052 N01¹
206 3011 267 3050 ¹¹¹0st
282 2993 356 3049 ⁰⁰¹⁵&
372 3008 470 3047 manus
483 2993 791 3063 plasmanshaecomnie
805 2996 894 3052 felii?
968 3059 979 3080 Ἰ
995 3013 1071 3076 erod
1085 3013 1170 3068 uetuit
1185 3013 1227 3070 cui
1248 3020 1334 3069 morte
1349 3013 1431 3068 fidem
1447 3030 1571 3071 servasse
1587 3015 1699 3086 patebat

132 3085 243 3158 Spiritui
256 3099 367 3157 quoque
381 3097 431 3137 ros
445 3082 517 3138 almo
536 3084 672 3140 contraire
685 3085 801 3140 studetis

133 3180 250 3235 Auribus
264 3175 474 3242 incircumcisis,
486 3177 592 3232 cemico
606 3178 727 3248 procaci,

133 3273 166 3329 Ut
182 3271 263 3327 vestri
279 3275 342 3324 anto
358 3274 448 3339 patres
458 3267 611 3342 jugulando
626 3285 700 3340 saepo
710 3272 870 3342 prophetas.

135 3364 230 3419 lnlesti
241 3361 350 3418 cunctis
365 3378 371 3427 ;
388 3360 541 3431 praenuntia
554 3361 637 3416 verba
652 3362 751 3417 locutis

134 3458 274 3513 Adventus
282 3455 349 3524 justi
365 3469 447 3526 quem
464 3454 619 3524 proditione
636 3456 754 3511 necastis
771 3475 778 3523 ς

134 3547 265 3621 hngelioo
278 3545 368 3618 legem
383 3559 454 3615 quos
466 3544 625 3615 percepisse
641 3544 729 3599 relatu

136 3641 256 3707 Constet,
271 3655 331 3695 eam
342 3654 407 3694 rere
418 3638 629 3693 neecustodisse
650 3626 783 3709 probatur

170 3735 296 3808 Martyris
315 3733 358 3788 his
371 3731 464 3789 serbis
481 3732 595 3808 ingratis
609 3734 723 3789 auribus
736 3735 841 3791 haustis

134 3827 244 3882 Viscera
256 3822 404 3890 dissiliunt,
420 3828 586 3893 rumpuntur
604 3823 687 3879 corda
701 3823 803 3891 lurore,

135 3923 253 3978 Stridula
267 3935 426 3992 pressorum
452 3925 583 3974 resonant
602 3919 769 3990 crepitacula
785 3919 908 3978 (lentum.

135 4011 167 4064 ht
180 4019 282 4081 martyr
297 4016 420 4075 sanctus,
435 4008 569 4078 praecelso
584 4007 707 4064 Flamina
721 4009 831 4079 plenus,

135 4100 294 4169 suscipiens
306 4100 401 4163 coelos,
417 4097 540 4152 divinum
557 4097 645 4151 cernit
659 4098 803 4153 honorem.

137 4190 168 4243 Et
181 4196 323 4243 stantema
336 4186 441 4242 dextris
459 4185 553 4239 aeterni
564 4186 650 4239 Petris
662 4186 762 4249 losum,

956 3061 981 3126 b

993 3110 1039 3163 llst
1052 3123 1104 3181 ego
1123 3113 1279 3162 sanctorum
1295 3113 1395 3162 coetum
1410 3107 1572 3179 turbamque
1587 3104 1698 3164 fidelem

994 3198 1148 3265 asciscens,
1160 3197 1233 3253 suasi
1250 3206 1343 3254 nostro
1358 3197 1473 3251 serretur
1487 3195 1589 3272 agello.

995 3291 1109 3360 Quoque
1124 3294 1233 3361 patrum
1248 3294 1327 3344 sueto
1343 3289 1448 3361 positus
1462 3287 1598 3358 sepelitur
1614 3288 1724 3344 honore.

998 3383 1083 3447 Quem
1096 3381 1178 3437 simul
1191 3382 1325 3457 attiguum
1341 3381 1467 3437 invenies
1482 3382 1605 3437 retinere
1620 3381 1739 3438 locellum

997 3474 1164 3530 Nicodamus
1177 3491 1257 3530 meus
1268 3474 1316 3530 ille
1328 3491 1417 3546 nepos
1431 3482 1482 3541 est,
1496 3473 1622 3530 Christus
1635 3477 1709 3531 lesus

997 3565 1119 3621 Flamine
1134 3581 1215 3638 quem
1230 3570 1325 3621 sancto
1340 3565 1444 3633 docuit,
1460 3565 1632 3638 lymphaque
1646 3564 1750 3633 rennui,

996 3663 1129 3734 erodque
1143 3663 1195 3718 sibi
1212 3663 1302 3730 Petro,
1318 3679 1382 3719 moa
1394 3671 1475 3735 atque
1493 3662 1602 3718 Joenne
1618 3669 1757 3734 peractum,

999 3754 1075 3810 Unde
1090 3752 1265 3807 sacerdotum
1280 3767 1418 3824 proceres,
1434 3751 1549 3826 indigue
1563 3750 1719 3820 frementes,

999 3840 1060 3895 lrati
1076 3840 1151 3896 huuc
1163 3848 1307 3898 removent
1321 3842 1450 3913 primatu,
1463 3843 1571 3898 tradere
1586 3843 1669 3901 morti

997 3931 1108 3987 Connisi
1126 3949 1133 3997 ;
1149 3931 1214 3986 terit
1224 3932 1273 3986 sed
1287 3949 1347 3987 eum
1364 3931 1517 3988 reverentia
1533 3933 1632 3989 nostri.

1001 4019 1070 4076 Urbe
1086 4027 1178 4075 tamen
1195 4020 1267 4092 pulsi
1282 4019 1387 4091 rapitur
1401 4019 1532 4076 convulsa
1546 4021 1683 4093 supellex,

1000 4116 1083 4181 Quem
1112 4128 1225 4186 quoque
1262 4112 1454 4168 semianimem
1482 4112 1615 4186 linquunt
1640 4112 1825 4171 cruciatiba

1643 4205 1746 4276 [aetum.

136 4281 236 4353 Sicqne
251 4280 289 4333 δὴ
302 4296 308 4333 ²
323 4299 339 4330 “
362 4279 400 4333 En
420 4277 502 4332 *3⁶⁰⁰
528 4277 587 4331 (Μ
603 4278 670 4331 mihi
692 4278 801 4334 ⁰⁰¹¹¹¹0¹¹
823 4287 947 4351 apertum
1000 4297 1076 4351 llunc
1091 4311 1143 4370 ego
1158 4295 1315 4368 suscipiens
1329 4294 1453 4351 adhiberi
1467 4296 1571 4352 mando
1583 4296 1737 4353 medelam:

139 4373 227 4445 htquo
243 4371 365 4427 hominis
380 4371 477 4425 Natum
493 4368 706 4425 Virtutisdcxtra
719 4377 892 4427 tenentem.»

171 4464 288 4520 Auribus
298 4463 447 4518 obstructis
462 4461 501 4515 illi
516 4477 580 4516 aera
594 4463 708 4519 vocibus
724 4462 851 4535 implent,

956 4433 985 4501 D
999 4393 1049 4458 Qui
1063 4399 1129 4447 tunc
1143 4400 1254 4448 curatus
1270 4394 1353 4464 paulo
1365 4393 1429 4447 inde
1445 4399 1588 4464 superstes
1601 4393 1719 4449 hahetur

999 4488 1216 4560 Defunctumque
1234 4489 1320 4561 pedes
1333 4490 1366 4545 ad
1381 4489 1461 4560 primi
1473 4491 1604 4562 martyris
1614 4489 1700 4547 addo.

136 4556 341 4626 Unanimesque
357 4560 454 4625 Petum
483 4553 652 4625 Stephanum
663 4554 855 4627 SimPlimPeiss
871 4563 947 4613 ¹⁰fl'0
997 4578 1105 4634 Tertius
1116 4579 1162 4634 ille
1179 4579 1245 4635 mihi
1261 4581 1384 4636 retinens
1399 4595 1547 4637 commune
1562 4581 1719 4652 sepulerum

137 4654 263 4726 Urheque
277 4653 434 4725 propellunt
447 4651 626 4723 lapidantque
639 4653 678 4708 rei
694 4654 892 4721 uenerandum,

135 4744 307 4799 hirenaeus
327 4743 431 4810 mitem,
445 4748 505 4796 trux
527 4740 670 4811 blandum,
696 4759 767 4798 saeva
783 4744 944 4818 benignum.

135 4839 238 4894 Saxoso
250 4844 352 4910 martyr
364 4835 531 4892 venerabilis
546 4837 632 4893 imbre
640 4839 742 4909 petitus

136 4931 268 4996 luvocat;
288 4954 300 4978 α
330 4929 404 4985 lianc
418 4928 548 4996 animam,
575 4928 640 4984 Jesu
665 4931 791 4998 bomine,
807 4932 941 5005 accipe.»

750 5018 889 5090 [clanians.

135 5117 163 5170 Et
180 5114 276 5186 positis
294 5110 522 5188 genibu'smagna
533 5128 594 5168 cum
609 5129 676 5169 voce
692 5122 836 5185 precatur:

134 5208 192 5262 «lio
209 5213 312 5261 statuas
328 5204 394 5272 illis,
410 5204 490 5259 Deus.
509 5204 623 5259 hocsibi
639 5205 742 5260 crimen
758 5206 841 5262 inuri.
858 5228 869 5258 ι

134 5293 191 5359 Quo
205 5292 278 5348 dicto
293 5290 419 5348 somnum
436 5292 589 5364 peclspetit
604 5293 632 5348 in
648 5309 715 5349 nece
729 5293 825 5349 sortem

134 5384 323 5455 invictumque
337 5389 434 5438 tenens
446 5383 578 5451 animum,
595 5399 649 5456 quo
660 5383 758 5440 concio
769 5385 839 5440 victa
854 5391 905 5439 est.

132 5477 188 5532 lloc
199 5476 312 5532 vincens
325 5475 442 5547 lapides,
454 5491 564 5549 quoquc
586 5493 635 5548 pro
649 5476 836 5548 lapidantibus
848 5493 940 5534 orans.

129 5567 185 5623 Nec
198 5574 311 5639 potuere
326 5583 423 5639 preces
436 5583 514 5625 casso
529 5568 664 5624 cecidisse
680 5568 787 5640 prolatu

129 5660 263 5734 Martyris,
278 5659 313 5715 ad
329 5658 429 5715 solium
443 5659 493 5717 sed
508 5658 705 5718 conscendisse
718 5660 842 5717 sciuntur

998 4669 1081 4723 Filius
1101 4669 1253 4724 esthbihas
1268 4686 1356 4736 meus,
1370 4671 1442 4726 almo
1459 4669 1535 4726 lonte
1551 4677 1677 4726 renatus.

998 4761 1103 4816 llecum
1116 4763 1244 4818 vicenum
1260 4763 1322 4818 vitae
1338 4763 1402 4818 dum
1419 4762 1547 4834 provehit
1559 4779 1678 4831 annum,

997 4853 1136 4910 Praedictis
1149 4856 1246 4911 Christi
1262 4855 1371 4911 famulis
1388 4871 1465 4911 sacra
1479 4855 1613 4913 dantibus
1628 4856 1680 4924 illi,

997 4948 1098 5002 boetus
1112 4945 1159 5001 hic
1173 4944 1285 5000 assidue
1299 4960 1361 5000 cum
1377 4944 1461 5001 Paulo
1476 4960 1555 5000 saera
1570 4945 1690 5001 vacabat

996 5043 1026 5095 ln
1043 5039 1146 5111 templo
1160 5039 1307 5101 meditans,
1323 5054 1355 5093 ec
1372 5038 1476 5094 lumine
1491 5038 1561 5112 legis
1576 5039 1736 5095 abundans.

995 5134 1076 5191 Liber
1089 5148 1122 5188 eo
1137 5131 1247 5187 solitum
1263 5130 1330 5186 uitio
1345 5131 1390 5186 cui
1405 5130 1525 5186 subdere
1539 5146 1604 5188 sese

994 5225 1040 5281 Est
1053 5239 1141 5300 genus
1155 5223 1317 5290 humanum,
1333 5228 1422 5278 tectus
1435 5221 1536 5276 virtute
1551 5235 1688 5294 superna,

994 5312 1104 5370 Coelibis
1118 5322 1145 5367 et
1158 5311 1221 5367 vitae
1234 5310 1360 5382 locuples
1374 5309 1403 5365 in
1420 5325 1488 5381 pace
1497 5309 1619 5382 quievit.

994 5404 1058 5460 Cum
1074 5402 1257 5477 primogenito
1270 5401 1370 5470 conjux
1384 5399 1567 5455 meacredere
1584 5398 1693 5456 Christo

993 5497 1124 5563 vitantes,
1138 5495 1192 5551 alio
1207 5493 1290 5567 positi
1306 5492 1475 5550 tumulantur
1489 5491 1518 5548 iu
1532 5507 1611 5549 aruo.

992 5584 1182 5660 sarcophagos
1194 5586 1290 5640 horum
1305 5598 1389 5656 quare
1401 5580 1541 5653 spectabis
1555 5580 1658 5638 inanes

992 5677 1139 5735 Nobiscum
1156 5676 1245 5733 meriti
1265 5676 1331 5750 qnia
1346 5690 1402 5733 nou
1415 5673 1594 5748 requiescere
1607 5674 1671 5732 nisi.
1688 5694 1701 5728 s
