<?xml version="1.0" encoding="UTF-8"?>
<!DOCTYPE html PUBLIC "-//W3C//DTD XHTML 1.0 Transitional//EN"
    "http://www.w3.org/TR/xhtml1/DTD/xhtml1-transitional.dtd">
<html xmlns="http://www.w3.org/1999/xhtml" xml:lang="en" lang="en">
 <head>
  <title>
</title>
<meta http-equiv="Content-Type" content="text/html;charset=utf-8" />
  <meta name='ocr-system' content='tesseract 3.04.00' />
  <meta name='ocr-capabilities' content='ocr_page ocr_carea ocr_par ocr_line ocrx_word'/>
</head>
<body>
  <div class='ocr_page' id='page_1' title='image "./patrologiaecurs08migngoog_0043.png"; bbox 0 0 3840 6106; ppageno 0'>
   <div class='ocr_carea' id='block_1_1' title="bbox 157 190 1823 281">
    <p class='ocr_par' dir='ltr' id='par_1_1' title="bbox 157 190 1823 281">
     <span class='ocr_line' id='line_1_1' title="bbox 157 190 1823 281; baseline 0.016 -40"><span class='ocrx_word' id='word_1_1' title='bbox 157 198 193 252; x_wconf 76' lang='lat'>75</span> <span class='ocrx_word' id='word_1_2' title='bbox 716 191 901 250; x_wconf 79' lang='lat' dir='ltr'>lteueauol</span> <span class='ocrx_word' id='word_1_3' title='bbox 921 190 1075 252; x_wconf 72' lang='lat' dir='ltr'>canonici</span> <span class='ocrx_word' id='word_1_4' title='bbox 1094 199 1259 258; x_wconf 74' lang='lat' dir='ltr'>REMENSiS</span> <span class='ocrx_word' id='word_1_5' title='bbox 1788 225 1823 281; x_wconf 79' lang='lat'>76</span> 
     </span>
    </p>
   </div>
   <div class='ocr_carea' id='block_1_2' title="bbox 151 338 1822 1705">
    <p class='ocr_par' dir='ltr' id='par_1_2' title="bbox 155 338 1822 798">
     <span class='ocr_line' id='line_1_2' title="bbox 157 338 1820 434; baseline 0.014 -35"><span class='ocrx_word' id='word_1_6' title='bbox 157 361 223 421; x_wconf 78' lang='lat' dir='ltr'>rege</span> <span class='ocrx_word' id='word_1_7' title='bbox 241 343 385 410; x_wconf 80' lang='lat' dir='ltr'>reddente,</span> <span class='ocrx_word' id='word_1_8' title='bbox 413 341 522 413; x_wconf 81' lang='lat' dir='ltr'>recipit,</span> <span class='ocrx_word' id='word_1_9' title='bbox 546 348 574 396; x_wconf 89' lang='lat' dir='ltr'>et</span> <span class='ocrx_word' id='word_1_10' title='bbox 602 340 701 396; x_wconf 92' lang='lat' dir='ltr'>eedem</span> <span class='ocrx_word' id='word_1_11' title='bbox 721 338 829 395; x_wconf 80' lang='lat' dir='ltr'>favente</span> <span class='ocrx_word' id='word_1_12' title='bbox 846 338 1187 411; x_wconf 72' lang='lat' dir='ltr'>praeiateAreeonditum</span> <span class='ocrx_word' id='word_1_13' title='bbox 1207 349 1342 419; x_wconf 89' lang='lat' dir='ltr'>eburneo,</span> <span class='ocrx_word' id='word_1_14' title='bbox 1370 353 1464 411; x_wconf 81' lang='lat' dir='ltr'>Remis</span> <span class='ocrx_word' id='word_1_15' title='bbox 1483 357 1586 414; x_wconf 92' lang='lat' dir='ltr'>abinde</span> <span class='ocrx_word' id='word_1_16' title='bbox 1612 373 1777 434; x_wconf 88' lang='lat' dir='ltr'>reservatur,</span> <span class='ocrx_word' id='word_1_17' title='bbox 1793 368 1820 423; x_wconf 86' lang='lat' dir='ltr'>iu</span> 
     </span>
     <span class='ocr_line' id='line_1_3' title="bbox 157 428 1819 528; baseline 0.013 -34"><span class='ocrx_word' id='word_1_18' title='bbox 157 437 280 509; x_wconf 87' lang='lat' dir='ltr'>pontifici</span> <span class='ocrx_word' id='word_1_19' title='bbox 310 430 451 504; x_wconf 78' lang='lat' dir='ltr'>lleriqario</span> <span class='ocrx_word' id='word_1_20' title='bbox 471 431 599 486; x_wconf 87' lang='lat' dir='ltr'>tutandas</span> <span class='ocrx_word' id='word_1_21' title='bbox 618 431 652 486; x_wconf 91' lang='lat' dir='ltr'>ad</span> <span class='ocrx_word' id='word_1_22' title='bbox 683 430 886 489; x_wconf 87' lang='lat' dir='ltr'>tidelitatemS.</span> <span class='ocrx_word' id='word_1_23' title='bbox 905 428 959 483; x_wconf 91' lang='lat' dir='ltr'>Re·</span> <span class='ocrx_word' id='word_1_24' title='bbox 1011 438 1230 497; x_wconf 79' lang='lat' dir='ltr'>ecelesiabeate</span> <span class='ocrx_word' id='word_1_25' title='bbox 1257 443 1305 497; x_wconf 87' lang='lat' dir='ltr'>Rei</span> <span class='ocrx_word' id='word_1_26' title='bbox 1327 445 1470 518; x_wconf 80' lang='lat' dir='ltr'>genitricis</span> <span class='ocrx_word' id='word_1_27' title='bbox 1497 450 1819 528; x_wconf 75' lang='lat' dir='ltr'>Marisalleniquecum</span> 
     </span>
     <span class='ocr_line' id='line_1_4' title="bbox 155 520 1820 626; baseline 0.015 -44"><span class='ocrx_word' id='word_1_28' title='bbox 155 529 232 604; x_wconf 85' lang='lat' dir='ltr'>migii</span> <span class='ocrx_word' id='word_1_29' title='bbox 255 522 408 584; x_wconf 83' lang='lat' dir='ltr'>committit.</span> <span class='ocrx_word' id='word_1_30' title='bbox 439 522 593 594; x_wconf 90' lang='lat' dir='ltr'>Posteaque</span> <span class='ocrx_word' id='word_1_31' title='bbox 616 524 735 579; x_wconf 91' lang='lat' dir='ltr'>domnus</span> <span class='ocrx_word' id='word_1_32' title='bbox 761 522 860 594; x_wconf 78' lang='lat' dir='ltr'>praesul</span> <span class='ocrx_word' id='word_1_33' title='bbox 883 520 960 575; x_wconf 74' lang='grc'><strong>111111·</strong></span> <span class='ocrx_word' id='word_1_34' title='bbox 1002 532 1211 604; x_wconf 70' lang='grc' dir='ltr'>,οοτρυεῑρείυε</span> <span class='ocrx_word' id='word_1_35' title='bbox 1235 538 1449 595; x_wconf 88' lang='lat' dir='ltr'>sacratissimum</span> <span class='ocrx_word' id='word_1_36' title='bbox 1469 543 1504 597; x_wconf 93' lang='lat' dir='ltr'>de</span> <span class='ocrx_word' id='word_1_37' title='bbox 1519 543 1631 615; x_wconf 89' lang='lat' dir='ltr'>lapideo</span> <span class='ocrx_word' id='word_1_38' title='bbox 1647 551 1820 626; x_wconf 76' lang='lat' dir='ltr'>sarcophago</span> 
     </span>
     <span class='ocr_line' id='line_1_5' title="bbox 155 614 1822 706; baseline 0.011 -30"><span class='ocrx_word' id='word_1_39' title='bbox 155 640 231 689; x_wconf 89' lang='lat' dir='ltr'>veus,</span> <span class='ocrx_word' id='word_1_40' title='bbox 247 623 312 677; x_wconf 92' lang='lat' dir='ltr'>dum</span> <span class='ocrx_word' id='word_1_41' title='bbox 328 618 442 686; x_wconf 85' lang='lat' dir='ltr'>advixit,</span> <span class='ocrx_word' id='word_1_42' title='bbox 459 634 493 674; x_wconf 84' lang='lat' dir='ltr'>ex</span> <span class='ocrx_word' id='word_1_43' title='bbox 505 617 604 674; x_wconf 92' lang='lat' dir='ltr'>iisdem</span> <span class='ocrx_word' id='word_1_44' title='bbox 620 618 704 673; x_wconf 88' lang='lat' dir='ltr'>rebus</span> <span class='ocrx_word' id='word_1_45' title='bbox 720 615 862 672; x_wconf 87' lang='lat' dir='ltr'>aunuatim</span> <span class='ocrx_word' id='word_1_46' title='bbox 878 614 962 670; x_wconf 90' lang='lat' dir='ltr'>debi-</span> <span class='ocrx_word' id='word_1_47' title='bbox 1011 619 1039 672; x_wconf 93' lang='lat' dir='ltr'>in</span> <span class='ocrx_word' id='word_1_48' title='bbox 1055 621 1196 691; x_wconf 76' lang='lat' dir='ltr'>praemissu</span> <span class='ocrx_word' id='word_1_49' title='bbox 1212 626 1399 696; x_wconf 82' lang='lat' dir='ltr'>transponitur</span> <span class='ocrx_word' id='word_1_50' title='bbox 1412 628 1513 699; x_wconf 88' lang='lat' dir='ltr'>leculo,</span> <span class='ocrx_word' id='word_1_51' title='bbox 1525 631 1600 687; x_wconf 92' lang='lat' dir='ltr'>Rade</span> <span class='ocrx_word' id='word_1_52' title='bbox 1616 635 1822 706; x_wconf 88' lang='lat' dir='ltr'>quidamSues-</span> 
     </span>
     <span class='ocr_line' id='line_1_6' title="bbox 155 708 1821 798; baseline 0.008 -28"><span class='ocrx_word' id='word_1_53' title='bbox 155 722 211 771; x_wconf 90' lang='lat' dir='ltr'>tum</span> <span class='ocrx_word' id='word_1_54' title='bbox 226 715 288 770; x_wconf 89' lang='lat' dir='ltr'>sine</span> <span class='ocrx_word' id='word_1_55' title='bbox 298 710 517 770; x_wconf 83' lang='lat' dir='ltr'>contradictione</span> <span class='ocrx_word' id='word_1_56' title='bbox 532 728 644 769; x_wconf 91' lang='lat' dir='ltr'>censum</span> <span class='ocrx_word' id='word_1_57' title='bbox 658 710 771 782; x_wconf 84' lang='lat' dir='ltr'>recepit.</span> <span class='ocrx_word' id='word_1_58' title='bbox 1011 708 1112 764; x_wconf 87' lang='lat' dir='ltr'>seuieae</span> <span class='ocrx_word' id='word_1_59' title='bbox 1125 717 1189 766; x_wconf 91' lang='lat' dir='ltr'>tunc</span> <span class='ocrx_word' id='word_1_60' title='bbox 1199 711 1327 769; x_wconf 83' lang='lat' dir='ltr'>Ecclesiae</span> <span class='ocrx_word' id='word_1_61' title='bbox 1337 715 1535 785; x_wconf 87' lang='lat' dir='ltr'>subdiaconus,</span> <span class='ocrx_word' id='word_1_62' title='bbox 1552 721 1599 792; x_wconf 92' lang='lat' dir='ltr'>qui</span> <span class='ocrx_word' id='word_1_63' title='bbox 1615 738 1677 777; x_wconf 91' lang='lat' dir='ltr'>eum</span> <span class='ocrx_word' id='word_1_64' title='bbox 1687 725 1821 798; x_wconf 87' lang='lat' dir='ltr'>episeopo</span> 
     </span>
    </p>

    <p class='ocr_par' dir='ltr' id='par_1_3' title="bbox 151 801 1822 1705">
     <span class='ocr_line' id='line_1_7' title="bbox 189 801 1821 876; baseline 0.007 -13"><span class='ocrx_word' id='word_1_65' title='bbox 189 809 306 863; x_wconf 85' lang='lat' dir='ltr'>Easdem</span> <span class='ocrx_word' id='word_1_66' title='bbox 315 804 483 861; x_wconf 89' lang='lat' dir='ltr'>resdemnus</span> <span class='ocrx_word' id='word_1_67' title='bbox 496 801 961 876; x_wconf 75' lang='lat' dir='ltr'>drtaldusepiscopusdudumden-</span> <span class='ocrx_word' id='word_1_68' title='bbox 1011 815 1061 855; x_wconf 86' lang='lat' dir='ltr'>sue</span> <span class='ocrx_word' id='word_1_69' title='bbox 1077 802 1201 858; x_wconf 89' lang='lat' dir='ltr'>Rothade</span> <span class='ocrx_word' id='word_1_70' title='bbox 1218 803 1285 860; x_wconf 90' lang='lat' dir='ltr'>illue</span> <span class='ocrx_word' id='word_1_71' title='bbox 1311 806 1468 874; x_wconf 87' lang='lat' dir='ltr'>advenerat,</span> <span class='ocrx_word' id='word_1_72' title='bbox 1498 810 1569 868; x_wconf 92' lang='lat' dir='ltr'>adeo</span> <span class='ocrx_word' id='word_1_73' title='bbox 1584 813 1679 870; x_wconf 89' lang='lat' dir='ltr'>delere</span> <span class='ocrx_word' id='word_1_74' title='bbox 1695 815 1821 874; x_wconf 91' lang='lat' dir='ltr'>dentium</span> 
     </span>
     <span class='ocr_line' id='line_1_8' title="bbox 154 891 1820 969; baseline 0.014 -18"><span class='ocrx_word' id='word_1_75' title='bbox 154 899 220 954; x_wconf 91' lang='lat' dir='ltr'>rado</span> <span class='ocrx_word' id='word_1_76' title='bbox 236 898 300 954; x_wconf 89' lang='lat' dir='ltr'>duci</span> <span class='ocrx_word' id='word_1_77' title='bbox 316 895 493 952; x_wconf 90' lang='lat' dir='ltr'>commiserat</span> <span class='ocrx_word' id='word_1_78' title='bbox 503 913 509 949; x_wconf 92' lang='lat'><strong>:</strong></span> <span class='ocrx_word' id='word_1_79' title='bbox 520 895 642 968; x_wconf 88' lang='lat' dir='ltr'>quasillo</span> <span class='ocrx_word' id='word_1_80' title='bbox 658 893 834 969; x_wconf 81' lang='lat' dir='ltr'>Ragonbalde</span> <span class='ocrx_word' id='word_1_81' title='bbox 850 895 959 949; x_wconf 91' lang='lat' dir='ltr'>cuidam</span> <span class='ocrx_word' id='word_1_82' title='bbox 1011 906 1060 960; x_wconf 90' lang='lat' dir='ltr'>per</span> <span class='ocrx_word' id='word_1_83' title='bbox 1073 891 1210 966; x_wconf 82' lang='lat' dir='ltr'>integrum</span> <span class='ocrx_word' id='word_1_84' title='bbox 1225 902 1337 949; x_wconf 77' lang='lat' dir='ltr'>vexatus</span> <span class='ocrx_word' id='word_1_85' title='bbox 1367 912 1481 963; x_wconf 68' lang='grc'><strong>1111111111,</strong></span> <span class='ocrx_word' id='word_1_86' title='bbox 1498 906 1539 966; x_wconf 76' lang='grc'><strong>111,</strong></span> <span class='ocrx_word' id='word_1_87' title='bbox 1555 900 1820 963; x_wconf 68' lang='grc'><strong>(101011811111111111111</strong></span> 
     </span>
     <span class='ocr_line' id='line_1_9' title="bbox 153 978 1821 1072; baseline 0.016 -43"><span class='ocrx_word' id='word_1_88' title='bbox 153 1006 266 1047; x_wconf 60' lang='lat' dir='ltr'>suorum</span> <span class='ocrx_word' id='word_1_89' title='bbox 294 991 479 1066; x_wconf 66' lang='lat' dir='ltr'>delegaverat,</span> <span class='ocrx_word' id='word_1_90' title='bbox 504 989 554 1056; x_wconf 79' lang='lat' dir='ltr'>Qui</span> <span class='ocrx_word' id='word_1_91' title='bbox 582 987 777 1062; x_wconf 78' lang='lat' dir='ltr'>Ragenbaldus</span> <span class='ocrx_word' id='word_1_92' title='bbox 799 978 959 1042; x_wconf 79' lang='lat' dir='ltr'>earumdem</span> <span class='ocrx_word' id='word_1_93' title='bbox 1011 982 1624 1057; x_wconf 84' lang='lat' dir='ltr'>perditurusmetueretursensum‚maxillam</span> <span class='ocrx_word' id='word_1_94' title='bbox 1639 1003 1821 1072; x_wconf 83' lang='lat' dir='ltr'>pestegrava-</span> 
     </span>
     <span class='ocr_line' id='line_1_10' title="bbox 154 1074 1822 1159; baseline 0.027 -57"><span class='ocrx_word' id='word_1_95' title='bbox 154 1082 606 1158; x_wconf 52' lang='lat' dir='ltr'>aarumcolonosvaldeatfligebat</span> <span class='ocrx_word' id='word_1_96' title='bbox 616 1077 959 1154; x_wconf 65' lang='lat' dir='ltr'>ppsivempfoaflljcrione</span> <span class='ocrx_word' id='word_1_97' title='bbox 1010 1080 1065 1127; x_wconf 88' lang='lat' dir='ltr'>lam</span> <span class='ocrx_word' id='word_1_98' title='bbox 1085 1074 1146 1130; x_wconf 88' lang='lat' dir='ltr'>lece</span> <span class='ocrx_word' id='word_1_99' title='bbox 1160 1074 1209 1130; x_wconf 89' lang='lat' dir='ltr'>ubi</span> <span class='ocrx_word' id='word_1_100' title='bbox 1225 1085 1350 1133; x_wconf 90' lang='lat' dir='ltr'>sanctum</span> <span class='ocrx_word' id='word_1_101' title='bbox 1365 1080 1468 1154; x_wconf 81' lang='lat' dir='ltr'>pignus</span> <span class='ocrx_word' id='word_1_102' title='bbox 1479 1083 1614 1154; x_wconf 82' lang='lat' dir='ltr'>jacuerat,</span> <span class='ocrx_word' id='word_1_103' title='bbox 1631 1089 1764 1159; x_wconf 89' lang='lat' dir='ltr'>apposuit</span> <span class='ocrx_word' id='word_1_104' title='bbox 1775 1108 1781 1144; x_wconf 93' lang='lat'>:</span> <span class='ocrx_word' id='word_1_105' title='bbox 1794 1101 1822 1148; x_wconf 93' lang='lat' dir='ltr'>et</span> 
     </span>
     <span class='ocr_line' id='line_1_11' title="bbox 152 1166 1821 1250; baseline 0.004 -17"><span class='ocrx_word' id='word_1_106' title='bbox 152 1194 202 1234; x_wconf 87' lang='lat' dir='ltr'>sua</span> <span class='ocrx_word' id='word_1_107' title='bbox 215 1191 289 1247; x_wconf 81' lang='lat' dir='ltr'>saepe</span> <span class='ocrx_word' id='word_1_108' title='bbox 302 1175 338 1229; x_wconf 85' lang='lat' dir='ltr'>ad</span> <span class='ocrx_word' id='word_1_109' title='bbox 351 1182 475 1231; x_wconf 88' lang='lat' dir='ltr'>sanetum</span> <span class='ocrx_word' id='word_1_110' title='bbox 498 1171 654 1246; x_wconf 82' lang='lat' dir='ltr'>Remigium</span> <span class='ocrx_word' id='word_1_111' title='bbox 670 1169 837 1232; x_wconf 85' lang='lat' dir='ltr'>clamabant,</span> <span class='ocrx_word' id='word_1_112' title='bbox 867 1167 959 1223; x_wconf 90' lang='lat' dir='ltr'>Remis</span> <span class='ocrx_word' id='word_1_113' title='bbox 1011 1166 1821 1250; x_wconf 82' lang='lat' dir='ltr'>mexabhaeliberredditusaegritudiue,deloremdeio·</span> 
     </span>
     <span class='ocr_line' id='line_1_12' title="bbox 153 1255 1821 1340; baseline 0.011 -14"><span class='ocrx_word' id='word_1_114' title='bbox 153 1271 305 1334; x_wconf 86' lang='lat' dir='ltr'>venientes,</span> <span class='ocrx_word' id='word_1_115' title='bbox 316 1274 343 1324; x_wconf 91' lang='lat' dir='ltr'>et</span> <span class='ocrx_word' id='word_1_116' title='bbox 359 1268 446 1340; x_wconf 91' lang='lat' dir='ltr'>ipsius</span> <span class='ocrx_word' id='word_1_117' title='bbox 457 1267 565 1339; x_wconf 88' lang='lat' dir='ltr'>patroni</span> <span class='ocrx_word' id='word_1_118' title='bbox 581 1265 622 1321; x_wconf 90' lang='lat' dir='ltr'>sni</span> <span class='ocrx_word' id='word_1_119' title='bbox 640 1263 793 1336; x_wconf 88' lang='lat' dir='ltr'>patrocinia</span> <span class='ocrx_word' id='word_1_120' title='bbox 811 1261 958 1334; x_wconf 90' lang='lat' dir='ltr'>requiren-</span> <span class='ocrx_word' id='word_1_121' title='bbox 1009 1269 1076 1324; x_wconf 66' lang='lat'>0⁰9⁸</span> <span class='ocrx_word' id='word_1_122' title='bbox 1090 1255 1651 1325; x_wconf 57' lang='grc'><strong>111115091101111116111111013111111·1111</strong></span> <span class='ocrx_word' id='word_1_123' title='bbox 1665 1270 1765 1325; x_wconf 62' lang='lat' dir='ltr'>2⁸de</span> <span class='ocrx_word' id='word_1_124' title='bbox 1776 1271 1821 1328; x_wconf 62' lang='lat' dir='ltr'>die</span> 
     </span>
     <span class='ocr_line' id='line_1_13' title="bbox 153 1345 1820 1438; baseline 0.025 -62"><span class='ocrx_word' id='word_1_125' title='bbox 153 1364 269 1421; x_wconf 42' lang='grc' dir='ltr'>ΜΡΝ)</span> <span class='ocrx_word' id='word_1_126' title='bbox 291 1378 390 1435; x_wconf 58' lang='lat' dir='ltr'>quare</span> <span class='ocrx_word' id='word_1_127' title='bbox 418 1377 507 1432; x_wconf 55' lang='lat' dir='ltr'>nuper</span> <span class='ocrx_word' id='word_1_128' title='bbox 533 1374 606 1416; x_wconf 63' lang='lat' dir='ltr'><strong>anno</strong></span> <span class='ocrx_word' id='word_1_129' title='bbox 635 1359 783 1430; x_wconf 49' lang='lat' dir='ltr'>praequm</span> <span class='ocrx_word' id='word_1_130' title='bbox 812 1371 875 1410; x_wconf 59' lang='lat' dir='ltr'>cum</span> <span class='ocrx_word' id='word_1_131' title='bbox 893 1370 957 1428; x_wconf 68' lang='lat' dir='ltr'>rega</span> <span class='ocrx_word' id='word_1_132' title='bbox 1009 1345 1190 1419; x_wconf 91' lang='lat' dir='ltr'>duoquidam</span> <span class='ocrx_word' id='word_1_133' title='bbox 1211 1351 1337 1408; x_wconf 89' lang='lat' dir='ltr'>homiues</span> <span class='ocrx_word' id='word_1_134' title='bbox 1364 1355 1461 1410; x_wconf 88' lang='lat' dir='ltr'>morbo</span> <span class='ocrx_word' id='word_1_135' title='bbox 1476 1358 1609 1414; x_wconf 89' lang='lat' dir='ltr'>contracti</span> <span class='ocrx_word' id='word_1_136' title='bbox 1623 1361 1698 1432; x_wconf 89' lang='lat' dir='ltr'>apud</span> <span class='ocrx_word' id='word_1_137' title='bbox 1717 1380 1820 1438; x_wconf 82' lang='lat' dir='ltr'>pagum</span> 
     </span>
     <span class='ocr_line' id='line_1_14' title="bbox 152 1436 1820 1524; baseline 0 -15"><span class='ocrx_word' id='word_1_138' title='bbox 152 1456 250 1511; x_wconf 85' lang='lat' dir='ltr'>Ottoue</span> <span class='ocrx_word' id='word_1_139' title='bbox 263 1461 290 1507; x_wconf 91' lang='lat' dir='ltr'>et</span> <span class='ocrx_word' id='word_1_140' title='bbox 305 1451 418 1524; x_wconf 81' lang='lat' dir='ltr'>praelato</span> <span class='ocrx_word' id='word_1_141' title='bbox 433 1452 503 1506; x_wconf 91' lang='lat' dir='ltr'>duee</span> <span class='ocrx_word' id='word_1_142' title='bbox 519 1450 603 1506; x_wconf 88' lang='lat' dir='ltr'>locuti</span> <span class='ocrx_word' id='word_1_143' title='bbox 619 1465 724 1514; x_wconf 90' lang='lat' dir='ltr'>sumus,</span> <span class='ocrx_word' id='word_1_144' title='bbox 741 1447 852 1520; x_wconf 90' lang='lat' dir='ltr'>quando</span> <span class='ocrx_word' id='word_1_145' title='bbox 872 1445 958 1517; x_wconf 79' lang='lat' dir='ltr'>Aquis</span> <span class='ocrx_word' id='word_1_146' title='bbox 1010 1436 1173 1494; x_wconf 89' lang='lat' dir='ltr'>Ribuarium</span> <span class='ocrx_word' id='word_1_147' title='bbox 1187 1441 1501 1516; x_wconf 78' lang='lat' dir='ltr'>(RruidrcsinLannois),</span> <span class='ocrx_word' id='word_1_148' title='bbox 1516 1447 1545 1502; x_wconf 91' lang='lat' dir='ltr'>in</span> <span class='ocrx_word' id='word_1_149' title='bbox 1559 1451 1683 1508; x_wconf 90' lang='lat' dir='ltr'>oratorie</span> <span class='ocrx_word' id='word_1_150' title='bbox 1698 1453 1820 1524; x_wconf 88' lang='lat' dir='ltr'>quedam</span> 
     </span>
     <span class='ocr_line' id='line_1_15' title="bbox 153 1531 1820 1615; baseline 0.003 -19"><span class='ocrx_word' id='word_1_151' title='bbox 153 1542 186 1597; x_wconf 90' lang='lat' dir='ltr'>ad</span> <span class='ocrx_word' id='word_1_152' title='bbox 199 1541 327 1596; x_wconf 90' lang='lat' dir='ltr'>eumdem</span> <span class='ocrx_word' id='word_1_153' title='bbox 344 1556 437 1615; x_wconf 82' lang='lat' dir='ltr'>regem</span> <span class='ocrx_word' id='word_1_154' title='bbox 452 1540 529 1594; x_wconf 90' lang='lat' dir='ltr'>missi</span> <span class='ocrx_word' id='word_1_155' title='bbox 545 1539 659 1595; x_wconf 85' lang='lat' dir='ltr'>suimus.</span> <span class='ocrx_word' id='word_1_156' title='bbox 686 1539 739 1594; x_wconf 86' lang='lat' dir='ltr'>Sed</span> <span class='ocrx_word' id='word_1_157' title='bbox 768 1544 798 1592; x_wconf 94' lang='lat' dir='ltr'>ut</span> <span class='ocrx_word' id='word_1_158' title='bbox 813 1537 888 1591; x_wconf 89' lang='lat' dir='ltr'>idem</span> <span class='ocrx_word' id='word_1_159' title='bbox 905 1536 959 1591; x_wconf 88' lang='lat' dir='ltr'>Ra·</span> <span class='ocrx_word' id='word_1_160' title='bbox 1010 1531 1150 1586; x_wconf 81' lang='lat' dir='ltr'>memoriae</span> <span class='ocrx_word' id='word_1_161' title='bbox 1166 1534 1248 1603; x_wconf 89' lang='lat' dir='ltr'>hujus</span> <span class='ocrx_word' id='word_1_162' title='bbox 1262 1534 1337 1591; x_wconf 89' lang='lat' dir='ltr'>beati</span> <span class='ocrx_word' id='word_1_163' title='bbox 1366 1538 1453 1593; x_wconf 90' lang='lat' dir='ltr'>nestri</span> <span class='ocrx_word' id='word_1_164' title='bbox 1474 1540 1820 1610; x_wconf 86' lang='lat' dir='ltr'>patrenidedieatosani·</span> 
     </span>
     <span class='ocr_line' id='line_1_16' title="bbox 151 1622 1820 1705; baseline 0.008 -28"><span class='ocrx_word' id='word_1_165' title='bbox 151 1629 306 1705; x_wconf 76' lang='lat' dir='ltr'>gaubaldus</span> <span class='ocrx_word' id='word_1_166' title='bbox 322 1629 357 1685; x_wconf 89' lang='lat' dir='ltr'>ab</span> <span class='ocrx_word' id='word_1_167' title='bbox 386 1629 508 1701; x_wconf 87' lang='lat' dir='ltr'>ipsarum</span> <span class='ocrx_word' id='word_1_168' title='bbox 523 1645 615 1683; x_wconf 88' lang='lat' dir='ltr'>rerum</span> <span class='ocrx_word' id='word_1_169' title='bbox 641 1626 797 1699; x_wconf 87' lang='lat' dir='ltr'>direptione</span> <span class='ocrx_word' id='word_1_170' title='bbox 811 1626 959 1682; x_wconf 78' lang='lat' dir='ltr'>desisteret</span> <span class='ocrx_word' id='word_1_171' title='bbox 1009 1624 1091 1674; x_wconf 87' lang='lat' dir='ltr'>tatem</span> <span class='ocrx_word' id='word_1_172' title='bbox 1107 1622 1250 1678; x_wconf 88' lang='lat' dir='ltr'>nuntiatur</span> <span class='ocrx_word' id='word_1_173' title='bbox 1264 1625 1413 1696; x_wconf 87' lang='lat' dir='ltr'>recepisse.</span> <span class='ocrx_word' id='word_1_174' title='bbox 1426 1628 1456 1681; x_wconf 90' lang='lat' dir='ltr'>lu</span> <span class='ocrx_word' id='word_1_175' title='bbox 1472 1627 1560 1700; x_wconf 90' lang='lat' dir='ltr'>ipsius</span> <span class='ocrx_word' id='word_1_176' title='bbox 1579 1637 1672 1686; x_wconf 89' lang='lat' dir='ltr'>autem</span> <span class='ocrx_word' id='word_1_177' title='bbox 1691 1649 1746 1704; x_wconf 91' lang='lat' dir='ltr'>qua</span> <span class='ocrx_word' id='word_1_178' title='bbox 1759 1649 1820 1690; x_wconf 91' lang='lat' dir='ltr'>cer-</span> 
     </span>
    </p>
   </div>
   <div class='ocr_carea' id='block_1_3' title="bbox 34 1713 1820 1792">
    <p class='ocr_par' dir='ltr' id='par_1_4' title="bbox 34 1713 1820 1792">
     <span class='ocr_line' id='line_1_17' title="bbox 34 1713 1820 1792; baseline 0.004 -18"><span class='ocrx_word' id='word_1_179' title='bbox 34 1743 49 1765; x_wconf 66' lang='lat' dir='ltr'>s</span> <span class='ocrx_word' id='word_1_180' title='bbox 152 1721 299 1792; x_wconf 89' lang='lat' dir='ltr'>impetrare</span> <span class='ocrx_word' id='word_1_181' title='bbox 326 1719 513 1791; x_wconf 85' lang='lat' dir='ltr'>nequivimus.</span> <span class='ocrx_word' id='word_1_182' title='bbox 530 1718 608 1773; x_wconf 89' lang='lat' dir='ltr'>Unde</span> <span class='ocrx_word' id='word_1_183' title='bbox 623 1717 739 1790; x_wconf 79' lang='lat' dir='ltr'>contigit</span> <span class='ocrx_word' id='word_1_184' title='bbox 755 1718 842 1773; x_wconf 88' lang='lat' dir='ltr'>horne</span> <span class='ocrx_word' id='word_1_185' title='bbox 857 1716 886 1787; x_wconf 74' lang='lat' dir='ltr'>li,</span> <span class='ocrx_word' id='word_1_186' title='bbox 906 1717 957 1772; x_wconf 89' lang='lat' dir='ltr'>hee</span> <span class='ocrx_word' id='word_1_187' title='bbox 968 1720 995 1782; x_wconf 88' lang='grc' dir='ltr'><em>Β</em></span> <span class='ocrx_word' id='word_1_188' title='bbox 1008 1727 1076 1784; x_wconf 91' lang='lat' dir='ltr'>pere</span> <span class='ocrx_word' id='word_1_189' title='bbox 1088 1713 1206 1785; x_wconf 89' lang='lat' dir='ltr'>quiescit</span> <span class='ocrx_word' id='word_1_190' title='bbox 1216 1716 1339 1773; x_wconf 81' lang='lat' dir='ltr'>basilica.</span> <span class='ocrx_word' id='word_1_191' title='bbox 1355 1720 1485 1775; x_wconf 89' lang='lat' dir='ltr'>continua</span> <span class='ocrx_word' id='word_1_192' title='bbox 1498 1719 1558 1777; x_wconf 83' lang='lat' dir='ltr'>fieri</span> <span class='ocrx_word' id='word_1_193' title='bbox 1584 1738 1638 1778; x_wconf 91' lang='lat' dir='ltr'>non</span> <span class='ocrx_word' id='word_1_194' title='bbox 1650 1725 1820 1782; x_wconf 91' lang='lat' dir='ltr'>omittuntur</span> 
     </span>
    </p>
   </div>
   <div class='ocr_carea' id='block_1_4' title="bbox 94 1801 1819 2431">
    <p class='ocr_par' dir='ltr' id='par_1_5' title="bbox 94 1801 1819 2431">
     <span class='ocr_line' id='line_1_18' title="bbox 151 1801 1818 1884; baseline 0.001 -17"><span class='ocrx_word' id='word_1_195' title='bbox 151 1813 220 1884; x_wconf 86' lang='lat' dir='ltr'>an.],</span> <span class='ocrx_word' id='word_1_196' title='bbox 245 1821 276 1868; x_wconf 94' lang='lat' dir='ltr'>ut</span> <span class='ocrx_word' id='word_1_197' title='bbox 296 1812 361 1867; x_wconf 94' lang='lat' dir='ltr'>dum</span> <span class='ocrx_word' id='word_1_198' title='bbox 378 1813 497 1883; x_wconf 87' lang='lat' dir='ltr'>quedam</span> <span class='ocrx_word' id='word_1_199' title='bbox 525 1810 644 1866; x_wconf 81' lang='lat' dir='ltr'>Sabbata</span> <span class='ocrx_word' id='word_1_200' title='bbox 669 1810 781 1865; x_wconf 88' lang='lat' dir='ltr'>eosdem</span> <span class='ocrx_word' id='word_1_201' title='bbox 797 1809 910 1865; x_wconf 83' lang='lat' dir='ltr'>colonos</span> <span class='ocrx_word' id='word_1_202' title='bbox 924 1811 957 1867; x_wconf 78' lang='lat' dir='ltr'>arl</span> <span class='ocrx_word' id='word_1_203' title='bbox 1009 1801 1139 1878; x_wconf 81' lang='lat' dir='ltr'>insignia,</span> <span class='ocrx_word' id='word_1_204' title='bbox 1156 1803 1221 1858; x_wconf 92' lang='lat' dir='ltr'>dum</span> <span class='ocrx_word' id='word_1_205' title='bbox 1237 1805 1417 1863; x_wconf 86' lang='lat' dir='ltr'>aduenientes</span> <span class='ocrx_word' id='word_1_206' title='bbox 1436 1809 1532 1884; x_wconf 82' lang='lat' dir='ltr'>aegreti</span> <span class='ocrx_word' id='word_1_207' title='bbox 1551 1822 1695 1879; x_wconf 89' lang='lat' dir='ltr'>sanantur,</span> <span class='ocrx_word' id='word_1_208' title='bbox 1714 1814 1818 1884; x_wconf 81' lang='lat' dir='ltr'>perjuri</span> 
     </span>
     <span class='ocr_line' id='line_1_19' title="bbox 117 1875 1819 1975; baseline 0.005 -19"><span class='ocrx_word' id='word_1_209' title='bbox 117 1952 120 1964; x_wconf 86' lang='grc'><em>,</em></span> <span class='ocrx_word' id='word_1_210' title='bbox 152 1918 221 1973; x_wconf 92' lang='lat' dir='ltr'>epus</span> <span class='ocrx_word' id='word_1_211' title='bbox 235 1901 374 1974; x_wconf 90' lang='lat' dir='ltr'>quoddam</span> <span class='ocrx_word' id='word_1_212' title='bbox 402 1875 590 1972; x_wconf 68' lang='lat' dir='ltr'>peragendum</span> <span class='ocrx_word' id='word_1_213' title='bbox 620 1907 803 1973; x_wconf 82' lang='lat' dir='ltr'>congregatos</span> <span class='ocrx_word' id='word_1_214' title='bbox 831 1900 958 1963; x_wconf 82' lang='lat' dir='ltr'>haberet,</span> <span class='ocrx_word' id='word_1_215' title='bbox 1008 1894 1133 1952; x_wconf 87' lang='lat' dir='ltr'>daemoue</span> <span class='ocrx_word' id='word_1_216' title='bbox 1154 1898 1352 1967; x_wconf 87' lang='lat' dir='ltr'>pervaduntur,</span> <span class='ocrx_word' id='word_1_217' title='bbox 1376 1903 1558 1975; x_wconf 77' lang='lat' dir='ltr'>energumeni</span> <span class='ocrx_word' id='word_1_218' title='bbox 1575 1903 1819 1974; x_wconf 88' lang='lat' dir='ltr'>liberantur,illu-</span> 
     </span>
     <span class='ocr_line' id='line_1_20' title="bbox 94 1983 1819 2068; baseline 0.003 -22"><span class='ocrx_word' id='word_1_219' title='bbox 94 2005 99 2017; x_wconf 89' lang='lat'><em>·</em></span> <span class='ocrx_word' id='word_1_220' title='bbox 152 1991 369 2062; x_wconf 86' lang='lat' dir='ltr'>praeciperetque</span> <span class='ocrx_word' id='word_1_221' title='bbox 398 1989 560 2062; x_wconf 78' lang='lat' dir='ltr'>presbytero</span> <span class='ocrx_word' id='word_1_222' title='bbox 589 2004 623 2042; x_wconf 91' lang='lat' dir='ltr'>ne</span> <span class='ocrx_word' id='word_1_223' title='bbox 653 1989 732 2060; x_wconf 76' lang='lat' dir='ltr'>signa</span> <span class='ocrx_word' id='word_1_224' title='bbox 760 1989 958 2059; x_wconf 80' lang='lat' dir='ltr'>vespertinalia</span> <span class='ocrx_word' id='word_1_225' title='bbox 1008 1983 1147 2040; x_wconf 90' lang='lat' dir='ltr'>minantur</span> <span class='ocrx_word' id='word_1_226' title='bbox 1160 1987 1236 2055; x_wconf 77' lang='lat' dir='ltr'>caci,</span> <span class='ocrx_word' id='word_1_227' title='bbox 1251 1989 1394 2062; x_wconf 78' lang='lat' dir='ltr'>eriguntur</span> <span class='ocrx_word' id='word_1_228' title='bbox 1408 1990 1510 2058; x_wconf 90' lang='lat' dir='ltr'>claudi,</span> <span class='ocrx_word' id='word_1_229' title='bbox 1527 1992 1593 2048; x_wconf 92' lang='lat' dir='ltr'>utin</span> <span class='ocrx_word' id='word_1_230' title='bbox 1605 1993 1683 2048; x_wconf 88' lang='lat' dir='ltr'>coelis</span> <span class='ocrx_word' id='word_1_231' title='bbox 1696 1994 1819 2068; x_wconf 78' lang='lat' dir='ltr'>gloriose</span> 
     </span>
     <span class='ocr_line' id='line_1_21' title="bbox 153 2074 1819 2155; baseline 0.004 -20"><span class='ocrx_word' id='word_1_232' title='bbox 153 2099 241 2155; x_wconf 91' lang='lat' dir='ltr'>usque</span> <span class='ocrx_word' id='word_1_233' title='bbox 267 2097 354 2153; x_wconf 91' lang='lat' dir='ltr'>prope</span> <span class='ocrx_word' id='word_1_234' title='bbox 370 2088 478 2136; x_wconf 85' lang='lat' dir='ltr'>noctem</span> <span class='ocrx_word' id='word_1_235' title='bbox 494 2080 626 2151; x_wconf 90' lang='lat' dir='ltr'>pulsaret,</span> <span class='ocrx_word' id='word_1_236' title='bbox 651 2080 786 2151; x_wconf 92' lang='lat' dir='ltr'>operique</span> <span class='ocrx_word' id='word_1_237' title='bbox 814 2078 957 2151; x_wconf 86' lang='lat' dir='ltr'>implendo</span> <span class='ocrx_word' id='word_1_238' title='bbox 1007 2091 1069 2130; x_wconf 91' lang='lat' dir='ltr'>eum</span> <span class='ocrx_word' id='word_1_239' title='bbox 1085 2074 1191 2132; x_wconf 88' lang='lat' dir='ltr'>Christe</span> <span class='ocrx_word' id='word_1_240' title='bbox 1218 2079 1310 2134; x_wconf 87' lang='lat' dir='ltr'>nivere</span> <span class='ocrx_word' id='word_1_241' title='bbox 1338 2080 1543 2138; x_wconf 90' lang='lat' dir='ltr'>demonstretur</span> <span class='ocrx_word' id='word_1_242' title='bbox 1557 2084 1604 2155; x_wconf 90' lang='lat' dir='ltr'>qui</span> <span class='ocrx_word' id='word_1_243' title='bbox 1632 2091 1671 2140; x_wconf 90' lang='lat' dir='ltr'>tot</span> <span class='ocrx_word' id='word_1_244' title='bbox 1697 2087 1819 2142; x_wconf 87' lang='lat' dir='ltr'>miracu-</span> 
     </span>
     <span class='ocr_line' id='line_1_22' title="bbox 152 2164 1818 2243; baseline 0.005 -17"><span class='ocrx_word' id='word_1_245' title='bbox 152 2172 303 2239; x_wconf 89' lang='lat' dir='ltr'>insisteret,</span> <span class='ocrx_word' id='word_1_246' title='bbox 317 2176 509 2243; x_wconf 88' lang='lat' dir='ltr'>percuteretur</span> <span class='ocrx_word' id='word_1_247' title='bbox 527 2183 692 2240; x_wconf 88' lang='lat' dir='ltr'>percussere</span> <span class='ocrx_word' id='word_1_248' title='bbox 705 2167 806 2224; x_wconf 90' lang='lat' dir='ltr'>invise.</span> <span class='ocrx_word' id='word_1_249' title='bbox 822 2170 872 2235; x_wconf 78' lang='lat' dir='ltr'>Qui</span> <span class='ocrx_word' id='word_1_250' title='bbox 889 2170 955 2226; x_wconf 92' lang='lat' dir='ltr'>dum</span> <span class='ocrx_word' id='word_1_251' title='bbox 1007 2164 1097 2221; x_wconf 89' lang='lat' dir='ltr'>lerum</span> <span class='ocrx_word' id='word_1_252' title='bbox 1111 2167 1209 2242; x_wconf 81' lang='lat' dir='ltr'>signis,</span> <span class='ocrx_word' id='word_1_253' title='bbox 1227 2170 1275 2225; x_wconf 92' lang='lat' dir='ltr'>ubi</span> <span class='ocrx_word' id='word_1_254' title='bbox 1291 2186 1390 2243; x_wconf 88' lang='lat' dir='ltr'>cerpus</span> <span class='ocrx_word' id='word_1_255' title='bbox 1409 2175 1536 2230; x_wconf 79' lang='lat' dir='ltr'>examine</span> <span class='ocrx_word' id='word_1_256' title='bbox 1552 2183 1686 2242; x_wconf 86' lang='lat' dir='ltr'>servatur,</span> <span class='ocrx_word' id='word_1_257' title='bbox 1703 2178 1731 2231; x_wconf 88' lang='lat' dir='ltr'>in</span> <span class='ocrx_word' id='word_1_258' title='bbox 1747 2187 1818 2234; x_wconf 87' lang='lat' dir='ltr'>terra</span> 
     </span>
     <span class='ocr_line' id='line_1_23' title="bbox 151 2254 1817 2338; baseline 0.001 -18"><span class='ocrx_word' id='word_1_259' title='bbox 151 2265 304 2337; x_wconf 90' lang='lat' dir='ltr'>requireret</span> <span class='ocrx_word' id='word_1_260' title='bbox 319 2265 451 2336; x_wconf 88' lang='lat' dir='ltr'>quiscum</span> <span class='ocrx_word' id='word_1_261' title='bbox 457 2262 648 2333; x_wconf 85' lang='lat' dir='ltr'>percussisset,</span> <span class='ocrx_word' id='word_1_262' title='bbox 658 2276 845 2333; x_wconf 90' lang='lat' dir='ltr'>umnesquese</span> <span class='ocrx_word' id='word_1_263' title='bbox 855 2263 957 2318; x_wconf 89' lang='lat' dir='ltr'>vidisse</span> <span class='ocrx_word' id='word_1_264' title='bbox 1006 2254 1098 2310; x_wconf 79' lang='lat' dir='ltr'>vivere</span> <span class='ocrx_word' id='word_1_265' title='bbox 1112 2257 1543 2329; x_wconf 78' lang='lat' dir='ltr'>comprobatur.1nloculevere</span> <span class='ocrx_word' id='word_1_266' title='bbox 1559 2264 1608 2319; x_wconf 92' lang='lat' dir='ltr'>ubi</span> <span class='ocrx_word' id='word_1_267' title='bbox 1625 2272 1689 2321; x_wconf 91' lang='lat' dir='ltr'>tunc</span> <span class='ocrx_word' id='word_1_268' title='bbox 1703 2265 1817 2338; x_wconf 91' lang='lat' dir='ltr'>deposi-</span> 
     </span>
     <span class='ocr_line' id='line_1_24' title="bbox 150 2349 1813 2431; baseline -0.001 -19"><span class='ocrx_word' id='word_1_269' title='bbox 150 2364 293 2428; x_wconf 82' lang='lat' dir='ltr'>negarent‚</span> <span class='ocrx_word' id='word_1_270' title='bbox 309 2356 388 2412; x_wconf 88' lang='lat' dir='ltr'>iuriis</span> <span class='ocrx_word' id='word_1_271' title='bbox 414 2356 578 2431; x_wconf 82' lang='lat' dir='ltr'>exagitatus,</span> <span class='ocrx_word' id='word_1_272' title='bbox 607 2370 721 2409; x_wconf 88' lang='lat' dir='ltr'>sensum</span> <span class='ocrx_word' id='word_1_273' title='bbox 749 2354 851 2421; x_wconf 88' lang='lat' dir='ltr'>amisit,</span> <span class='ocrx_word' id='word_1_274' title='bbox 865 2356 956 2429; x_wconf 84' lang='lat' dir='ltr'>gravi·</span> <span class='ocrx_word' id='word_1_275' title='bbox 1007 2352 1063 2401; x_wconf 78' lang='grc'><strong>111111</strong></span> <span class='ocrx_word' id='word_1_276' title='bbox 1079 2362 1180 2419; x_wconf 75' lang='lat' dir='ltr'>corpus</span> <span class='ocrx_word' id='word_1_277' title='bbox 1193 2349 1253 2418; x_wconf 78' lang='lat' dir='ltr'>ejus</span> <span class='ocrx_word' id='word_1_278' title='bbox 1268 2357 1320 2420; x_wconf 77' lang='lat' dir='ltr'>est,</span> <span class='ocrx_word' id='word_1_279' title='bbox 1348 2352 1376 2407; x_wconf 92' lang='lat' dir='ltr'>bi</span> <span class='ocrx_word' id='word_1_280' title='bbox 1391 2368 1488 2410; x_wconf 80' lang='lat' dir='ltr'>tersus</span> <span class='ocrx_word' id='word_1_281' title='bbox 1507 2370 1523 2410; x_wconf 87' lang='lat' dir='ltr'>a</span> <span class='ocrx_word' id='word_1_282' title='bbox 1542 2355 1646 2412; x_wconf 91' lang='lat' dir='ltr'>domne</span> <span class='ocrx_word' id='word_1_283' title='bbox 1667 2356 1813 2415; x_wconf 89' lang='lat' dir='ltr'>Rincmaro</span> 
     </span>
    </p>
   </div>
   <div class='ocr_carea' id='block_1_5' title="bbox 149 2434 1385 2540">
    <p class='ocr_par' dir='ltr' id='par_1_6' title="bbox 149 2434 1385 2540">
     <span class='ocr_line' id='line_1_25' title="bbox 149 2434 1385 2540; baseline 0.005 -36"><span class='ocrx_word' id='word_1_284' title='bbox 149 2456 380 2522; x_wconf 81' lang='lat' dir='ltr'>terquevesatus,</span> <span class='ocrx_word' id='word_1_285' title='bbox 400 2448 527 2520; x_wconf 91' lang='lat' dir='ltr'>spiritum</span> <span class='ocrx_word' id='word_1_286' title='bbox 556 2446 703 2502; x_wconf 85' lang='lat' dir='ltr'>exhalavit.</span> <span class='ocrx_word' id='word_1_287' title='bbox 727 2447 784 2513; x_wconf 85' lang='lat' dir='ltr'>Quo</span> <span class='ocrx_word' id='word_1_288' title='bbox 811 2457 954 2518; x_wconf 90' lang='lat' dir='ltr'>comperto</span> <span class='ocrx_word' id='word_1_289' title='bbox 1006 2434 1385 2540; x_wconf 49' lang='grc'><strong>11111119811111111111131111111·</strong></span> 
     </span>
    </p>
   </div>
   <div class='ocr_carea' id='block_1_6' title="bbox 145 2535 956 3067">
    <p class='ocr_par' dir='ltr' id='par_1_7' title="bbox 147 2535 956 2883">
     <span class='ocr_line' id='line_1_26' title="bbox 149 2535 956 2595; baseline 0 -2"><span class='ocrx_word' id='word_1_290' title='bbox 149 2539 205 2595; x_wconf 79' lang='lat' dir='ltr'>dut</span> <span class='ocrx_word' id='word_1_291' title='bbox 220 2537 360 2594; x_wconf 70' lang='lat' dir='ltr'>conradus</span> <span class='ocrx_word' id='word_1_292' title='bbox 379 2537 496 2592; x_wconf 89' lang='lat' dir='ltr'>nimium</span> <span class='ocrx_word' id='word_1_293' title='bbox 518 2537 630 2592; x_wconf 89' lang='lat' dir='ltr'>territus</span> <span class='ocrx_word' id='word_1_294' title='bbox 657 2535 691 2590; x_wconf 88' lang='lat' dir='ltr'>ad</span> <span class='ocrx_word' id='word_1_295' title='bbox 721 2545 847 2592; x_wconf 86' lang='lat' dir='ltr'>sanetum</span> <span class='ocrx_word' id='word_1_296' title='bbox 863 2537 956 2593; x_wconf 90' lang='lat' dir='ltr'>Remi-</span> 
     </span>
     <span class='ocr_line' id='line_1_27' title="bbox 147 2628 955 2707; baseline -0.001 -21"><span class='ocrx_word' id='word_1_297' title='bbox 147 2633 223 2707; x_wconf 84' lang='lat' dir='ltr'>gium</span> <span class='ocrx_word' id='word_1_298' title='bbox 234 2631 321 2700; x_wconf 84' lang='lat' dir='ltr'>uenit,</span> <span class='ocrx_word' id='word_1_299' title='bbox 331 2631 413 2702; x_wconf 90' lang='lat' dir='ltr'>eique</span> <span class='ocrx_word' id='word_1_300' title='bbox 429 2629 554 2700; x_wconf 89' lang='lat' dir='ltr'>resipsas</span> <span class='ocrx_word' id='word_1_301' title='bbox 570 2628 700 2694; x_wconf 90' lang='lat' dir='ltr'>reddidit,</span> <span class='ocrx_word' id='word_1_302' title='bbox 716 2644 784 2700; x_wconf 90' lang='lat' dir='ltr'>quas</span> <span class='ocrx_word' id='word_1_303' title='bbox 797 2630 955 2700; x_wconf 84' lang='lat' dir='ltr'>praemissus</span> 
     </span>
     <span class='ocr_line' id='line_1_28' title="bbox 147 2718 953 2796; baseline -0.001 -17"><span class='ocrx_word' id='word_1_304' title='bbox 147 2722 247 2796; x_wconf 73' lang='lat' dir='ltr'>praesul</span> <span class='ocrx_word' id='word_1_305' title='bbox 261 2721 388 2777; x_wconf 76' lang='lat' dir='ltr'>Artaldus</span> <span class='ocrx_word' id='word_1_306' title='bbox 404 2720 550 2776; x_wconf 91' lang='lat' dir='ltr'>Rincmare</span> <span class='ocrx_word' id='word_1_307' title='bbox 563 2718 668 2781; x_wconf 83' lang='lat' dir='ltr'>abbati.</span> <span class='ocrx_word' id='word_1_308' title='bbox 683 2736 715 2775; x_wconf 86' lang='lat' dir='ltr'>ec</span> <span class='ocrx_word' id='word_1_309' title='bbox 726 2721 833 2776; x_wconf 82' lang='lat' dir='ltr'>caeteris</span> <span class='ocrx_word' id='word_1_310' title='bbox 857 2737 953 2778; x_wconf 89' lang='lat' dir='ltr'>mena-</span> 
     </span>
     <span class='ocr_line' id='line_1_29' title="bbox 147 2808 744 2883; baseline -0.007 -15"><span class='ocrx_word' id='word_1_311' title='bbox 147 2813 207 2869; x_wconf 90' lang='lat' dir='ltr'>ehis</span> <span class='ocrx_word' id='word_1_312' title='bbox 220 2812 254 2868; x_wconf 89' lang='lat' dir='ltr'>ad</span> <span class='ocrx_word' id='word_1_313' title='bbox 265 2811 488 2883; x_wconf 91' lang='lat' dir='ltr'>supplementum</span> <span class='ocrx_word' id='word_1_314' title='bbox 501 2811 592 2867; x_wconf 86' lang='lat' dir='ltr'>vietus</span> <span class='ocrx_word' id='word_1_315' title='bbox 606 2808 744 2865; x_wconf 86' lang='lat' dir='ltr'>attribuit.</span> 
     </span>
    </p>

    <p class='ocr_par' dir='ltr' id='par_1_8' title="bbox 145 2899 954 3067">
     <span class='ocr_line' id='line_1_30' title="bbox 183 2899 954 2976; baseline 0.001 -18"><span class='ocrx_word' id='word_1_316' title='bbox 183 2905 212 2958; x_wconf 89' lang='lat' dir='ltr'>ln</span> <span class='ocrx_word' id='word_1_317' title='bbox 240 2900 393 2957; x_wconf 86' lang='lat' dir='ltr'>Vulfiniace</span> <span class='ocrx_word' id='word_1_318' title='bbox 421 2901 501 2969; x_wconf 89' lang='lat' dir='ltr'>Rive‚</span> <span class='ocrx_word' id='word_1_319' title='bbox 531 2915 601 2976; x_wconf 84' lang='lat' dir='ltr'>page</span> <span class='ocrx_word' id='word_1_320' title='bbox 622 2899 808 2964; x_wconf 89' lang='lat' dir='ltr'>Lauduuensi,</span> <span class='ocrx_word' id='word_1_321' title='bbox 836 2901 954 2959; x_wconf 90' lang='lat' dir='ltr'>habetur</span> 
     </span>
     <span class='ocr_line' id='line_1_31' title="bbox 145 2991 953 3067; baseline -0.002 -14"><span class='ocrx_word' id='word_1_322' title='bbox 145 2996 295 3053; x_wconf 86' lang='lat' dir='ltr'>oratorium</span> <span class='ocrx_word' id='word_1_323' title='bbox 309 2994 337 3048; x_wconf 93' lang='lat' dir='ltr'>in</span> <span class='ocrx_word' id='word_1_324' title='bbox 361 2994 465 3049; x_wconf 89' lang='lat' dir='ltr'>benere</span> <span class='ocrx_word' id='word_1_325' title='bbox 486 2992 514 3047; x_wconf 88' lang='lat' dir='ltr'>S.</span> <span class='ocrx_word' id='word_1_326' title='bbox 530 2991 647 3067; x_wconf 82' lang='lat' dir='ltr'>Remigii</span> <span class='ocrx_word' id='word_1_327' title='bbox 664 2991 834 3050; x_wconf 86' lang='lat' dir='ltr'>dedicatum.</span> <span class='ocrx_word' id='word_1_328' title='bbox 853 2995 882 3049; x_wconf 90' lang='lat' dir='ltr'>ln</span> <span class='ocrx_word' id='word_1_329' title='bbox 898 3010 953 3066; x_wconf 93' lang='lat' dir='ltr'>quo</span> 
     </span>
    </p>
   </div>
   <div class='ocr_carea' id='block_1_7' title="bbox 1035 2584 1767 3091">
    <p class='ocr_par' dir='ltr' id='par_1_9' title="bbox 1037 2584 1767 2719">
     <span class='ocr_line' id='line_1_32' title="bbox 1037 2584 1767 2655; baseline 0.018 -21"><span class='ocrx_word' id='word_1_330' title='bbox 1037 2584 1081 2635; x_wconf 85' lang='lat' dir='ltr'>Hic</span> <span class='ocrx_word' id='word_1_331' title='bbox 1095 2586 1205 2637; x_wconf 78' lang='lat' dir='ltr'>famulus</span> <span class='ocrx_word' id='word_1_332' title='bbox 1215 2589 1334 2640; x_wconf 87' lang='lat' dir='ltr'>Hinemar</span> <span class='ocrx_word' id='word_1_333' title='bbox 1347 2591 1447 2641; x_wconf 87' lang='lat' dir='ltr'>Domini</span> <span class='ocrx_word' id='word_1_334' title='bbox 1463 2607 1533 2642; x_wconf 89' lang='lat' dir='ltr'>sacra</span> <span class='ocrx_word' id='word_1_335' title='bbox 1544 2593 1655 2644; x_wconf 88' lang='lat' dir='ltr'>membra</span> <span class='ocrx_word' id='word_1_336' title='bbox 1666 2595 1767 2655; x_wconf 82' lang='lat' dir='ltr'>lecerit,</span> 
     </span>
     <span class='ocr_line' id='line_1_33' title="bbox 1067 2648 1548 2719; baseline 0.015 -22"><span class='ocrx_word' id='word_1_337' title='bbox 1067 2648 1149 2698; x_wconf 86' lang='lat' dir='ltr'>Dulcis</span> <span class='ocrx_word' id='word_1_338' title='bbox 1164 2649 1277 2715; x_wconf 78' lang='lat' dir='ltr'>Remigii,</span> <span class='ocrx_word' id='word_1_339' title='bbox 1294 2653 1384 2703; x_wconf 87' lang='lat' dir='ltr'>ductus</span> <span class='ocrx_word' id='word_1_340' title='bbox 1399 2669 1483 2705; x_wconf 84' lang='lat' dir='ltr'>amere</span> <span class='ocrx_word' id='word_1_341' title='bbox 1498 2656 1548 2719; x_wconf 87' lang='lat' dir='ltr'>pie.</span> 
     </span>
    </p>

    <p class='ocr_par' dir='ltr' id='par_1_10' title="bbox 1035 2709 1735 2839">
     <span class='ocr_line' id='line_1_34' title="bbox 1035 2709 1735 2782; baseline 0.017 -24"><span class='ocrx_word' id='word_1_342' title='bbox 1035 2709 1080 2769; x_wconf 84' lang='lat' dir='ltr'>Qui</span> <span class='ocrx_word' id='word_1_343' title='bbox 1091 2711 1162 2774; x_wconf 87' lang='lat' dir='ltr'>prins</span> <span class='ocrx_word' id='word_1_344' title='bbox 1172 2721 1208 2762; x_wconf 88' lang='lat' dir='ltr'>est</span> <span class='ocrx_word' id='word_1_345' title='bbox 1222 2723 1330 2773; x_wconf 86' lang='lat' dir='ltr'>sanctus,</span> <span class='ocrx_word' id='word_1_346' title='bbox 1341 2717 1435 2767; x_wconf 91' lang='lat' dir='ltr'>munde</span> <span class='ocrx_word' id='word_1_347' title='bbox 1448 2733 1523 2782; x_wconf 87' lang='lat' dir='ltr'>quam</span> <span class='ocrx_word' id='word_1_348' title='bbox 1536 2726 1614 2769; x_wconf 89' lang='lat' dir='ltr'>matre</span> <span class='ocrx_word' id='word_1_349' title='bbox 1626 2727 1735 2770; x_wconf 84' lang='lat' dir='ltr'>creatus.</span> 
     </span>
     <span class='ocr_line' id='line_1_35' title="bbox 1066 2773 1533 2839; baseline 0.011 -15"><span class='ocrx_word' id='word_1_350' title='bbox 1066 2773 1098 2824; x_wconf 82' lang='lat' dir='ltr'>Et</span> <span class='ocrx_word' id='word_1_351' title='bbox 1110 2787 1214 2839; x_wconf 78' lang='lat' dir='ltr'>maguus</span> <span class='ocrx_word' id='word_1_352' title='bbox 1225 2776 1305 2827; x_wconf 91' lang='lat' dir='ltr'>dictus</span> <span class='ocrx_word' id='word_1_353' title='bbox 1315 2778 1412 2828; x_wconf 87' lang='lat' dir='ltr'>eoeiitus</span> <span class='ocrx_word' id='word_1_354' title='bbox 1426 2794 1468 2829; x_wconf 89' lang='lat' dir='ltr'>ere</span> <span class='ocrx_word' id='word_1_355' title='bbox 1483 2781 1533 2830; x_wconf 87' lang='lat' dir='ltr'>Dei.</span> 
     </span>
    </p>

    <p class='ocr_par' dir='ltr' id='par_1_11' title="bbox 1035 2833 1613 2966">
     <span class='ocr_line' id='line_1_36' title="bbox 1035 2833 1613 2904; baseline 0.017 -22"><span class='ocrx_word' id='word_1_356' title='bbox 1035 2833 1168 2894; x_wconf 75' lang='lat' dir='ltr'>Riedones,</span> <span class='ocrx_word' id='word_1_357' title='bbox 1180 2837 1301 2903; x_wconf 89' lang='lat' dir='ltr'>binosque</span> <span class='ocrx_word' id='word_1_358' title='bbox 1312 2854 1399 2904; x_wconf 78' lang='lat' dir='ltr'>gerens</span> <span class='ocrx_word' id='word_1_359' title='bbox 1411 2841 1515 2892; x_wconf 74' lang='lat' dir='ltr'>feliciter</span> <span class='ocrx_word' id='word_1_360' title='bbox 1525 2857 1613 2901; x_wconf 87' lang='lat' dir='ltr'>annes,</span> 
     </span>
     <span class='ocr_line' id='line_1_37' title="bbox 1066 2896 1560 2966; baseline 0.016 -19"><span class='ocrx_word' id='word_1_361' title='bbox 1066 2896 1135 2947; x_wconf 87' lang='lat' dir='ltr'>Sorte</span> <span class='ocrx_word' id='word_1_362' title='bbox 1145 2899 1189 2948; x_wconf 85' lang='lat' dir='ltr'>Dei</span> <span class='ocrx_word' id='word_1_363' title='bbox 1204 2902 1312 2964; x_wconf 87' lang='lat' dir='ltr'>sumpsit</span> <span class='ocrx_word' id='word_1_364' title='bbox 1320 2904 1463 2966; x_wconf 83' lang='lat' dir='ltr'>pontificale</span> <span class='ocrx_word' id='word_1_365' title='bbox 1476 2904 1560 2963; x_wconf 88' lang='lat' dir='ltr'>decus,</span> 
     </span>
    </p>

    <p class='ocr_par' dir='ltr' id='par_1_12' title="bbox 1035 2958 1653 3091">
     <span class='ocr_line' id='line_1_38' title="bbox 1035 2958 1644 3030; baseline 0.016 -23"><span class='ocrx_word' id='word_1_366' title='bbox 1035 2958 1167 3030; x_wconf 74' lang='lat' dir='ltr'>Sexaginta</span> <span class='ocrx_word' id='word_1_367' title='bbox 1181 2962 1256 3012; x_wconf 90' lang='lat' dir='ltr'>simul</span> <span class='ocrx_word' id='word_1_368' title='bbox 1270 2963 1309 3012; x_wconf 90' lang='lat' dir='ltr'>his</span> <span class='ocrx_word' id='word_1_369' title='bbox 1319 2973 1413 3029; x_wconf 89' lang='lat' dir='ltr'>septem</span> <span class='ocrx_word' id='word_1_370' title='bbox 1428 2974 1555 3017; x_wconf 81' lang='lat' dir='ltr'>manserat</span> <span class='ocrx_word' id='word_1_371' title='bbox 1571 2968 1644 3017; x_wconf 88' lang='lat' dir='ltr'>annis</span> 
     </span>
     <span class='ocr_line' id='line_1_39' title="bbox 1063 3020 1653 3091; baseline 0.014 -21"><span class='ocrx_word' id='word_1_372' title='bbox 1063 3020 1137 3072; x_wconf 81' lang='lat' dir='ltr'>Istius</span> <span class='ocrx_word' id='word_1_373' title='bbox 1154 3025 1223 3074; x_wconf 90' lang='lat' dir='ltr'>urbis</span> <span class='ocrx_word' id='word_1_374' title='bbox 1235 3025 1321 3085; x_wconf 85' lang='lat' dir='ltr'>bonor,</span> <span class='ocrx_word' id='word_1_375' title='bbox 1341 3028 1440 3091; x_wconf 80' lang='lat' dir='ltr'>praesul,</span> <span class='ocrx_word' id='word_1_376' title='bbox 1457 3037 1481 3078; x_wconf 90' lang='lat' dir='ltr'>et</span> <span class='ocrx_word' id='word_1_377' title='bbox 1494 3030 1564 3080; x_wconf 90' lang='lat' dir='ltr'>urbis</span> <span class='ocrx_word' id='word_1_378' title='bbox 1575 3044 1653 3080; x_wconf 85' lang='lat' dir='ltr'>amor.</span> 
     </span>
    </p>
   </div>
   <div class='ocr_carea' id='block_1_8' title="bbox 145 3082 1694 3156">
    <p class='ocr_par' dir='ltr' id='par_1_13' title="bbox 145 3082 1694 3156">
     <span class='ocr_line' id='line_1_40' title="bbox 145 3082 1694 3156; baseline -0.001 -13"><span class='ocrx_word' id='word_1_379' title='bbox 145 3087 211 3142; x_wconf 88' lang='lat' dir='ltr'>dum</span> <span class='ocrx_word' id='word_1_380' title='bbox 223 3083 359 3142; x_wconf 80' lang='lat' dir='ltr'>Rodulius</span> <span class='ocrx_word' id='word_1_381' title='bbox 373 3099 420 3139; x_wconf 81' lang='lat' dir='ltr'>rex</span> <span class='ocrx_word' id='word_1_382' title='bbox 432 3082 606 3139; x_wconf 88' lang='lat' dir='ltr'>Reribertum</span> <span class='ocrx_word' id='word_1_383' title='bbox 624 3082 754 3139; x_wconf 90' lang='lat' dir='ltr'>comitem</span> <span class='ocrx_word' id='word_1_384' title='bbox 769 3098 952 3156; x_wconf 88' lang='lat' dir='ltr'>persequere·</span> <span class='ocrx_word' id='word_1_385' title='bbox 965 3082 991 3154; x_wconf 82' lang='lat' dir='ltr'><strong>G</strong></span> <span class='ocrx_word' id='word_1_386' title='bbox 1035 3082 1257 3147; x_wconf 85' lang='lat' dir='ltr'>Vitamdalunetis,</span> <span class='ocrx_word' id='word_1_387' title='bbox 1269 3088 1375 3140; x_wconf 84' lang='lat' dir='ltr'>reddens</span> <span class='ocrx_word' id='word_1_388' title='bbox 1390 3105 1487 3155; x_wconf 89' lang='lat' dir='ltr'>quoque</span> <span class='ocrx_word' id='word_1_389' title='bbox 1499 3092 1596 3144; x_wconf 87' lang='lat' dir='ltr'>lumina</span> <span class='ocrx_word' id='word_1_390' title='bbox 1607 3093 1694 3154; x_wconf 87' lang='lat' dir='ltr'>eaeeis;</span> 
     </span>
    </p>
   </div>
   <div class='ocr_carea' id='block_1_9' title="bbox 146 3172 954 3250">
    <p class='ocr_par' dir='ltr' id='par_1_14' title="bbox 146 3172 954 3250">
     <span class='ocr_line' id='line_1_41' title="bbox 146 3172 954 3250; baseline -0.005 -17"><span class='ocrx_word' id='word_1_391' title='bbox 146 3184 199 3246; x_wconf 92' lang='lat' dir='ltr'>tur,</span> <span class='ocrx_word' id='word_1_392' title='bbox 215 3177 262 3250; x_wconf 94' lang='lat' dir='ltr'>qui</span> <span class='ocrx_word' id='word_1_393' title='bbox 277 3176 468 3247; x_wconf 90' lang='lat' dir='ltr'>episcopatum</span> <span class='ocrx_word' id='word_1_394' title='bbox 478 3174 641 3230; x_wconf 89' lang='lat' dir='ltr'>Remensem</span> <span class='ocrx_word' id='word_1_395' title='bbox 652 3189 668 3227; x_wconf 87' lang='lat' dir='ltr'>a</span> <span class='ocrx_word' id='word_1_396' title='bbox 679 3188 743 3248; x_wconf 82' lang='lat' dir='ltr'>rege</span> <span class='ocrx_word' id='word_1_397' title='bbox 751 3172 803 3227; x_wconf 89' lang='lat' dir='ltr'>sibi</span> <span class='ocrx_word' id='word_1_398' title='bbox 813 3189 954 3229; x_wconf 92' lang='lat' dir='ltr'>cemmen-</span> 
     </span>
    </p>
   </div>
   <div class='ocr_carea' id='block_1_10' title="bbox 142 3263 953 3417">
    <p class='ocr_par' dir='ltr' id='par_1_15' title="bbox 142 3263 953 3417">
     <span class='ocr_line' id='line_1_42' title="bbox 145 3263 953 3337; baseline -0.009 -9"><span class='ocrx_word' id='word_1_399' title='bbox 145 3273 239 3328; x_wconf 89' lang='lat' dir='ltr'>datum</span> <span class='ocrx_word' id='word_1_400' title='bbox 255 3267 376 3333; x_wconf 87' lang='lat' dir='ltr'>tenebat,</span> <span class='ocrx_word' id='word_1_401' title='bbox 394 3264 616 3336; x_wconf 88' lang='lat' dir='ltr'>beminesipsius</span> <span class='ocrx_word' id='word_1_402' title='bbox 629 3263 701 3318; x_wconf 83' lang='lat' dir='ltr'>villae</span> <span class='ocrx_word' id='word_1_403' title='bbox 713 3280 756 3319; x_wconf 90' lang='lat' dir='ltr'>res</span> <span class='ocrx_word' id='word_1_404' title='bbox 765 3280 829 3319; x_wconf 89' lang='lat' dir='ltr'>suas</span> <span class='ocrx_word' id='word_1_405' title='bbox 840 3272 953 3337; x_wconf 90' lang='lat' dir='ltr'>prepter</span> 
     </span>
     <span class='ocr_line' id='line_1_43' title="bbox 142 3353 951 3417; baseline -0.009 0"><span class='ocrx_word' id='word_1_406' title='bbox 142 3358 258 3417; x_wconf 90' lang='lat' dir='ltr'>hostiles</span> <span class='ocrx_word' id='word_1_407' title='bbox 273 3358 401 3414; x_wconf 89' lang='lat' dir='ltr'>incursus</span> <span class='ocrx_word' id='word_1_408' title='bbox 414 3355 566 3413; x_wconf 87' lang='lat' dir='ltr'>recondere</span> <span class='ocrx_word' id='word_1_409' title='bbox 581 3353 757 3409; x_wconf 89' lang='lat' dir='ltr'>studuerunt.</span> <span class='ocrx_word' id='word_1_410' title='bbox 777 3355 809 3409; x_wconf 80' lang='lat' dir='ltr'>dt</span> <span class='ocrx_word' id='word_1_411' title='bbox 824 3354 890 3410; x_wconf 93' lang='lat' dir='ltr'>dum</span> <span class='ocrx_word' id='word_1_412' title='bbox 904 3372 951 3412; x_wconf 87' lang='lat' dir='ltr'>rex</span> 
     </span>
    </p>
   </div>
   <div class='ocr_carea' id='block_1_11' title="bbox 141 3446 949 3800">
    <p class='ocr_par' dir='ltr' id='par_1_16' title="bbox 141 3446 949 3800">
     <span class='ocr_line' id='line_1_44' title="bbox 142 3446 948 3527; baseline -0.011 -17"><span class='ocrx_word' id='word_1_413' title='bbox 142 3453 272 3527; x_wconf 75' lang='lat' dir='ltr'>praefatus</span> <span class='ocrx_word' id='word_1_414' title='bbox 285 3453 320 3507; x_wconf 93' lang='lat' dir='ltr'>ad</span> <span class='ocrx_word' id='word_1_415' title='bbox 329 3449 512 3507; x_wconf 89' lang='lat' dir='ltr'>obsidendam</span> <span class='ocrx_word' id='word_1_416' title='bbox 528 3449 692 3504; x_wconf 89' lang='lat' dir='ltr'>Remensem</span> <span class='ocrx_word' id='word_1_417' title='bbox 704 3446 825 3502; x_wconf 87' lang='lat' dir='ltr'>venisset</span> <span class='ocrx_word' id='word_1_418' title='bbox 839 3446 948 3515; x_wconf 92' lang='lat' dir='ltr'>urbem,</span> 
     </span>
     <span class='ocr_line' id='line_1_45' title="bbox 141 3538 949 3609; baseline -0.01 -8"><span class='ocrx_word' id='word_1_419' title='bbox 141 3557 170 3602; x_wconf 92' lang='lat' dir='ltr'>et</span> <span class='ocrx_word' id='word_1_420' title='bbox 182 3546 209 3600; x_wconf 92' lang='lat' dir='ltr'>in</span> <span class='ocrx_word' id='word_1_421' title='bbox 225 3543 404 3601; x_wconf 73' lang='lat' dir='ltr'>culmissiaco</span> <span class='ocrx_word' id='word_1_422' title='bbox 418 3539 538 3597; x_wconf 85' lang='lat' dir='ltr'>metatus</span> <span class='ocrx_word' id='word_1_423' title='bbox 557 3549 639 3606; x_wconf 90' lang='lat' dir='ltr'>esset,</span> <span class='ocrx_word' id='word_1_424' title='bbox 653 3539 792 3595; x_wconf 80' lang='lat' dir='ltr'>exereitus</span> <span class='ocrx_word' id='word_1_425' title='bbox 806 3539 868 3609; x_wconf 88' lang='lat' dir='ltr'>ejus</span> <span class='ocrx_word' id='word_1_426' title='bbox 880 3538 949 3595; x_wconf 90' lang='lat' dir='ltr'>viei-</span> 
     </span>
     <span class='ocr_line' id='line_1_46' title="bbox 142 3631 947 3707; baseline -0.009 -14"><span class='ocrx_word' id='word_1_427' title='bbox 142 3654 192 3693; x_wconf 89' lang='lat' dir='ltr'>nas</span> <span class='ocrx_word' id='word_1_428' title='bbox 206 3636 353 3707; x_wconf 88' lang='lat' dir='ltr'>occupavit</span> <span class='ocrx_word' id='word_1_429' title='bbox 366 3634 454 3691; x_wconf 82' lang='lat' dir='ltr'>uillas.</span> <span class='ocrx_word' id='word_1_430' title='bbox 483 3633 598 3701; x_wconf 80' lang='lat' dir='ltr'>Quidam</span> <span class='ocrx_word' id='word_1_431' title='bbox 623 3648 688 3689; x_wconf 86' lang='lat' dir='ltr'>vere</span> <span class='ocrx_word' id='word_1_432' title='bbox 705 3632 826 3698; x_wconf 87' lang='lat' dir='ltr'>illorum,</span> <span class='ocrx_word' id='word_1_433' title='bbox 856 3631 947 3703; x_wconf 90' lang='lat' dir='ltr'>quiin</span> 
     </span>
     <span class='ocr_line' id='line_1_47' title="bbox 141 3720 948 3800; baseline -0.014 -17"><span class='ocrx_word' id='word_1_434' title='bbox 141 3733 293 3800; x_wconf 70' lang='lat' dir='ltr'>prenotata</span> <span class='ocrx_word' id='word_1_435' title='bbox 318 3724 393 3790; x_wconf 85' lang='lat' dir='ltr'>villa,</span> <span class='ocrx_word' id='word_1_436' title='bbox 410 3724 517 3780; x_wconf 88' lang='lat' dir='ltr'>seilicet</span> <span class='ocrx_word' id='word_1_437' title='bbox 534 3722 688 3780; x_wconf 80' lang='lat' dir='ltr'>vulfiniaco</span> <span class='ocrx_word' id='word_1_438' title='bbox 718 3720 786 3776; x_wconf 87' lang='lat' dir='ltr'>Rivo</span> <span class='ocrx_word' id='word_1_439' title='bbox 818 3727 948 3775; x_wconf 87' lang='lat' dir='ltr'>metatum</span> 
     </span>
    </p>
   </div>
   <div class='ocr_carea' id='block_1_12' title="bbox 30 3815 948 3890">
    <p class='ocr_par' dir='ltr' id='par_1_17' title="bbox 30 3815 948 3890">
     <span class='ocr_line' id='line_1_48' title="bbox 30 3815 948 3890; baseline -0.011 -12"><span class='ocrx_word' id='word_1_440' title='bbox 30 3863 37 3878; x_wconf 88' lang='lat'>.</span> <span class='ocrx_word' id='word_1_441' title='bbox 141 3819 290 3884; x_wconf 84' lang='lat' dir='ltr'>habebant,</span> <span class='ocrx_word' id='word_1_442' title='bbox 323 3817 418 3873; x_wconf 90' lang='lat' dir='ltr'>vinum</span> <span class='ocrx_word' id='word_1_443' title='bbox 436 3817 511 3890; x_wconf 93' lang='lat' dir='ltr'>qued</span> <span class='ocrx_word' id='word_1_444' title='bbox 538 3818 565 3872; x_wconf 93' lang='lat' dir='ltr'>in</span> <span class='ocrx_word' id='word_1_445' title='bbox 590 3817 707 3873; x_wconf 87' lang='lat' dir='ltr'>eeclesia</span> <span class='ocrx_word' id='word_1_446' title='bbox 735 3815 842 3872; x_wconf 90' lang='lat' dir='ltr'>timeris</span> <span class='ocrx_word' id='word_1_447' title='bbox 865 3830 948 3870; x_wconf 86' lang='lat' dir='ltr'>eausa</span> 
     </span>
    </p>
   </div>
   <div class='ocr_carea' id='block_1_13' title="bbox 136 3908 948 4437">
    <p class='ocr_par' dir='ltr' id='par_1_18' title="bbox 136 3908 948 4437">
     <span class='ocr_line' id='line_1_49' title="bbox 139 3908 948 3982; baseline -0.009 -14"><span class='ocrx_word' id='word_1_448' title='bbox 139 3911 312 3968; x_wconf 90' lang='lat' dir='ltr'>reconditum</span> <span class='ocrx_word' id='word_1_449' title='bbox 331 3908 420 3966; x_wconf 84' lang='lat' dir='ltr'>iuerat</span> <span class='ocrx_word' id='word_1_450' title='bbox 432 3910 537 3966; x_wconf 85' lang='lat' dir='ltr'>invadit</span> <span class='ocrx_word' id='word_1_451' title='bbox 553 3927 561 3976; x_wconf 89' lang='lat'>;</span> <span class='ocrx_word' id='word_1_452' title='bbox 578 3918 605 3965; x_wconf 91' lang='lat' dir='ltr'>et</span> <span class='ocrx_word' id='word_1_453' title='bbox 627 3909 705 3982; x_wconf 90' lang='lat' dir='ltr'>quasi</span> <span class='ocrx_word' id='word_1_454' title='bbox 720 3908 863 3964; x_wconf 87' lang='lat' dir='ltr'>tabernam</span> <span class='ocrx_word' id='word_1_455' title='bbox 880 3922 948 3963; x_wconf 90' lang='lat' dir='ltr'>cen-</span> 
     </span>
     <span class='ocr_line' id='line_1_50' title="bbox 137 3998 945 4073; baseline -0.01 -13"><span class='ocrx_word' id='word_1_456' title='bbox 137 4005 255 4060; x_wconf 90' lang='lat' dir='ltr'>stituens</span> <span class='ocrx_word' id='word_1_457' title='bbox 267 4004 294 4058; x_wconf 92' lang='lat' dir='ltr'>in</span> <span class='ocrx_word' id='word_1_458' title='bbox 305 4001 402 4057; x_wconf 90' lang='lat' dir='ltr'>eadem</span> <span class='ocrx_word' id='word_1_459' title='bbox 413 4000 540 4068; x_wconf 87' lang='lat' dir='ltr'>ecclesia,</span> <span class='ocrx_word' id='word_1_460' title='bbox 550 4001 664 4073; x_wconf 91' lang='lat' dir='ltr'>paribus</span> <span class='ocrx_word' id='word_1_461' title='bbox 674 4002 732 4057; x_wconf 91' lang='lat' dir='ltr'>suis</span> <span class='ocrx_word' id='word_1_462' title='bbox 742 3999 810 4056; x_wconf 88' lang='lat' dir='ltr'>illud</span> <span class='ocrx_word' id='word_1_463' title='bbox 824 3998 945 4053; x_wconf 86' lang='lat' dir='ltr'>vendere</span> 
     </span>
     <span class='ocr_line' id='line_1_51' title="bbox 137 4092 946 4171; baseline -0.012 -17"><span class='ocrx_word' id='word_1_464' title='bbox 137 4099 231 4170; x_wconf 85' lang='lat' dir='ltr'>eoepit.</span> <span class='ocrx_word' id='word_1_465' title='bbox 257 4097 319 4153; x_wconf 85' lang='lat' dir='ltr'>tlaec</span> <span class='ocrx_word' id='word_1_466' title='bbox 332 4097 398 4151; x_wconf 92' lang='lat' dir='ltr'>dum</span> <span class='ocrx_word' id='word_1_467' title='bbox 415 4100 517 4171; x_wconf 82' lang='lat' dir='ltr'>ageret,</span> <span class='ocrx_word' id='word_1_468' title='bbox 539 4108 687 4164; x_wconf 89' lang='lat' dir='ltr'>percussus</span> <span class='ocrx_word' id='word_1_469' title='bbox 705 4092 813 4156; x_wconf 88' lang='lat' dir='ltr'>morbo,</span> <span class='ocrx_word' id='word_1_470' title='bbox 830 4096 946 4160; x_wconf 91' lang='lat' dir='ltr'>repente</span> 
     </span>
     <span class='ocr_line' id='line_1_52' title="bbox 137 4184 944 4255; baseline -0.012 -10"><span class='ocrx_word' id='word_1_471' title='bbox 137 4205 250 4245; x_wconf 89' lang='lat' dir='ltr'>sensum</span> <span class='ocrx_word' id='word_1_472' title='bbox 260 4186 363 4255; x_wconf 89' lang='lat' dir='ltr'>amisit,</span> <span class='ocrx_word' id='word_1_473' title='bbox 372 4200 419 4242; x_wconf 89' lang='lat' dir='ltr'>ere</span> <span class='ocrx_word' id='word_1_474' title='bbox 428 4184 482 4239; x_wconf 91' lang='lat' dir='ltr'>sibi</span> <span class='ocrx_word' id='word_1_475' title='bbox 496 4184 630 4239; x_wconf 87' lang='lat' dir='ltr'>adaurem</span> <span class='ocrx_word' id='word_1_476' title='bbox 645 4198 733 4254; x_wconf 90' lang='lat' dir='ltr'>usque</span> <span class='ocrx_word' id='word_1_477' title='bbox 744 4197 814 4252; x_wconf 86' lang='lat' dir='ltr'>pene</span> <span class='ocrx_word' id='word_1_478' title='bbox 830 4186 944 4248; x_wconf 91' lang='lat' dir='ltr'>retorto,</span> 
     </span>
     <span class='ocr_line' id='line_1_53' title="bbox 137 4275 945 4354; baseline -0.012 -16"><span class='ocrx_word' id='word_1_479' title='bbox 137 4282 242 4354; x_wconf 90' lang='lat' dir='ltr'>diuque</span> <span class='ocrx_word' id='word_1_480' title='bbox 256 4279 395 4337; x_wconf 89' lang='lat' dir='ltr'>cruciatus</span> <span class='ocrx_word' id='word_1_481' title='bbox 418 4284 557 4334; x_wconf 89' lang='lat' dir='ltr'>tormento</span> <span class='ocrx_word' id='word_1_482' title='bbox 572 4277 655 4333; x_wconf 88' lang='lat' dir='ltr'>vitam</span> <span class='ocrx_word' id='word_1_483' title='bbox 670 4276 769 4332; x_wconf 85' lang='lat' dir='ltr'>sinivit.</span> <span class='ocrx_word' id='word_1_484' title='bbox 792 4275 869 4343; x_wconf 82' lang='lat' dir='ltr'>Quod</span> <span class='ocrx_word' id='word_1_485' title='bbox 883 4290 945 4328; x_wconf 90' lang='lat' dir='ltr'>eer-</span> 
     </span>
     <span class='ocr_line' id='line_1_54' title="bbox 136 4366 944 4437; baseline -0.01 -11"><span class='ocrx_word' id='word_1_486' title='bbox 136 4378 235 4426; x_wconf 89' lang='lat' dir='ltr'>uentes</span> <span class='ocrx_word' id='word_1_487' title='bbox 254 4367 356 4436; x_wconf 83' lang='lat' dir='ltr'>caeteri,</span> <span class='ocrx_word' id='word_1_488' title='bbox 372 4367 463 4423; x_wconf 91' lang='lat' dir='ltr'>eidem</span> <span class='ocrx_word' id='word_1_489' title='bbox 478 4367 539 4423; x_wconf 91' lang='lat' dir='ltr'>loce</span> <span class='ocrx_word' id='word_1_490' title='bbox 558 4382 636 4424; x_wconf 91' lang='lat' dir='ltr'>sacro</span> <span class='ocrx_word' id='word_1_491' title='bbox 661 4367 782 4426; x_wconf 90' lang='lat' dir='ltr'>debitam</span> <span class='ocrx_word' id='word_1_492' title='bbox 811 4366 944 4437; x_wconf 88' lang='lat' dir='ltr'>deinceps</span> 
     </span>
    </p>
   </div>
   <div class='ocr_carea' id='block_1_14' title="bbox 135 4455 1308 4535">
    <p class='ocr_par' dir='ltr' id='par_1_19' title="bbox 135 4455 1308 4535">
     <span class='ocr_line' id='line_1_55' title="bbox 135 4455 1308 4535; baseline 0.003 -17"><span class='ocrx_word' id='word_1_493' title='bbox 135 4461 500 4529; x_wconf 78' lang='lat' dir='ltr'>exhibentesreverentiam</span> <span class='ocrx_word' id='word_1_494' title='bbox 516 4459 984 4535; x_wconf 83' lang='lat' dir='ltr'>abbujusmediseseeohibuerel)</span> <span class='ocrx_word' id='word_1_495' title='bbox 1024 4455 1308 4523; x_wconf 66' lang='grc'><strong>111111111111111111111</strong></span> 
     </span>
    </p>
   </div>
   <div class='ocr_carea' id='block_1_15' title="bbox 135 4554 630 4704">
    <p class='ocr_par' dir='ltr' id='par_1_20' title="bbox 135 4554 630 4704">
     <span class='ocr_line' id='line_1_56' title="bbox 135 4554 362 4626; baseline -0.013 -16"><span class='ocrx_word' id='word_1_496' title='bbox 135 4554 362 4626; x_wconf 84' lang='lat' dir='ltr'>praesumptione.</span> 
     </span>
     <span class='ocr_line' id='line_1_57' title="bbox 446 4645 630 4704; baseline 0 -2"><span class='ocrx_word' id='word_1_497' title='bbox 446 4645 551 4704; x_wconf 82' lang='lat' dir='ltr'>clPut</span> <span class='ocrx_word' id='word_1_498' title='bbox 563 4648 630 4703; x_wconf 81' lang='lat' dir='ltr'>XXI.</span> 
     </span>
    </p>
   </div>
   <div class='ocr_carea' id='block_1_16' title="bbox 1025 3146 1734 4580">
    <p class='ocr_par' dir='ltr' id='par_1_21' title="bbox 1025 3146 1734 4580">
     <span class='ocr_line' id='line_1_58' title="bbox 1065 3146 1559 3214; baseline 0.018 -19"><span class='ocrx_word' id='word_1_499' title='bbox 1065 3146 1154 3210; x_wconf 71' lang='lat' dir='ltr'>Egerat</span> <span class='ocrx_word' id='word_1_500' title='bbox 1163 3158 1187 3198; x_wconf 90' lang='lat' dir='ltr'>et</span> <span class='ocrx_word' id='word_1_501' title='bbox 1197 3149 1284 3199; x_wconf 86' lang='lat' dir='ltr'>vivens</span> <span class='ocrx_word' id='word_1_502' title='bbox 1297 3152 1476 3214; x_wconf 84' lang='lat' dir='ltr'>plurimamire</span> <span class='ocrx_word' id='word_1_503' title='bbox 1490 3154 1559 3204; x_wconf 87' lang='lat' dir='ltr'>satis.</span> 
     </span>
     <span class='ocr_line' id='line_1_59' title="bbox 1034 3208 1734 3281; baseline 0.017 -24"><span class='ocrx_word' id='word_1_504' title='bbox 1034 3208 1096 3257; x_wconf 85' lang='lat' dir='ltr'>Nam</span> <span class='ocrx_word' id='word_1_505' title='bbox 1112 3210 1210 3261; x_wconf 90' lang='lat' dir='ltr'>domuit</span> <span class='ocrx_word' id='word_1_506' title='bbox 1225 3213 1277 3262; x_wconf 86' lang='lat' dir='ltr'>iera</span> <span class='ocrx_word' id='word_1_507' title='bbox 1287 3214 1362 3263; x_wconf 87' lang='lat' dir='ltr'>eorda</span> <span class='ocrx_word' id='word_1_508' title='bbox 1376 3216 1461 3266; x_wconf 86' lang='lat' dir='ltr'>anime</span> <span class='ocrx_word' id='word_1_509' title='bbox 1474 3217 1592 3280; x_wconf 75' lang='lat' dir='ltr'>pinsere</span> <span class='ocrx_word' id='word_1_510' title='bbox 1607 3218 1734 3281; x_wconf 81' lang='lat' dir='ltr'>proluens,</span> 
     </span>
     <span class='ocr_line' id='line_1_60' title="bbox 1065 3270 1610 3345; baseline 0.015 -24"><span class='ocrx_word' id='word_1_511' title='bbox 1065 3270 1198 3323; x_wconf 78' lang='lat' dir='ltr'>sicambrae</span> <span class='ocrx_word' id='word_1_512' title='bbox 1212 3276 1299 3345; x_wconf 71' lang='lat' dir='ltr'>genus,</span> <span class='ocrx_word' id='word_1_513' title='bbox 1312 3277 1379 3340; x_wconf 77' lang='lat' dir='ltr'>regia</span> <span class='ocrx_word' id='word_1_514' title='bbox 1393 3286 1489 3341; x_wconf 88' lang='lat' dir='ltr'>sceptra</span> <span class='ocrx_word' id='word_1_515' title='bbox 1501 3294 1610 3329; x_wconf 85' lang='lat' dir='ltr'>sacrans.</span> 
     </span>
     <span class='ocr_line' id='line_1_61' title="bbox 1032 3331 1684 3412; baseline 0.018 -31"><span class='ocrx_word' id='word_1_516' title='bbox 1032 3331 1171 3397; x_wconf 79' lang='lat' dir='ltr'>Nonaginta</span> <span class='ocrx_word' id='word_1_517' title='bbox 1181 3337 1282 3400; x_wconf 84' lang='lat' dir='ltr'>quidem</span> <span class='ocrx_word' id='word_1_518' title='bbox 1295 3353 1338 3388; x_wconf 81' lang='lat' dir='ltr'>sex</span> <span class='ocrx_word' id='word_1_519' title='bbox 1350 3354 1406 3389; x_wconf 89' lang='lat' dir='ltr'>cum</span> <span class='ocrx_word' id='word_1_520' title='bbox 1418 3341 1586 3412; x_wconf 79' lang='lat' dir='ltr'>compleuerat</span> <span class='ocrx_word' id='word_1_521' title='bbox 1596 3356 1684 3402; x_wconf 85' lang='lat' dir='ltr'>anuos,</span> 
     </span>
     <span class='ocr_line' id='line_1_62' title="bbox 1063 3394 1626 3459; baseline 0.018 -14"><span class='ocrx_word' id='word_1_522' title='bbox 1063 3394 1199 3459; x_wconf 84' lang='lat' dir='ltr'>Splendida</span> <span class='ocrx_word' id='word_1_523' title='bbox 1210 3398 1253 3449; x_wconf 86' lang='lat' dir='ltr'>lux</span> <span class='ocrx_word' id='word_1_524' title='bbox 1273 3409 1370 3451; x_wconf 88' lang='lat' dir='ltr'>uestras</span> <span class='ocrx_word' id='word_1_525' title='bbox 1383 3402 1493 3454; x_wconf 82' lang='lat' dir='ltr'>deseruit</span> <span class='ocrx_word' id='word_1_526' title='bbox 1504 3405 1626 3455; x_wconf 84' lang='lat' dir='ltr'>tenebras.</span> 
     </span>
     <span class='ocr_line' id='line_1_63' title="bbox 1032 3454 1641 3525; baseline 0.023 -20"><span class='ocrx_word' id='word_1_527' title='bbox 1032 3454 1091 3506; x_wconf 84' lang='lat' dir='ltr'>Idus</span> <span class='ocrx_word' id='word_1_528' title='bbox 1105 3460 1158 3522; x_wconf 83' lang='lat' dir='ltr'>jam</span> <span class='ocrx_word' id='word_1_529' title='bbox 1169 3460 1256 3524; x_wconf 89' lang='lat' dir='ltr'>plenas</span> <span class='ocrx_word' id='word_1_530' title='bbox 1270 3477 1327 3512; x_wconf 92' lang='lat' dir='ltr'>eum</span> <span class='ocrx_word' id='word_1_531' title='bbox 1339 3464 1417 3514; x_wconf 88' lang='lat' dir='ltr'>Janus</span> <span class='ocrx_word' id='word_1_532' title='bbox 1427 3475 1519 3516; x_wconf 86' lang='lat' dir='ltr'>mensis</span> <span class='ocrx_word' id='word_1_533' title='bbox 1532 3467 1641 3525; x_wconf 83' lang='lat' dir='ltr'>baberet,</span> 
     </span>
     <span class='ocr_line' id='line_1_64' title="bbox 1062 3520 1559 3593; baseline 0.016 -23"><span class='ocrx_word' id='word_1_534' title='bbox 1062 3520 1187 3572; x_wconf 82' lang='lat' dir='ltr'>Emeritos</span> <span class='ocrx_word' id='word_1_535' title='bbox 1201 3524 1273 3574; x_wconf 90' lang='lat' dir='ltr'>miles</span> <span class='ocrx_word' id='word_1_536' title='bbox 1286 3527 1390 3590; x_wconf 73' lang='lat' dir='ltr'>premia</span> <span class='ocrx_word' id='word_1_537' title='bbox 1400 3527 1559 3593; x_wconf 75' lang='lat' dir='ltr'>diguaeapit.</span> 
     </span>
     <span class='ocr_line' id='line_1_65' title="bbox 1030 3579 1623 3650; baseline 0.02 -20"><span class='ocrx_word' id='word_1_538' title='bbox 1030 3579 1110 3632; x_wconf 84' lang='lat' dir='ltr'>Isdem</span> <span class='ocrx_word' id='word_1_539' title='bbox 1122 3584 1270 3636; x_wconf 86' lang='lat' dir='ltr'>Rinemarus</span> <span class='ocrx_word' id='word_1_540' title='bbox 1280 3589 1376 3650; x_wconf 90' lang='lat' dir='ltr'>primus</span> <span class='ocrx_word' id='word_1_541' title='bbox 1388 3589 1433 3640; x_wconf 87' lang='lat' dir='ltr'>irae</span> <span class='ocrx_word' id='word_1_542' title='bbox 1443 3591 1500 3641; x_wconf 89' lang='lat' dir='ltr'>sede</span> <span class='ocrx_word' id='word_1_543' title='bbox 1509 3591 1623 3642; x_wconf 87' lang='lat' dir='ltr'>sacerdes</span> 
     </span>
     <span class='ocr_line' id='line_1_66' title="bbox 1064 3645 1594 3710; baseline 0.017 -17"><span class='ocrx_word' id='word_1_544' title='bbox 1064 3645 1118 3695; x_wconf 83' lang='lat' dir='ltr'>Post</span> <span class='ocrx_word' id='word_1_545' title='bbox 1129 3647 1237 3710; x_wconf 77' lang='lat' dir='ltr'>triginta,</span> <span class='ocrx_word' id='word_1_546' title='bbox 1250 3648 1303 3700; x_wconf 87' lang='lat' dir='ltr'>loce</span> <span class='ocrx_word' id='word_1_547' title='bbox 1319 3652 1429 3701; x_wconf 90' lang='lat' dir='ltr'>constitit</span> <span class='ocrx_word' id='word_1_548' title='bbox 1439 3661 1463 3702; x_wconf 90' lang='lat' dir='ltr'>ct</span> <span class='ocrx_word' id='word_1_549' title='bbox 1475 3667 1594 3704; x_wconf 88' lang='lat' dir='ltr'>numero:</span> 
     </span>
     <span class='ocr_line' id='line_1_67' title="bbox 1030 3705 1651 3767; baseline 0.019 -12"><span class='ocrx_word' id='word_1_550' title='bbox 1030 3705 1076 3766; x_wconf 85' lang='lat' dir='ltr'>Qui</span> <span class='ocrx_word' id='word_1_551' title='bbox 1085 3717 1169 3758; x_wconf 84' lang='lat' dir='ltr'>sextus</span> <span class='ocrx_word' id='word_1_552' title='bbox 1179 3711 1291 3762; x_wconf 89' lang='lat' dir='ltr'>decimus</span> <span class='ocrx_word' id='word_1_553' title='bbox 1303 3713 1350 3763; x_wconf 90' lang='lat' dir='ltr'>sub</span> <span class='ocrx_word' id='word_1_554' title='bbox 1364 3714 1410 3764; x_wconf 90' lang='lat' dir='ltr'>hac</span> <span class='ocrx_word' id='word_1_555' title='bbox 1422 3714 1536 3766; x_wconf 85' lang='lat' dir='ltr'>radiante</span> <span class='ocrx_word' id='word_1_556' title='bbox 1551 3716 1651 3767; x_wconf 87' lang='lat' dir='ltr'>lucerna</span> 
     </span>
     <span class='ocr_line' id='line_1_68' title="bbox 1063 3771 1562 3836; baseline 0.018 -17"><span class='ocrx_word' id='word_1_557' title='bbox 1063 3771 1180 3836; x_wconf 74' lang='lat' dir='ltr'>Remigio,</span> <span class='ocrx_word' id='word_1_558' title='bbox 1192 3772 1277 3823; x_wconf 91' lang='lat' dir='ltr'>Remis</span> <span class='ocrx_word' id='word_1_559' title='bbox 1292 3775 1379 3825; x_wconf 87' lang='lat' dir='ltr'>munia</span> <span class='ocrx_word' id='word_1_560' title='bbox 1395 3777 1472 3827; x_wconf 84' lang='lat' dir='ltr'>chare</span> <span class='ocrx_word' id='word_1_561' title='bbox 1485 3777 1562 3828; x_wconf 89' lang='lat' dir='ltr'>dedit.</span> 
     </span>
     <span class='ocr_line' id='line_1_69' title="bbox 1029 3831 1585 3905; baseline 0.022 -26"><span class='ocrx_word' id='word_1_562' title='bbox 1029 3831 1111 3883; x_wconf 79' lang='lat' dir='ltr'>Annis</span> <span class='ocrx_word' id='word_1_563' title='bbox 1124 3836 1243 3897; x_wconf 84' lang='lat' dir='ltr'>septenis,</span> <span class='ocrx_word' id='word_1_564' title='bbox 1258 3837 1343 3901; x_wconf 90' lang='lat' dir='ltr'>quinis</span> <span class='ocrx_word' id='word_1_565' title='bbox 1357 3853 1386 3888; x_wconf 89' lang='lat' dir='ltr'>ae</span> <span class='ocrx_word' id='word_1_566' title='bbox 1397 3840 1525 3890; x_wconf 88' lang='lat' dir='ltr'>mensibus</span> <span class='ocrx_word' id='word_1_567' title='bbox 1536 3842 1585 3905; x_wconf 75' lang='lat' dir='ltr'>egit</span> 
     </span>
     <span class='ocr_line' id='line_1_70' title="bbox 1060 3895 1601 3966; baseline 0.017 -22"><span class='ocrx_word' id='word_1_568' title='bbox 1060 3895 1167 3946; x_wconf 86' lang='lat' dir='ltr'>Pastoris</span> <span class='ocrx_word' id='word_1_569' title='bbox 1181 3912 1276 3954; x_wconf 83' lang='lat' dir='ltr'>euram.</span> <span class='ocrx_word' id='word_1_570' title='bbox 1288 3900 1341 3950; x_wconf 76' lang='lat' dir='ltr'>hac</span> <span class='ocrx_word' id='word_1_571' title='bbox 1354 3902 1484 3952; x_wconf 88' lang='lat' dir='ltr'>recolenda</span> <span class='ocrx_word' id='word_1_572' title='bbox 1499 3918 1601 3966; x_wconf 87' lang='lat' dir='ltr'>parans.</span> 
     </span>
     <span class='ocr_line' id='line_1_71' title="bbox 1027 3955 1563 4028; baseline 0.015 -20"><span class='ocrx_word' id='word_1_573' title='bbox 1027 3955 1205 4023; x_wconf 78' lang='lat' dir='ltr'>Oetingenteno</span> <span class='ocrx_word' id='word_1_574' title='bbox 1219 3961 1443 4028; x_wconf 78' lang='lat' dir='ltr'>quinquagenoque</span> <span class='ocrx_word' id='word_1_575' title='bbox 1455 3965 1563 4015; x_wconf 84' lang='lat' dir='ltr'>secundo</span> 
     </span>
     <span class='ocr_line' id='line_1_72' title="bbox 1058 4019 1608 4090; baseline 0.013 -20"><span class='ocrx_word' id='word_1_576' title='bbox 1058 4019 1111 4081; x_wconf 84' lang='lat' dir='ltr'>Quo</span> <span class='ocrx_word' id='word_1_577' title='bbox 1122 4022 1187 4074; x_wconf 86' lang='lat' dir='ltr'>Deus</span> <span class='ocrx_word' id='word_1_578' title='bbox 1197 4032 1233 4072; x_wconf 88' lang='lat' dir='ltr'>est</span> <span class='ocrx_word' id='word_1_579' title='bbox 1244 4037 1311 4074; x_wconf 86' lang='lat' dir='ltr'>anne</span> <span class='ocrx_word' id='word_1_580' title='bbox 1325 4026 1420 4090; x_wconf 75' lang='lat' dir='ltr'>virgine</span> <span class='ocrx_word' id='word_1_581' title='bbox 1432 4036 1505 4078; x_wconf 87' lang='lat' dir='ltr'>uetus</span> <span class='ocrx_word' id='word_1_582' title='bbox 1519 4029 1590 4079; x_wconf 82' lang='lat' dir='ltr'>home</span> <span class='ocrx_word' id='word_1_583' title='bbox 1602 4044 1608 4077; x_wconf 90' lang='lat'><strong>:</strong></span> 
     </span>
     <span class='ocr_line' id='line_1_73' title="bbox 1027 4080 1625 4154; baseline 0.018 -24"><span class='ocrx_word' id='word_1_584' title='bbox 1027 4080 1124 4134; x_wconf 84' lang='lat' dir='ltr'>Tertius</span> <span class='ocrx_word' id='word_1_585' title='bbox 1138 4092 1163 4135; x_wconf 88' lang='lat' dir='ltr'>et</span> <span class='ocrx_word' id='word_1_586' title='bbox 1177 4086 1281 4136; x_wconf 89' lang='lat' dir='ltr'>Karelus</span> <span class='ocrx_word' id='word_1_587' title='bbox 1293 4087 1360 4151; x_wconf 78' lang='lat' dir='ltr'>regni</span> <span class='ocrx_word' id='word_1_588' title='bbox 1375 4097 1533 4154; x_wconf 90' lang='lat' dir='ltr'>componeret</span> <span class='ocrx_word' id='word_1_589' title='bbox 1547 4100 1625 4149; x_wconf 86' lang='lat' dir='ltr'>actus,</span> 
     </span>
     <span class='ocr_line' id='line_1_74' title="bbox 1056 4145 1631 4217; baseline 0.017 -23"><span class='ocrx_word' id='word_1_590' title='bbox 1056 4145 1182 4197; x_wconf 89' lang='lat' dir='ltr'>Octimber</span> <span class='ocrx_word' id='word_1_591' title='bbox 1192 4148 1299 4211; x_wconf 85' lang='lat' dir='ltr'>primam</span> <span class='ocrx_word' id='word_1_592' title='bbox 1311 4165 1368 4200; x_wconf 87' lang='lat' dir='ltr'>enm</span> <span class='ocrx_word' id='word_1_593' title='bbox 1383 4150 1454 4202; x_wconf 89' lang='lat' dir='ltr'>daret</span> <span class='ocrx_word' id='word_1_594' title='bbox 1464 4160 1539 4217; x_wconf 85' lang='lat' dir='ltr'>atque</span> <span class='ocrx_word' id='word_1_595' title='bbox 1554 4153 1631 4214; x_wconf 85' lang='lat' dir='ltr'>diem,</span> 
     </span>
     <span class='ocr_line' id='line_1_75' title="bbox 1025 4208 1573 4286; baseline 0.018 -31"><span class='ocrx_word' id='word_1_596' title='bbox 1025 4208 1060 4256; x_wconf 80' lang='lat' dir='ltr'>Ae</span> <span class='ocrx_word' id='word_1_597' title='bbox 1076 4215 1112 4258; x_wconf 86' lang='lat' dir='ltr'>ter</span> <span class='ocrx_word' id='word_1_598' title='bbox 1122 4217 1241 4260; x_wconf 85' lang='lat' dir='ltr'>centenus</span> <span class='ocrx_word' id='word_1_599' title='bbox 1253 4219 1356 4264; x_wconf 83' lang='lat' dir='ltr'>octavus</span> <span class='ocrx_word' id='word_1_600' title='bbox 1369 4221 1479 4286; x_wconf 73' lang='lat' dir='ltr'>tangeret</span> <span class='ocrx_word' id='word_1_601' title='bbox 1491 4229 1573 4265; x_wconf 85' lang='lat' dir='ltr'>annus</span> 
     </span>
     <span class='ocr_line' id='line_1_76' title="bbox 1056 4268 1588 4342; baseline 0.017 -24"><span class='ocrx_word' id='word_1_602' title='bbox 1056 4268 1101 4320; x_wconf 83' lang='lat' dir='ltr'>tlte</span> <span class='ocrx_word' id='word_1_603' title='bbox 1109 4271 1192 4335; x_wconf 88' lang='lat' dir='ltr'>justus</span> <span class='ocrx_word' id='word_1_604' title='bbox 1201 4272 1301 4323; x_wconf 85' lang='lat' dir='ltr'>Domini</span> <span class='ocrx_word' id='word_1_605' title='bbox 1316 4289 1365 4340; x_wconf 93' lang='lat' dir='ltr'>qne</span> <span class='ocrx_word' id='word_1_606' title='bbox 1376 4283 1438 4340; x_wconf 86' lang='lat' dir='ltr'>petit</span> <span class='ocrx_word' id='word_1_607' title='bbox 1450 4284 1516 4327; x_wconf 86' lang='lat' dir='ltr'>astra</span> <span class='ocrx_word' id='word_1_608' title='bbox 1527 4279 1588 4342; x_wconf 86' lang='lat' dir='ltr'>peti.</span> 
     </span>
     <span class='ocr_line' id='line_1_77' title="bbox 1025 4331 1665 4404; baseline 0.02 -25"><span class='ocrx_word' id='word_1_609' title='bbox 1025 4331 1072 4380; x_wconf 88' lang='lat' dir='ltr'>Ter</span> <span class='ocrx_word' id='word_1_610' title='bbox 1087 4339 1187 4383; x_wconf 87' lang='lat' dir='ltr'>centum</span> <span class='ocrx_word' id='word_1_611' title='bbox 1200 4334 1306 4394; x_wconf 82' lang='lat' dir='ltr'>fuerent,</span> <span class='ocrx_word' id='word_1_612' title='bbox 1321 4344 1370 4387; x_wconf 86' lang='lat' dir='ltr'>tres</span> <span class='ocrx_word' id='word_1_613' title='bbox 1384 4346 1410 4388; x_wconf 90' lang='lat' dir='ltr'>et</span> <span class='ocrx_word' id='word_1_614' title='bbox 1423 4339 1480 4390; x_wconf 87' lang='lat' dir='ltr'>dem</span> <span class='ocrx_word' id='word_1_615' title='bbox 1495 4348 1583 4404; x_wconf 86' lang='lat' dir='ltr'>quater</span> <span class='ocrx_word' id='word_1_616' title='bbox 1594 4342 1665 4400; x_wconf 84' lang='lat' dir='ltr'>anni,</span> 
     </span>
     <span class='ocr_line' id='line_1_78' title="bbox 1055 4393 1579 4511; baseline 0.017 -67"><span class='ocrx_word' id='word_1_617' title='bbox 1055 4393 1176 4454; x_wconf 76' lang='lat' dir='ltr'>Quovitae</span> <span class='ocrx_word' id='word_1_618' title='bbox 1190 4396 1296 4448; x_wconf 81' lang='lat' dir='ltr'>Francos</span> <span class='ocrx_word' id='word_1_619' title='bbox 1307 4400 1402 4511; x_wconf 57' lang='grc' dir='ltr'>ἷιιτςίω</span> <span class='ocrx_word' id='word_1_620' title='bbox 1416 4401 1477 4451; x_wconf 81' lang='lat' dir='ltr'>lavit</span> <span class='ocrx_word' id='word_1_621' title='bbox 1486 4404 1579 4453; x_wconf 59' lang='lat' dir='ltr'>ovans.</span> 
     </span>
     <span class='ocr_line' id='line_1_79' title="bbox 1319 4463 1585 4525; baseline 0.008 -13"><span class='ocrx_word' id='word_1_622' title='bbox 1319 4463 1398 4513; x_wconf 86' lang='lat' dir='ltr'>estrin</span> <span class='ocrx_word' id='word_1_623' title='bbox 1414 4464 1472 4514; x_wconf 88' lang='lat' dir='ltr'>sede</span> <span class='ocrx_word' id='word_1_624' title='bbox 1482 4464 1585 4525; x_wconf 87' lang='lat' dir='ltr'>locetur,</span> 
     </span>
     <span class='ocr_line' id='line_1_80' title="bbox 1054 4519 1614 4580; baseline 0.014 -10"><span class='ocrx_word' id='word_1_625' title='bbox 1054 4519 1131 4580; x_wconf 86' lang='lat' dir='ltr'>Quem</span> <span class='ocrx_word' id='word_1_626' title='bbox 1147 4522 1218 4572; x_wconf 88' lang='lat' dir='ltr'>terris</span> <span class='ocrx_word' id='word_1_627' title='bbox 1228 4524 1304 4574; x_wconf 88' lang='lat' dir='ltr'>coluit</span> <span class='ocrx_word' id='word_1_628' title='bbox 1314 4539 1387 4576; x_wconf 84' lang='lat' dir='ltr'>verus</span> <span class='ocrx_word' id='word_1_629' title='bbox 1402 4535 1506 4577; x_wconf 82' lang='lat' dir='ltr'>amator.</span> <span class='ocrx_word' id='word_1_630' title='bbox 1524 4529 1614 4578; x_wconf 79' lang='lat' dir='ltr'>Amen.</span> 
     </span>
    </p>
   </div>
   <div class='ocr_carea' id='block_1_17' title="bbox 1027 4663 1802 4744">
    <p class='ocr_par' dir='ltr' id='par_1_22' title="bbox 1027 4663 1802 4744">
     <span class='ocr_line' id='line_1_81' title="bbox 1027 4663 1802 4744; baseline 0.012 -26"><span class='ocrx_word' id='word_1_631' title='bbox 1027 4663 1234 4721; x_wconf 81' lang='lat' dir='ltr'>deciditautem</span> <span class='ocrx_word' id='word_1_632' title='bbox 1247 4675 1354 4738; x_wconf 90' lang='lat' dir='ltr'>postea,</span> <span class='ocrx_word' id='word_1_633' title='bbox 1375 4675 1551 4739; x_wconf 89' lang='lat' dir='ltr'>peecatorum</span> <span class='ocrx_word' id='word_1_634' title='bbox 1567 4669 1674 4725; x_wconf 85' lang='lat' dir='ltr'>meritis</span> <span class='ocrx_word' id='word_1_635' title='bbox 1684 4672 1802 4744; x_wconf 79' lang='lat' dir='ltr'>exigen-</span> 
     </span>
    </p>
   </div>
   <div class='ocr_carea' id='block_1_18' title="bbox 134 4739 1804 4837">
    <p class='ocr_par' dir='ltr' id='par_1_23' title="bbox 134 4739 1804 4837">
     <span class='ocr_line' id='line_1_82' title="bbox 134 4739 1804 4837; baseline 0.013 -41"><span class='ocrx_word' id='word_1_636' title='bbox 134 4742 171 4795; x_wconf 83' lang='lat' dir='ltr'>De</span> <span class='ocrx_word' id='word_1_637' title='bbox 184 4740 272 4796; x_wconf 65' lang='lat' dir='ltr'>were</span> <span class='ocrx_word' id='word_1_638' title='bbox 285 4739 326 4794; x_wconf 84' lang='lat' dir='ltr'>uel</span> <span class='ocrx_word' id='word_1_639' title='bbox 343 4740 443 4794; x_wconf 83' lang='lat' dir='ltr'>iterate</span> <span class='ocrx_word' id='word_1_640' title='bbox 462 4743 651 4804; x_wconf 83' lang='lat' dir='ltr'>translatione,</span> <span class='ocrx_word' id='word_1_641' title='bbox 667 4758 714 4799; x_wconf 83' lang='lat' dir='ltr'>sec</span> <span class='ocrx_word' id='word_1_642' title='bbox 727 4744 859 4802; x_wconf 80' lang='lat' dir='ltr'>relatione</span> <span class='ocrx_word' id='word_1_643' title='bbox 874 4759 940 4800; x_wconf 89' lang='lat' dir='ltr'>eor·</span> <span class='ocrx_word' id='word_1_644' title='bbox 992 4752 1076 4815; x_wconf 82' lang='lat' dir='ltr'>tibus.</span> <span class='ocrx_word' id='word_1_645' title='bbox 1091 4763 1120 4809; x_wconf 91' lang='lat' dir='ltr'>ut</span> <span class='ocrx_word' id='word_1_646' title='bbox 1130 4754 1279 4812; x_wconf 84' lang='lat' dir='ltr'>Dominieae</span> <span class='ocrx_word' id='word_1_647' title='bbox 1295 4756 1493 4813; x_wconf 86' lang='lat' dir='ltr'>iucarnationis</span> <span class='ocrx_word' id='word_1_648' title='bbox 1507 4774 1581 4814; x_wconf 91' lang='lat' dir='ltr'>aune</span> <span class='ocrx_word' id='word_1_649' title='bbox 1604 4758 1657 4813; x_wconf 76' lang='lat'>882</span> <span class='ocrx_word' id='word_1_650' title='bbox 1672 4761 1726 4816; x_wconf 90' lang='lat' dir='ltr'>sub</span> <span class='ocrx_word' id='word_1_651' title='bbox 1739 4777 1804 4837; x_wconf 85' lang='lat' dir='ltr'>rege</span> 
     </span>
    </p>
   </div>
   <div class='ocr_carea' id='block_1_19' title="bbox 126 4826 1803 5739">
    <p class='ocr_par' dir='ltr' id='par_1_24' title="bbox 386 4826 1803 4922">
     <span class='ocr_line' id='line_1_83' title="bbox 386 4826 1803 4922; baseline 0.017 -39"><span class='ocrx_word' id='word_1_652' title='bbox 386 4830 463 4897; x_wconf 78' lang='lat' dir='ltr'>peris</span> <span class='ocrx_word' id='word_1_653' title='bbox 478 4831 580 4900; x_wconf 72' lang='lat' dir='ltr'>ejicscd</span> <span class='ocrx_word' id='word_1_654' title='bbox 589 4826 691 4889; x_wconf 77' lang='lat' dir='ltr'>urbem.</span> <span class='ocrx_word' id='word_1_655' title='bbox 991 4843 1185 4914; x_wconf 81' lang='lat' dir='ltr'>llariomenne,</span> <span class='ocrx_word' id='word_1_656' title='bbox 1201 4847 1330 4917; x_wconf 74' lang='lat' dir='ltr'>predicte</span> <span class='ocrx_word' id='word_1_657' title='bbox 1342 4847 1444 4904; x_wconf 91' lang='lat' dir='ltr'>domno</span> <span class='ocrx_word' id='word_1_658' title='bbox 1456 4847 1601 4904; x_wconf 86' lang='lat' dir='ltr'>Hinemare</span> <span class='ocrx_word' id='word_1_659' title='bbox 1612 4850 1803 4922; x_wconf 84' lang='lat' dir='ltr'>arehiepisco-</span> 
     </span>
    </p>

    <p class='ocr_par' dir='ltr' id='par_1_25' title="bbox 126 4915 1802 5739">
     <span class='ocr_line' id='line_1_84' title="bbox 170 4915 1802 5013; baseline 0.015 -41"><span class='ocrx_word' id='word_1_660' title='bbox 170 4916 254 4988; x_wconf 83' lang='lat' dir='ltr'>Rujus</span> <span class='ocrx_word' id='word_1_661' title='bbox 267 4915 420 4972; x_wconf 86' lang='lat' dir='ltr'>beatissimi</span> <span class='ocrx_word' id='word_1_662' title='bbox 444 4919 531 4976; x_wconf 88' lang='lat' dir='ltr'>Patris</span> <span class='ocrx_word' id='word_1_663' title='bbox 550 4920 635 4977; x_wconf 88' lang='lat' dir='ltr'>nostri</span> <span class='ocrx_word' id='word_1_664' title='bbox 651 4922 811 4981; x_wconf 86' lang='lat' dir='ltr'>venerabile</span> <span class='ocrx_word' id='word_1_665' title='bbox 827 4925 937 4999; x_wconf 83' lang='lat' dir='ltr'>pignus,</span> <span class='ocrx_word' id='word_1_666' title='bbox 991 4949 1027 5005; x_wconf 80' lang='grc' dir='ltr'>ρο</span> <span class='ocrx_word' id='word_1_667' title='bbox 1041 4944 1193 5009; x_wconf 66' lang='lat' dir='ltr'>satagenie,</span> <span class='ocrx_word' id='word_1_668' title='bbox 1209 4938 1405 4993; x_wconf 71' lang='lat' dir='ltr'>transferretur</span> <span class='ocrx_word' id='word_1_669' title='bbox 1427 4938 1588 4995; x_wconf 85' lang='lat' dir='ltr'>venerabile</span> <span class='ocrx_word' id='word_1_670' title='bbox 1620 4940 1724 5013; x_wconf 77' lang='lat' dir='ltr'>pignus</span> <span class='ocrx_word' id='word_1_671' title='bbox 1739 4958 1802 4999; x_wconf 91' lang='lat' dir='ltr'>eer-</span> 
     </span>
     <span class='ocr_line' id='line_1_85' title="bbox 132 5004 1801 5100; baseline 0.01 -28"><span class='ocrx_word' id='word_1_672' title='bbox 132 5004 251 5063; x_wconf 80' lang='grc'>1111111111111</span> <span class='ocrx_word' id='word_1_673' title='bbox 266 5006 428 5062; x_wconf 76' lang='grc'><strong>1111111111111</strong></span> <span class='ocrx_word' id='word_1_674' title='bbox 446 5010 680 5082; x_wconf 87' lang='lat' dir='ltr'>archiepiscopus,</span> <span class='ocrx_word' id='word_1_675' title='bbox 697 5012 788 5069; x_wconf 74' lang='grc'><strong>11111111</strong></span> <span class='ocrx_word' id='word_1_676' title='bbox 807 5015 939 5087; x_wconf 65' lang='lat' dir='ltr'>ampliata</span> <span class='ocrx_word' id='word_1_677' title='bbox 990 5024 1066 5094; x_wconf 90' lang='lat' dir='ltr'>peris</span> <span class='ocrx_word' id='word_1_678' title='bbox 1080 5026 1164 5096; x_wconf 88' lang='lat' dir='ltr'>hujus</span> <span class='ocrx_word' id='word_1_679' title='bbox 1183 5028 1362 5083; x_wconf 88' lang='lat' dir='ltr'>sacratissimi</span> <span class='ocrx_word' id='word_1_680' title='bbox 1385 5029 1471 5100; x_wconf 92' lang='lat' dir='ltr'>patris</span> <span class='ocrx_word' id='word_1_681' title='bbox 1486 5037 1514 5085; x_wconf 92' lang='lat' dir='ltr'>et</span> <span class='ocrx_word' id='word_1_682' title='bbox 1529 5030 1624 5085; x_wconf 91' lang='lat' dir='ltr'>domui</span> <span class='ocrx_word' id='word_1_683' title='bbox 1641 5032 1730 5086; x_wconf 88' lang='lat' dir='ltr'>uestri</span> <span class='ocrx_word' id='word_1_684' title='bbox 1747 5032 1801 5088; x_wconf 92' lang='lat' dir='ltr'>Re·</span> 
     </span>
     <span class='ocr_line' id='line_1_86' title="bbox 131 5098 1799 5196; baseline 0.016 -44"><span class='ocrx_word' id='word_1_685' title='bbox 131 5098 219 5170; x_wconf 87' lang='lat' dir='ltr'>ipsius</span> <span class='ocrx_word' id='word_1_686' title='bbox 235 5099 362 5166; x_wconf 89' lang='lat' dir='ltr'>ecelesia,</span> <span class='ocrx_word' id='word_1_687' title='bbox 379 5111 529 5173; x_wconf 86' lang='lat' dir='ltr'>cryptaque</span> <span class='ocrx_word' id='word_1_688' title='bbox 545 5118 630 5175; x_wconf 88' lang='lat' dir='ltr'>opera</span> <span class='ocrx_word' id='word_1_689' title='bbox 645 5104 748 5173; x_wconf 87' lang='lat' dir='ltr'>majore</span> <span class='ocrx_word' id='word_1_690' title='bbox 771 5114 855 5178; x_wconf 87' lang='lat' dir='ltr'>etque</span> <span class='ocrx_word' id='word_1_691' title='bbox 877 5107 939 5178; x_wconf 87' lang='lat' dir='ltr'>pul·</span> <span class='ocrx_word' id='word_1_692' title='bbox 990 5116 1068 5189; x_wconf 83' lang='lat' dir='ltr'>migii</span> <span class='ocrx_word' id='word_1_693' title='bbox 1083 5123 1208 5188; x_wconf 89' lang='lat' dir='ltr'>(propter</span> <span class='ocrx_word' id='word_1_694' title='bbox 1226 5119 1433 5177; x_wconf 78' lang='lat' dir='ltr'>infestationem</span> <span class='ocrx_word' id='word_1_695' title='bbox 1460 5125 1643 5196; x_wconf 80' lang='lat' dir='ltr'>paganorum)</span> <span class='ocrx_word' id='word_1_696' title='bbox 1655 5123 1691 5178; x_wconf 91' lang='lat' dir='ltr'>ad</span> <span class='ocrx_word' id='word_1_697' title='bbox 1705 5124 1799 5180; x_wconf 90' lang='lat' dir='ltr'>villam</span> 
     </span>
     <span class='ocr_line' id='line_1_87' title="bbox 130 5189 1797 5288; baseline 0.015 -45"><span class='ocrx_word' id='word_1_698' title='bbox 130 5189 238 5246; x_wconf 89' lang='lat' dir='ltr'>ebriore</span> <span class='ocrx_word' id='word_1_699' title='bbox 253 5198 415 5262; x_wconf 74' lang='lat' dir='ltr'>praeparata,</span> <span class='ocrx_word' id='word_1_700' title='bbox 430 5193 617 5263; x_wconf 85' lang='lat' dir='ltr'>praeseotibus</span> <span class='ocrx_word' id='word_1_701' title='bbox 631 5202 658 5250; x_wconf 93' lang='lat' dir='ltr'>et</span> <span class='ocrx_word' id='word_1_702' title='bbox 673 5196 863 5253; x_wconf 87' lang='lat' dir='ltr'>annitentibus</span> <span class='ocrx_word' id='word_1_703' title='bbox 876 5198 939 5268; x_wconf 87' lang='lat' dir='ltr'>epi·</span> <span class='ocrx_word' id='word_1_704' title='bbox 990 5204 1078 5276; x_wconf 91' lang='lat' dir='ltr'>ipsius</span> <span class='ocrx_word' id='word_1_705' title='bbox 1089 5205 1146 5276; x_wconf 85' lang='lat' dir='ltr'>jam</span> <span class='ocrx_word' id='word_1_706' title='bbox 1162 5224 1246 5279; x_wconf 88' lang='lat' dir='ltr'>supra</span> <span class='ocrx_word' id='word_1_707' title='bbox 1265 5216 1392 5279; x_wconf 91' lang='lat' dir='ltr'>taxatam,</span> <span class='ocrx_word' id='word_1_708' title='bbox 1411 5212 1523 5268; x_wconf 90' lang='lat' dir='ltr'>nomine</span> <span class='ocrx_word' id='word_1_709' title='bbox 1534 5213 1717 5284; x_wconf 86' lang='lat' dir='ltr'>sparnacum,</span> <span class='ocrx_word' id='word_1_710' title='bbox 1733 5214 1797 5288; x_wconf 81' lang='lat' dir='ltr'>quja</span> 
     </span>
     <span class='ocr_line' id='line_1_88' title="bbox 129 5281 1795 5376; baseline 0.015 -40"><span class='ocrx_word' id='word_1_711' title='bbox 129 5281 936 5361; x_wconf 77' lang='lat' dir='ltr'>scopisdioeeeseesliujusRemeusis,transtuiit[ou.852‚</span> <span class='ocrx_word' id='word_1_712' title='bbox 988 5297 1085 5354; x_wconf 82' lang='lat' dir='ltr'>civitas</span> <span class='ocrx_word' id='word_1_713' title='bbox 1106 5299 1255 5357; x_wconf 83' lang='lat' dir='ltr'>Remorum</span> <span class='ocrx_word' id='word_1_714' title='bbox 1283 5310 1349 5360; x_wconf 83' lang='lat' dir='ltr'>turre</span> <span class='ocrx_word' id='word_1_715' title='bbox 1376 5306 1510 5376; x_wconf 83' lang='lat' dir='ltr'>temporis</span> <span class='ocrx_word' id='word_1_716' title='bbox 1529 5320 1585 5360; x_wconf 91' lang='lat' dir='ltr'>non</span> <span class='ocrx_word' id='word_1_717' title='bbox 1615 5305 1740 5363; x_wconf 78' lang='lat' dir='ltr'>ilabebat</span> <span class='ocrx_word' id='word_1_718' title='bbox 1769 5308 1795 5361; x_wconf 91' lang='lat' dir='ltr'>in</span> 
     </span>
     <span class='ocr_line' id='line_1_89' title="bbox 129 5372 1797 5475; baseline 0.016 -47"><span class='ocrx_word' id='word_1_719' title='bbox 129 5372 244 5429; x_wconf 84' lang='lat' dir='ltr'>Kalend.</span> <span class='ocrx_word' id='word_1_720' title='bbox 265 5373 372 5444; x_wconf 77' lang='lat' dir='ltr'>octob]</span> <span class='ocrx_word' id='word_1_721' title='bbox 389 5375 601 5450; x_wconf 82' lang='lat' dir='ltr'>:integrumque</span> <span class='ocrx_word' id='word_1_722' title='bbox 626 5378 694 5434; x_wconf 89' lang='lat' dir='ltr'>illud</span> <span class='ocrx_word' id='word_1_723' title='bbox 714 5395 776 5436; x_wconf 90' lang='lat' dir='ltr'>cum</span> <span class='ocrx_word' id='word_1_724' title='bbox 803 5381 935 5452; x_wconf 89' lang='lat' dir='ltr'>brandeo,</span> <span class='ocrx_word' id='word_1_725' title='bbox 988 5389 1094 5446; x_wconf 88' lang='lat' dir='ltr'>ambitu</span> <span class='ocrx_word' id='word_1_726' title='bbox 1107 5392 1276 5449; x_wconf 87' lang='lat' dir='ltr'>suimurum.</span> <span class='ocrx_word' id='word_1_727' title='bbox 1293 5395 1499 5464; x_wconf 83' lang='lat' dir='ltr'>cujusebtentn</span> <span class='ocrx_word' id='word_1_728' title='bbox 1516 5397 1600 5452; x_wconf 90' lang='lat' dir='ltr'>tetius</span> <span class='ocrx_word' id='word_1_729' title='bbox 1615 5406 1680 5453; x_wconf 92' lang='lat' dir='ltr'>tunc</span> <span class='ocrx_word' id='word_1_730' title='bbox 1695 5398 1797 5475; x_wconf 82' lang='lat' dir='ltr'>pagiad</span> 
     </span>
     <span class='ocr_line' id='line_1_90' title="bbox 128 5466 1796 5554; baseline 0.012 -32"><span class='ocrx_word' id='word_1_731' title='bbox 128 5482 184 5539; x_wconf 92' lang='lat' dir='ltr'>que</span> <span class='ocrx_word' id='word_1_732' title='bbox 198 5466 276 5538; x_wconf 90' lang='lat' dir='ltr'>prius</span> <span class='ocrx_word' id='word_1_733' title='bbox 301 5472 440 5537; x_wconf 90' lang='lat' dir='ltr'>repertum</span> <span class='ocrx_word' id='word_1_734' title='bbox 466 5467 732 5537; x_wconf 86' lang='lat' dir='ltr'>iueratinvolutem,</span> <span class='ocrx_word' id='word_1_735' title='bbox 757 5473 786 5528; x_wconf 92' lang='lat' dir='ltr'>in</span> <span class='ocrx_word' id='word_1_736' title='bbox 805 5485 937 5548; x_wconf 81' lang='lat' dir='ltr'>argentee</span> <span class='ocrx_word' id='word_1_737' title='bbox 987 5496 1069 5551; x_wconf 90' lang='lat' dir='ltr'>quem</span> <span class='ocrx_word' id='word_1_738' title='bbox 1085 5480 1206 5537; x_wconf 87' lang='lat' dir='ltr'>delatum</span> <span class='ocrx_word' id='word_1_739' title='bbox 1225 5500 1327 5541; x_wconf 90' lang='lat' dir='ltr'>munus</span> <span class='ocrx_word' id='word_1_740' title='bbox 1355 5485 1539 5542; x_wconf 80' lang='lat' dir='ltr'>uectabatur</span> <span class='ocrx_word' id='word_1_741' title='bbox 1564 5486 1796 5554; x_wconf 88' lang='lat' dir='ltr'>amantissimum,</span> 
     </span>
     <span class='ocr_line' id='line_1_91' title="bbox 127 5557 1795 5648; baseline 0.013 -35"><span class='ocrx_word' id='word_1_742' title='bbox 127 5558 227 5615; x_wconf 86' lang='lat' dir='ltr'>locello</span> <span class='ocrx_word' id='word_1_743' title='bbox 240 5557 419 5630; x_wconf 88' lang='lat' dir='ltr'>transposuit.</span> <span class='ocrx_word' id='word_1_744' title='bbox 429 5558 575 5616; x_wconf 90' lang='lat' dir='ltr'>Sudarium</span> <span class='ocrx_word' id='word_1_745' title='bbox 583 5578 649 5619; x_wconf 86' lang='lat' dir='ltr'>vero</span> <span class='ocrx_word' id='word_1_746' title='bbox 668 5563 743 5636; x_wconf 92' lang='lat' dir='ltr'>qued</span> <span class='ocrx_word' id='word_1_747' title='bbox 755 5581 840 5638; x_wconf 88' lang='lat' dir='ltr'>super</span> <span class='ocrx_word' id='word_1_748' title='bbox 852 5579 936 5640; x_wconf 88' lang='lat' dir='ltr'>ceput</span> <span class='ocrx_word' id='word_1_749' title='bbox 986 5570 1097 5641; x_wconf 83' lang='lat' dir='ltr'>provisa</span> <span class='ocrx_word' id='word_1_750' title='bbox 1109 5571 1242 5642; x_wconf 86' lang='lat' dir='ltr'>probetur</span> <span class='ocrx_word' id='word_1_751' title='bbox 1263 5575 1372 5630; x_wconf 89' lang='lat' dir='ltr'>salusa</span> <span class='ocrx_word' id='word_1_752' title='bbox 1393 5576 1575 5647; x_wconf 88' lang='lat' dir='ltr'>persuasione</span> <span class='ocrx_word' id='word_1_753' title='bbox 1601 5576 1795 5648; x_wconf 88' lang='lat' dir='ltr'>barbarorum,</span> 
     </span>
     <span class='ocr_line' id='line_1_92' title="bbox 126 5646 1796 5739; baseline 0.014 -39"><span class='ocrx_word' id='word_1_754' title='bbox 126 5646 216 5718; x_wconf 90' lang='lat' dir='ltr'>ipsius</span> <span class='ocrx_word' id='word_1_755' title='bbox 230 5655 300 5714; x_wconf 88' lang='lat' dir='ltr'>erat,</span> <span class='ocrx_word' id='word_1_756' title='bbox 320 5664 383 5705; x_wconf 90' lang='lat' dir='ltr'>cum</span> <span class='ocrx_word' id='word_1_757' title='bbox 406 5655 483 5720; x_wconf 87' lang='lat' dir='ltr'>parte</span> <span class='ocrx_word' id='word_1_758' title='bbox 509 5650 635 5720; x_wconf 79' lang='lat' dir='ltr'>praedicti</span> <span class='ocrx_word' id='word_1_759' title='bbox 650 5652 778 5717; x_wconf 85' lang='lat' dir='ltr'>brandei,</span> <span class='ocrx_word' id='word_1_760' title='bbox 799 5655 932 5714; x_wconf 89' lang='lat' dir='ltr'>scriniolo</span> <span class='ocrx_word' id='word_1_761' title='bbox 985 5658 1027 5714; x_wconf 83' lang='lat' dir='ltr'>vel</span> <span class='ocrx_word' id='word_1_762' title='bbox 1042 5658 1154 5717; x_wconf 88' lang='lat' dir='ltr'>incursu</span> <span class='ocrx_word' id='word_1_763' title='bbox 1168 5661 1341 5733; x_wconf 85' lang='lat' dir='ltr'>praedonum.</span> <span class='ocrx_word' id='word_1_764' title='bbox 1353 5665 1418 5722; x_wconf 89' lang='lat' dir='ltr'>Post</span> <span class='ocrx_word' id='word_1_765' title='bbox 1431 5665 1569 5722; x_wconf 88' lang='lat' dir='ltr'>Rincmari</span> <span class='ocrx_word' id='word_1_766' title='bbox 1582 5664 1706 5737; x_wconf 89' lang='lat' dir='ltr'>denique</span> <span class='ocrx_word' id='word_1_767' title='bbox 1723 5682 1796 5739; x_wconf 89' lang='lat' dir='ltr'>pou·</span> 
     </span>
    </p>
   </div>
   <div class='ocr_carea' id='block_1_20' title="bbox 0 0 1924 6106">
    <p class='ocr_par' dir='ltr' id='par_1_26' title="bbox 0 0 1924 6106">
     <span class='ocr_line' id='line_1_93' title="bbox 0 0 1924 6106; baseline 0 2"><span class='ocrx_word' id='word_1_768' title='bbox 0 0 1924 6106; x_wconf 95' lang='lat' dir='ltr'> </span> 
     </span>
    </p>
   </div>
  </div>
 </body>
</html>
