3840 6106
118 261 173 318 955
799 271 933 327 technis
952 272 1011 326 xltl
1031 270 1124 325 PAPAE
1734 263 1787 319 95⁶

119 390 193 446 dicto
220 391 358 447 l'riderico
380 408 430 463 per
457 395 646 452 auctoritatem
661 399 737 454 sedis
763 402 923 472 apostolicae
935 405 962 474 Α
1011 398 1506 469 ArnaldusTridentinusepiscopus.

119 486 281 561 dignissimo
310 488 521 562 archiepiscopo
550 494 684 551 honorem
708 505 736 553 et
762 498 923 573 dignitatem
1009 494 1171 566 Teullel‘ffl
1188 492 1395 564 [vsslRUPfflUS]
1410 491 1738 561 F⁹¹¹f⁹⁰⁸i⁸⁰l³¹⁸⁰⁰p¹¹⁸·

121 578 331 655 salzburgensis
343 581 599 657 archiepiscopatus
613 588 809 648 confirmamus
822 603 849 650 et
864 611 934 652 cor-·

120 667 293 736 roboramus,
326 676 354 724 et
383 672 526 728 universos
559 675 706 733 humilitati
731 681 791 749 ejus
823 682 926 738 allube-

120 767 239 828 scentes,
269 762 470 832 benedicimus,
505 775 533 822 et
558 771 710 827 catholicos
730 776 925 845 approbamus.

122 849 199 906 Unde
219 857 348 922 rogantes
361 852 503 911 hortamur
520 858 692 914 sanctitatem
713 867 810 916 restrae
831 862 928 919 irater·

121 941 224 1006 nitatis,
253 949 280 996 et
296 941 323 997 in
345 943 399 999 hoc
426 946 569 1003 nobiscum
589 950 693 1019 pariter
719 953 886 1021 assentiatis,
901 961 928 1011 et

122 1034 187 1089 huic
201 1043 301 1092 nostrae
324 1038 481 1108 apostolicae
497 1039 632 1099 sanctiani
648 1053 766 1104 vestram
782 1046 926 1104 coufirma-

89 1126 92 1131 '
124 1123 398 1195 tionempraeBeatis.

159 1216 196 1286 (3)
215 1217 336 1273 loannes
350 1228 453 1276 sanctae
475 1223 616 1279 catholicae
644 1232 671 1281 et
685 1226 845 1297 apostolicae
875 1229 928 1285 Bo·

124 1321 212 1362 manae
224 1307 351 1364 Ecclesiae
366 1310 428 1367 huic
442 1314 575 1370 sanctioni
592 1317 673 1373 editae
688 1334 704 1373 a
717 1333 762 1373 me
773 1317 801 1372 in
817 1318 928 1390 Synodo

123 1396 196 1466 apud
213 1398 369 1454 Ravennam
384 1403 545 1477 subscripsi.

160 1488 274 1563 Signum
288 1490 392 1548 domini
407 1493 513 1550 Oltonis
522 1497 691 1555 serenissimi
709 1501 891 1575 imperatoris.

162 1579 318 1636 Bodoaldus
333 1583 488 1653 patriarcha
502 1585 685 1657 Aquileiensis
700 1591 828 1648 Ecclesiae
843 1594 927 1650 iuter-

126 1669 163 1725 lui
180 1679 207 1726 ct
219 1673 379 1743 subscripsi.

1011 586 1149 642 zenobius
1163 585 1315 641 Fesulanus
1328 585 1485 655 episcopus.

1013 677 1196 735 Gotholredus
1210 675 1346 748 Aquensis
1360 675 1518 745 episcopus.

1013 768 1093 824 llcilo
1108 766 1233 822 Astensis
1252 764 1410 836 episcopus.

1013 860 1099 916 luido
1114 857 1285 914 Glosineasis
1299 856 1457 928 episcopus.

1013 949 1176 1004 Adalbertirs
1197 945 1329 1002 Bonensis
1348 941 1549 1016 [Bononiensis]
1572 940 1735 1012 episcopus.

1014 1038 1094 1093 Wido
1107 1035 1267 1091 llutiuensis
1278 1034 1426 1105 episcopus

1012 1131 1133 1186 loannes
1150 1126 1294 1181 lmolensis
1309 1125 1468 1196 episcopus.

1015 1217 1160 1274 hetherius
1172 1213 1339 1271 Veronensis
1358 1214 1515 1285 episeopus.

1015 1310 1149 1366 Antonius
1163 1306 1319 1362 Brisnensis
1331 1305 1488 1377 episcopus.

1015 1397 1158 1454 Udalricus
1171 1393 1364 1470 Bergomensis
1377 1392 1535 1464 episcopus.

1013 1490 1134 1546 loannes
1147 1485 1327 1543 dardanensis
1344 1483 1502 1554 opiscopus,

1014 1583 1154 1655 hupaldus
1174 1578 1349 1636 Novaniensis
1360 1578 1518 1650 episcopus.

1021 1676 1113 1744 Lupus
1128 1672 1277 1744 Spoletina
1293 1670 1432 1726 Ecclesiae.

163 1759 259 1816 Petrus
300 1772 402 1819 sancte
431 1766 600 1824 Ravennatis
638 1770 764 1827 Ecclesiae
796 1775 970 1866 archiami-B
1020 1759 1489 1840 Sigiharduscnonsisepiscopus.

126 1865 237 1920 scopus.

162 1943 318 2015 Walpertus
332 1955 433 2002 sanctae
451 1948 666 2008 Mediolanensis
682 1955 812 2012 Ecelesiae
828 1958 934 2015 archie-

129 2031 268 2102 piscopos.

166 2124 331 2184 Lanniardos
349 2138 450 2188 sanctas
463 2133 613 2191 ltindensis
632 2137 760 2194 Ecclesiae
776 2141 933 2214 episcopus.

167 2219 272 2275 Otheris
286 2230 386 2278 sanctas
399 2225 536 2296 Spirensis
545 2229 672 2285 Ecclesiae
688 2233 845 2306 episcopus.

167 2307 266 2364 Wiudo
301 2319 402 2367 sanctas
435 2314 515 2370 Silvae
549 2317 677 2373 Candida>
712 2321 838 2378 Ecclesiae
877 2326 936 2397 epi·

130 2413 241 2470 scopus,
256 2407 284 2455 ct
303 2401 533 2460 bibliothecarius
547 2409 805 2477 apostolicaesedis.

166 2491 300 2548 lllartiuus
313 2497 571 2555 sanctaeSutriensis
585 2500 712 2558 Ecclesiae
725 2505 881 2577 episcopus.

168 2584 333 2642 Benedictus
347 2596 448 2644 sanctae
463 2590 621 2648 Portuensis
637 2594 765 2652 Ecclesiae
780 2599 937 2671 episcopas,

169 2679 321 2739 duorardus
335 2685 483 2756 episcopus
493 2686 673 2743 Aretiuensis.

170 2780 325 2836 sichelmus
344 2782 492 2855 episcopus
504 2785 679 2847 Florentius.

170 2870 266 2926 Petrus
282 2872 429 2944 opiscopus
443 2882 545 2931 sanctae
566 2878 752 2936 volternensis
763 2883 900 2940 Ecclesiae.

169 2960 291 3017 loannes
305 2972 407 3020 sanctae
427 2966 608 3024 Ariminensis
628 2971 754 3027 Ecclesiae
783 2975 938 3046 episcopus.

173 3052 311 3109 hubertus
335 3056 518 3130 [Adalbcrtus]
535 3067 636 3116 sanctie
662 3063 797 3119 Lunensis
815 3065 941 3122 Ecclesiae

136 3141 294 3213 episeopus.

175 3235 468 3310 honestusepiscopus
482 3247 582 3296 sanctae
598 3241 739 3299 Perusinae
755 3245 893 3302 Ecclesiae.

173 3324 269 3380 Petrus
281 3333 382 3382 sanctae
396 3327 545 3384 camerinae
559 3331 699 3387 Ecclesiae.

173 3420 266 3494 lngizo
286 3422 543 3494 episcopussanctae
556 3427 697 3484 Asisinatae
715 3429 853 3487 Ecclesia.

173 3511 226 3590 hep
241 3512 503 3584 episcopussaactae
518 3516 635 3572 Asinatae
651 3518 788 3574 Ecclesiae.

170 3599 292 3655 loannes
307 3600 454 3674 episcopus
469 3610 570 3660 sanctae
592 3604 735 3663 Callieusis
752 3608 893 3675 Ecclesiae,

174 3689 526 3748 ErlemarinsAuconitanae
548 3694 675 3750 Ecclesiae
694 3696 852 3769 episcopus.

172 3778 300 3853 Attingus
315 3779 464 3851 episcopus
478 3783 830 3841 AuiiimancnsisEcclesiae.

175 3873 342 3928 Benedictus
356 3873 516 3929 llumanatae
532 3873 661 3930 Ecclesiae
677 3876 835 3948 episcopus.

175 3966 329 4022 Eberardus
344 3963 616 4040 llsiuataelAEsinatae]
638 3968 766 4026 Ecclesiae
784 3969 941 4042 episcopus.

176 4057 341 4113 Benedictus
356 4057 373 4112 F
375 4057 485 4133 uliginae
502 4060 629 4116 Ecclesiae
643 4062 800 4134 opiscopus.

175 4150 300 4206 lulianus
316 4151 456 4207 lucerniae
476 4153 603 4209 Ecclesiae
617 4155 774 4225 episcopus.

175 4242 321 4317 Gregorius
336 4242 521 4299 comaclensis
537 4245 665 4301 Ecclesiae
679 4247 836 4320 episcopus.

176 4333 272 4390 lluodo
285 4341 387 4388 sanctae
398 4334 533 4390 Cesiuatae
547 4336 673 4392 Ecclesiae
688 4338 835 4409 episcopus

149 4428 152 4437 “
175 4427 310 4483 Arnaldas
322 4427 489 4500 Popiliensis
503 4429 649 4503 episcopus

176 4521 314 4576 hadaldus
327 4521 489 4578 Rosilieusis
504 4523 661 4595 episcopus.

176 4612 307 4669 llartinus
321 4612 507 4668 hlatuaneusis
520 4613 678 4685 episcopus.

176 4705 332 4775 Stephanus
344 4704 505 4760 Ficodensis
525 4702 682 4775 episcopus.

177 4795 298 4850 loannes
311 4793 484 4849 Bellunensis
494 4795 652 4867 episcopus.

177 4887 319 4943 Athericiis
339 4885 534 4942 Pcrulunensis
547 4887 705 4959 episcopus.

178 4980 341 5052 Bodulphus
354 4979 514 5036 vicentinus
529 4981 686 5052 episcopus.

142 5096 148 5105 ¹
177 5070 333 5127 Geihardus
347 5070 502 5126 Ferentinae
518 5071 643 5127 Ecclesiae
657 5070 814 5142 episcopus.

177 5163 273 5218 Patras
289 5162 537 5219 bletaumauceusis
549 5162 706 5234 opiscopus.

179 5251 315 5307 llubertus
328 5250 486 5307 Parmensis
496 5250 652 5322 episcopus.

178 5343 260 5398 liuizo
277 5343 480 5401 Cremonensis.

178 5435 357 5491 Ermeueldus
367 5436 551 5511 Regiouensis
565 5435 723 5507 episcopus.

178 5529 334 5586 GorBoldus
345 5530 506 5587 Poloneusis
521 5531 679 5602 episcopus.

180 5622 327 5679 Gauslinus
344 5622 503 5680 Patavensis
522 5623 681 5696 episcopus.

183 5752 216 5820 (3)
229 5753 446 5812 lleudosissimae
460 5755 687 5828 subscriptiones.

1020 1859 1182 1916 Rihelardus
1192 1855 1323 1912 Fanensis
1334 1853 1461 1909 Ecclesiae
1473 1852 1562 1922 episc.
1578 1848 1740 1918 subscripsi.

1019 1955 1133 2010 Auctum
1160 1952 1295 2007 Ravennae
1311 1965 1346 2002 vii
1374 1946 1431 2001 llal.
1446 1944 1519 2012 llaii,
1537 1959 1587 2014 por
1599 1958 1717 1997 manum
1735 1941 1789 1994 Ste-

985 2044 1068 2118 phani
1082 2040 1218 2098 scriniarii
1233 2043 1334 2093 sanctae
1349 2035 1480 2092 Romanae
1496 2030 1640 2093 Ecclesiae,
1656 2030 1685 2084 iu
1701 2043 1790 2084 mense

986 2135 1081 2208 Aprili,
1097 2145 1125 2190 et
1150 2131 1301 2188 indictione
1315 2127 1424 2185 decima
1449 2122 1648 2196 inpraesentia
1674 2121 1790 2176 omnium

987 2236 1143 2287 sanctorum
1159 2224 1366 2296 episcoporum.
1381 2307 1402 2361 v

1369 2308 1379 2362 l
1409 2351 1411 2356 .

1057 2424 1168 2466 tohuuts
1187 2421 1261 2461 PAPAE
1276 2419 1323 2457 stit
1337 2412 1509 2455 ehtvtsteniutt
1528 2409 1581 2450 utto
1601 2406 1728 2447 accussth

1304 2484 1484 2527 subuenisset.

1304 2567 1390 2632 (Anno
1404 2561 1480 2629 set.)

1081 2666 1168 2740 [Apud
1188 2662 1284 2729 Menai,
1304 2657 1404 2716 concil.
1423 2645 1710 2751 iom.·x1x,pag.i.]

1025 2766 1054 2820 ln
1065 2759 1178 2817 nomine
1191 2749 1311 2815 homini,
1325 2748 1446 2803 loannes
1461 2754 1623 2813 episcopus,
1636 2751 1730 2792 servus
1739 2749 1793 2788 ser-

989 2872 1086 2917 uorum
1114 2849 1172 2916 Bai,
1192 2842 1321 2902 omnibus
1342 2836 1390 2893 Dei
1409 2845 1438 2890 et
1463 2839 1566 2888 sanctie
1586 2827 1717 2885 Ecclesiae
1735 2823 1794 2878 lide·

992 2954 1227 3097 ΙΙΙ)[ῑ)1ἓιιιιιιιίιιιιιιιε
1248 3024 1410 3080 mandamus
1429 3015 1549 3089 qualiter
1571 3018 1638 3084 post
1654 3010 1754 3080 justam
1767 3021 1796 3060 ac

970 3098 978 3119 Ὶ

955 3102 979 3165 (’
992 3130 1109 3207 legalem
1124 3121 1289 3179 electionem
1316 3118 1344 3168 et
1357 3104 1597 3166 consecrationem
1618 3097 1727 3155 hlartini
1745 3094 1797 3164 epi-

992 3219 1070 3290 scopi
1104 3204 1298 3271 Fermriensis,
1320 3202 1348 3256 in
1374 3202 1469 3253 sancta
1494 3193 1621 3247 Romana
1647 3183 1799 3288 ccclesiae

994 3311 1075 3369 nobis
1103 3305 1214 3366 factam,
1235 3293 1392 3352 incivitate
1420 3288 1558 3342 Ravennae
1588 3293 1718 3379 venimus
1744 3289 1798 3328 cum

995 3403 1053 3474 ipso
1078 3389 1235 3453 venerando
1262 3382 1377 3440 hlartiuo
1407 3376 1549 3448 episcopo,
1570 3369 1693 3469 ahisque
1712 3378 1797 3461 qnam:

995 3470 1120 3565 pluribus
1148 3484 1184 3539 dc
1209 3484 1303 3535 nostra
1324 3471 1393 3529 urhe
1419 3462 1560 3526 Romanis,
1582 3470 1612 3514 et
1634 3475 1664 3512 ιιι
1680 3452 1794 3530 gericmh

995 3586 1095 3662 placito
1111 3597 1172 3638 cum
1189 3577 1291 3632 domno
1306 3569 1404 3624 Ottone
1418 3563 1587 3632 imperatore
1602 3553 1729 3651 diuersas
1744 3563 1797 3604 caii·

995 3697 1050 3748 sas,
1063 3678 1127 3733 lites
1141 3665 1330 3741 inspiciendas
1345 3667 1372 3714 ct
1391 3646 1600 3749 deliberandas,
1614 3653 1643 3701 et
1662 3643 1795 3698 nobiscum

994 3783 1050 3830 tum
1085 3759 1266 3823 residentium
1294 3763 1404 3824 quoquc
1445 3746 1604 3836 astantium·
1640 3730 1794 3806 populomn

994 3834 1143 3918 multitudo
1162 3848 1337 3909 clericorum,
1352 3845 1380 3894 et
1395 3834 1540 3895 laicorum,
1557 3821 1796 3926 episcoporum,ct

994 3951 1126 4009 ahbatum
1136 3943 1172 3998 de
1180 3931 1391 4013 quamplurian
1403 3919 1566 3998 regionibus
1579 3913 1653 3969 infra
1664 3910 1793 4014 Basilicam

994 4042 1068 4099 beati
1080 4031 1245 4110 Apollinaris
1269 4026 1450 4082 convocatum
1465 4025 1554 4109 novus
1580 4011 1790 4106 cccurrrtserno

995 4125 1119 4205 predicti
1144 4119 1251 4177 hlartini
1270 4108 1394 4185 episcopi
1423 4105 1622 4161 Ferrarrensis,
1642 4090 1788 4163 supplicans

995 4230 1023 4278 ct
1048 4225 1174 4293 petensa
1196 4207 1278 4264 nobis
1290 4209 1322 4260 ut
1342 4196 1436 4256 omnia
1458 4205 1520 4264 quae
1544 4190 1673 4292 assueta
1686 4180 1790 4279 Romana

994 4310 1144 4374 universali
1157 4302 1278 4362 Ecclesia
1291 4312 1341 4370 per
1351 4304 1451 4366 papam
1461 4281 1655 4345 Vitellianum,
1667 4283 1703 4379 ‚ct
1712 4272 1790 4368 Adria·

995 4424 1073 4473 num,
1087 4410 1115 4459 at
1141 4400 1263 4454 Leonem
1281 4392 1384 4446 sanctae
1408 4383 1536 4437 Romanae
1568 4368 1699 4426 Ecclesia
1716 4366 1788 4467 panti·

996 4503 1062 4560 lices
1071 4503 1261 4554 antecessores
1273 4488 1382 4540 nostros
1396 4476 1426 4530 in
1440 4480 1569 4571 tempore
1583 4464 1756 4569 Boustautiun
1766 4457 1788 4504 et

997 4592 1086 4652 Caroli
1113 4581 1298 4658 imperatoris,
1315 4590 1364 4648 per
1387 4569 1500 4638 antiqua
1528 4559 1676 4634 privilegia
1702 4550 1789 4607 ineunt

997 4687 1105 4759 largite,
1125 4678 1225 4736 tradita
1254 4678 1281 4729 et
1302 4664 1479 4746 conlirmata3
1496 4656 1533 4710 ita
1559 4660 1587 4707 et
1613 4663 1668 4748 nos
1687 4659 1735 4741 per¹
1747 4640 1790 4738 hoa

998 4784 1122 4835 nostrum
1148 4764 1375 4825 confirmaremus
1395 4752 1580 4843 praeceptum;
1601 4752 1683 4837 cuius
1700 4730 1790 4833 scilicet

999 4867 1140 4943 precibus,
1169 4865 1198 4914 et
1217 4848 1408 4928 petitionibus,
1435 4845 1464 4895 et
1484 4847 1609 4892 omnium
1639 4833 1790 4927 principun,

999 4962 1192 5035 episcoporum
1216 4956 1244 5004 et
1258 4943 1402 5003 abbatum,
1429 4931 1603 4996 aliorumque
1627 4918 1790 5021 clericorum.

998 5066 1025 5112 et
1040 5052 1171 5107 laicorum
1187 5034 1322 5099 inclinati,
1341 5042 1391 5102 pro
1406 5023 1452 5080 llei
1467 5020 1570 5119 timore
1580 5018 1608 5068 et
1630 5010 1705 5111 illins
1724 5014 1793 5059 sene·

999 5145 1092 5205 rabilis
1111 5136 1201 5195 fratris
1217 5128 1303 5188 iiostri
1323 5113 1584 5196 praesumptarum,
1599 5109 1765 5201 omniaque
1780 5105 1793 5142 s

999 5235 1101 5296 sanctis
1115 5227 1216 5287 nostris
1229 5210 1468 5305 antecessoribus,
1486 5204 1618 5258 Romanae
1642 5192 1717 5249 sedis
1734 5199 1793 5327 po:-

1001 5325 1131 5388 tilicibus,
1148 5333 1197 5391 per
1219 5310 1330 5381 antiqua
1347 5299 1489 5375 privilegia
1513 5304 1565 5361 per
1580 5286 1758 5378 Ursonem'Ju
1775 5288 1794 5325 ι·

1001 5437 1061 5477 cem
1101 5408 1302 5469 Ferrarlensem
1329 5393 1454 5469 perlecta
1483 5384 1585 5483 sanetae
1603 5470 1609 5481 Ι
1627 5374 1795 5429 Ferraneosts

1002 5513 1126 5575 ecclesian
1138 5504 1213 5562 beati
1229 5492 1350 5568 Georgii,
1366 5496 1490 5556 tempore
1502 5475 1624 5578 hiertam,
1640 5474 1670 5567 et
1684 5462 1795 5599 ‘Andrg'ati

1002 5617 1030 5667 ct
1053 5608 1174 5664 loannes
1188 5592 1422 5669 predecessorum
1440 5568 1565 5648 predicti
1583 5559 1693 5617 Earum
1710 5557 1748 5606 tra
1766 5561 1773 5597 ι
