3840 6106
64 281 119 340 125
389 279 554 337 ulsinum
571 279 738 338 ECCLESIAE
757 281 921 339 asnensis
940 283 1030 340 ttoni
1049 282 1212 349 oostoon.
1226 314 1262 324 -
1280 281 1344 338 tto.
1364 283 1399 338 ll.
1679 283 1730 340 iffi
1769 354 1771 359 .

60 409 138 466 ditiis
163 409 234 472 suis,
261 409 394 482 omnique
419 409 588 484 integritate.
612 411 647 464 ad
672 409 813 466 basilicam
825 411 1005 488 rclActiam
1018 419 1163 485 postquam
1173 411 1484 483 praesulordinatusest,
1501 413 1580 484 plura
1590 412 1731 468 invenitur

60 501 259 557 monasterium
276 501 364 556 sancti
372 500 501 576 Remigii,
516 500 564 555 ubi
580 503 749 571 sepulturam
758 517 871 574 quoque
922 502 1047 560 ecclesiae
1054 500 1238 572 conquisisse,
1255 507 1282 555 et
1296 516 1340 556 res
1352 508 1379 556 et
1393 501 1519 568 colonos,
1532 509 1587 556 tam
1598 503 1672 574 apud
1685 518 1731 558 re·

61 594 165 650 babere
181 591 363 668 dignoscitur.
376 591 461 661 Cujus
471 608 619 667 germanus
626 593 741 649 llarolus
755 593 873 665 impera·
922 596 996 672 giam
1011 595 1182 664 majestatem
1198 609 1280 666 quam
1296 594 1369 664 apud
1388 594 1503 650 colonos
1514 601 1542 649 et
1554 593 1729 665 judicespn·

60 692 102 739 tor
116 698 237 756 magnus
251 683 317 738 huic
332 681 443 753 presuli
451 681 559 754 Tilpino
575 683 689 754 pallium
706 700 755 754 per
768 684 874 760 legatos
922 685 1020 752 blicos,
1036 700 1088 740 nec
1102 682 1194 740 solum
1221 697 1272 754 per
1285 688 1412 737 auctores
1427 682 1561 748 ecclesiae,
1583 682 1730 737 sedetiam

61 783 88 830 ct
100 775 209 830 litteras
231 789 296 828 suas
321 772 442 829 obtinuit
468 773 502 829 ab
518 773 638 829 Adriano
654 791 736 847 papa,
764 775 873 832 sicutin
922 776 1103 850 quandoper
1128 773 1170 828 sui
1195 770 1382 844 praesentiam.
1405 770 1454 825 t'ui
1483 771 1562 825 valde
1575 769 1729 827 credidisse

60 865 187 934 eiusdem
213 880 291 936 papae
315 864 417 920 litteris
436 864 470 919 ad
501 864 591 936 ipsum
613 881 706 937 regem
722 881 808 937 super
822 868 874 923 hac
922 872 1035 929 Carolus
1055 871 1204 941 imperator
1231 881 1348 939 magnus
1375 880 1408 919 ex
1428 880 1461 920 εο
1491 864 1634 935 probatur,
1654 863 1729 936 quod

56 957 148 1028 ipsius
177 956 312 1028 petitione
340 956 464 1024 directis,
493 956 660 1013 continetur.
690 958 874 1016 immunitatis
923 962 1044 1017 illustres
1062 960 1201 1014 Saxonum
1223 954 1337 1012 obsides
1352 953 1512 1026 quindecim
1532 967 1602 1023 quos
1616 952 1731 1008 adduxit

58 1062 174 1118 qnoque
189 1052 359 1118 praeceptum
371 1045 406 1101 ab
422 1047 475 1102 boc
488 1046 571 1102 etiarn
588 1063 663 1122 rege,
675 1048 755 1118 juxta
769 1064 874 1120 praece·
923 1055 958 1109 de
972 1051 1101 1114 Saxonia,
1117 1049 1203 1121 ipsius
1213 1046 1279 1103 fidei
1294 1045 1494 1103 custodiendos
1509 1044 1657 1100 commisit.

56 1134 186 1190 dentium
206 1133 378 1206 exemplaria
394 1149 501 1208 regum,
517 1135 648 1192 Remensi
660 1136 787 1192 eeclesiae
799 1136 872 1193 idem
959 1141 1008 1197 llic
1019 1139 1155 1211 synodum
1171 1136 1312 1193 invenitur
1322 1136 1454 1191 hahuisse
1468 1149 1542 1190 anno
1557 1134 1592 1188 ab
1605 1133 1732 1189 incarna-

58 1226 158 1297 nraesul
176 1225 334 1297 impetrarit
349 1225 444 1292 ntem,
475 1225 550 1281 atina
566 1234 734 1299 preceptum
752 1227 873 1284 demili·
923 1233 999 1290 tione
1012 1231 1120 1288 nomini
1136 1232 1223 1287 nostri
1238 1233 1304 1287 teau
1316 1228 1417 1286 christi
1432 1229 1486 1283 stt
1499 1227 1527 1282 in
1545 1226 1663 1283 ecclesia
1676 1226 1733 1282 tto-

59 1316 137 1372 tibus
165 1316 229 1387 pagi
256 1315 451 1380 Tardonensis,
475 1317 553 1385 juxta
575 1317 732 1373 cessionem
746 1319 870 1394 germani
922 1324 1216 1398 viamensi,regnante
1237 1321 1375 1378 ludovico
1392 1319 1448 1374 lilio
1465 1317 1733 1391 Rarolicongrega·

58 1408 103 1464 sui
117 1407 293 1463 liarlomanni
310 1408 384 1480 regis
400 1425 408 1473 ;
425 1407 501 1475 item,
513 1409 548 1464 de
557 1408 660 1465 chartis
670 1411 870 1477 concrematis;
922 1413 959 1469 tis
977 1428 1072 1469 secum
1095 1411 1271 1483 coepiscopis
1299 1410 1357 1465 suis
1378 1407 1537 1471 llildoardo,
1564 1405 1731 1471 Ermenonc,

58 1501 137 1564 item,
154 1501 190 1556 de
212 1498 422 1556 confirmatione
448 1500 606 1557 traditionis
627 1500 732 1572 praelati
747 1502 871 1574 germani
920 1504 1008 1569 lesse,
1024 1500 1222 1577 dagumberto,
1250 1498 1421 1563 Grimboldo,
1443 1494 1593 1561 Rotbardo,
1607 1492 1733 1550 Wendil-
1772 1537 1778 1546 .

58 1592 101 1647 sui
119 1591 203 1665 regis,
219 1607 275 1663 qua
289 1591 480 1660 Novilliacum,
495 1592 693 1649 etRebriacum
709 1593 787 1649 villas
798 1594 871 1650 idem
922 1604 1009 1657 muru,
1025 1590 1178 1654 Ostroaldo,
1190 1596 1218 1644 et
1230 1587 1438 1659 chorepiscopis
1453 1584 1597 1650 Waltario,
1613 1583 1730 1653 Spemo,

60 1701 109 1740 rex
123 1684 159 1738 ad
174 1682 315 1739 basilicam
325 1685 412 1740 sancti
430 1685 547 1760 Remigii
562 1685 740 1741 condonavit.
754 1685 872 1742 Praeter·
922 1698 1031 1740 necnon
1044 1691 1072 1738 et
1086 1680 1234 1737 abhatibus
1260 1678 1427 1744 adalbardo,
1444 1675 1586 1743 Nantario,
1601 1674 1729 1736 Fulrado.

58 1789 92 1828 ea
108 1773 189 1828 multi
204 1772 259 1827 sub
273 1773 356 1842 huius
371 1772 495 1843 praesulis
508 1773 672 1846 episcopatu
693 1791 738 1830 rea
756 1791 821 1831 suas
836 1776 870 1831 ad
886 1741 1031 1838 BEricho,
1054 1770 1201 1837 llilderico,
1217 1768 1353 1842 Remigio,
1370 1765 1495 1830 Ebboue,
1511 1764 1653 1837 Sigbaldo,
1667 1778 1729 1819 cum

57 1861 208 1917 ecclesiam
240 1862 414 1924 Remensem,
446 1870 500 1916 tam
531 1870 635 1917 sanctae
665 1862 764 1928 llariae,
790 1878 873 1934 quam
922 1860 1122 1927 caeteroclero,
1139 1851 1731 1930 presbyterisctdiaconibns;convocatis

56 1961 154 2008 sancto
170 1952 307 2028 Remigio,
328 1953 516 2008 contulerunt.
542 1952 592 2018 uui
607 1953 707 2024 praesul
723 1954 874 2010 defunctus
922 1953 1005 2008 etiam
1036 1950 1185 2008 comitibus
1210 1947 1382 2015 llunthardo,
1413 1945 1549 2009 Rotlndo,
1565 1943 1729 2010 Gislcbcrto,

57 2054 101 2100 est
115 2060 191 2100 anno
206 2044 249 2099 sni
263 2044 440 2116 episcopatus
451 2045 485 2099 ll
503 2063 510 2110 ;
526 2045 606 2114 cujus
622 2061 725 2118 corpus
740 2047 774 2101 ad
787 2046 875 2119 pedes
923 2045 1034 2101 Otnero.
1052 2045 1098 2098 Ris
1121 2041 1251 2100 omnibus
1272 2038 1470 2106 residentibus,
1481 2036 1622 2092 sententia
1636 2034 1730 2092 venti·

57 2137 149 2193 sancti
162 2137 279 2212 Remigii
307 2136 481 2203 tumulatum,
512 2138 671 2206 hujusmodi
684 2138 808 2194 cernitur
824 2138 874 2193 ha·
924 2139 978 2193 lata
995 2144 1037 2193 est
1050 2137 1123 2192 inter
1133 2134 1351 2190 Weudilmarum
1365 2139 1393 2187 et
1404 2131 1571 2186 Rothardum
1584 2128 1732 2200 episcopos

923 2227 958 2281 de
974 2225 1101 2281 terminis
1128 2222 1322 2295 parochiarum
1342 2235 1463 2284 suarum,
1478 2228 1505 2273 et
1521 2217 1685 2289 requisitum
1700 2232 1733 2272 ac

924 2317 1068 2373 delinitum
1082 2325 1134 2383 est,
1149 2315 1224 2387 quod
1258 2314 1315 2368 haec
1330 2313 1390 2367 loca
1405 2321 1479 2366 trans
1506 2309 1618 2364 lluvium
1631 2310 1732 2363 isaram

925 2407 954 2461 in
968 2402 1224 2479 pagoNoviomensi
1239 2401 1378 2473 pertinere
1387 2398 1564 2455 debereutad
1574 2396 1731 2469 parochiam

925 2497 1048 2554 ecclesiae
1062 2493 1265 2560 bonomensis,
1286 2492 1314 2547 id
1330 2501 1381 2560 est,
1402 2491 1519 2558 varinae,
1535 2489 1730 2560 Urbscampus,

924 2590 1084 2660 Trapiacus,
1099 2587 1264 2652 Jerusalem,
1279 2583 1523 2645 harbaudianisva,
1540 2581 1597 2637 sire
1615 2580 1733 2636 ecclesia

924 2682 1013 2737 sancti
1028 2678 1201 2754 leodegarii,
1211 2693 1273 2733 cum
1290 2675 1405 2747 reliquis
1419 2674 1491 2728 villis
1508 2673 1543 2728 ad
1560 2673 1612 2727 has
1636 2672 1730 2728 eccle-

925 2774 981 2829 sias
1002 2769 1245 2828 convenientibus.
1263 2769 1368 2824 Caetera
1386 2781 1452 2822 vero
1467 2766 1528 2822 loca
1542 2774 1618 2821 trans
1631 2779 1732 2836 supra-

922 2865 1025 2921 dictum
1040 2863 1165 2928 fluvium,
1181 2862 1208 2917 in
1225 2860 1357 2933 praedicto
1384 2874 1466 2931 pago,
1483 2857 1576 2913 omnia
1590 2857 1732 2927 pertinere

923 2957 1059 3012 deberent
1073 2957 1108 3011 ad
1133 2954 1293 3026 parochiam
1320 2951 1444 3008 ecclesiae
1461 2949 1654 3006 Suessionicae.
1671 2949 1732 3004 llaec

61 2225 129 2282 bere
144 2225 254 2281 titulum

90 2318 144 2367 Rae
157 2317 288 2382 requiescit
298 2316 373 2366 homo
387 2317 503 2381 Tilpinus
535 2317 606 2367 rasni
623 2318 732 2376 honoris,

124 2381 215 2430 Vivere
226 2379 270 2443 qni
283 2379 396 2429 Christus
403 2380 456 2429 sita
469 2387 494 2429 et
502 2331 572 2430 ossirc
582 2380 638 2429 luit.

92 2442 167 2492 Hunc
178 2443 247 2492 Remi
261 2442 354 2505 populo
366 2450 460 2513 martyr
471 2441 603 2506 Dionysius
614 2442 695 2492 almus

123 2504 250 2554 Pastorem
265 2503 364 2567 vigilem
378 2504 454 2561 misit,
466 2511 490 2553 ct
501 2519 553 2553 esse
564 2504 670 2554 Patrem.

89 2567 172 2627 Quem
190 2580 293 2630 pascens
302 2566 469 2630 quadragenis
485 2566 642 2629 estamplius
654 2566 736 2623 annis,

124 2630 213 2679 Vestes
221 2628 354 2678 senectutis
364 2628 517 2691 despoliatus
533 2629 594 2684 abit,

89 2691 199 2752 Quartae
209 2705 265 2740 cum
279 2691 362 2739 Nonas
374 2690 467 2739 mensis
477 2691 507 2741 Se
528 2691 622 2740 temher
640 2689 749 2748 haberet,

121 2754 221 2803 hlortna
231 2753 333 2818 quando
346 2753 393 2802 init
410 2768 477 2802 mors
488 2705 536 2802 sigi
549 2754 601 2802 vita
615 2761 707 2801 manet.

90 2815 122 2866 Bt
169 2816 420 2880 onhmhmusmmm
443 2815 870 2879 mamsmn'mumatflhmmu

145 2879 186 2929 uic
198 2878 257 2928 fecit
266 2877 550 2943 tumulum,composuit
563 2877 609 2927 titu
622 2892 673 2927 um.

368 2956 561 3012 cleotxvttt

310 3052 347 3104 De
363 3049 488 3116 vulfario
498 3051 620 3119 episcopo

924 3045 1137 3122 diligentissime
1150 3043 1314 3117 investigata
1324 3048 1527 3098 consenserunt
1537 3055 1620 3110 supra
1635 3036 1731 3109 scripti

93 3140 238 3212 Tilpinum
266 3140 393 3212 sequitur
421 3138 567 3205 lulianus,
592 3139 685 3211 quiab
707 3113 1104 3211 imperatoreCepiscopi,et
1131 3131 1333 3204 chorepiscopi,
1366 3128 1491 3196 abbates,
1519 3126 1674 3199 presbyteri
1704 3133 1732 3183 et

64 3229 177 3300 praelato
204 3243 304 3303 magno
334 3227 430 3283 llarolo
451 3227 552 3283 missus
580 3227 782 3284 dominicusad
799 3235 872 3284 recta

61 3321 166 3391 indicia
181 3319 394 3375 determinanda
402 3318 492 3376 iuerat
501 3320 873 3390 anteepiscopatumconsti·

62 3421 134 3471 tutus
149 3429 239 3484 super
254 3419 338 3468 totam
367 3411 543 3483 Campaniam
562 3430 568 3466 τ
584 3413 612 3467 in
628 3413 671 3467 his
692 3427 803 3484 quoqne
817 3428 870 3483 pa·

61 3507 109 3580 gis,
126 3505 297 3561 [rotonense
316 3503 432 3571 scilicet,
453 3504 598 3576 Vangense
615 3501 795 3560 castricense.
808 3504 871 3558 Sta·

63 3599 199 3665 lenense,
215 3597 425 3664 Catalaunense,
442 3595 571 3653 0tmense
589 3596 786 3670 [clOrmense],
798 3597 873 3654 Lau·

63 3685 201 3750 dunense,
216 3685 354 3743 vadense.
375 3685 504 3742 Portiano
527 3686 722 3750 Tardnncnse‚
738 3686 870 3743 Suessio-

64 3790 159 3840 aense,
180 3773 254 3829 sicut
269 3779 296 3828 et
312 3773 360 3828 alii
380 3774 492 3846 quidam
514 3775 665 3845 sapientes,
691 3781 718 3829 et
733 3774 818 3829 Reum
835 3775 871 3829 ti·

65 3877 170 3922 nentes
185 3864 363 3921 habebantur
388 3866 504 3922 abbates
525 3881 698 3936 peromnem
715 3866 829 3921 Galliam
844 3875 872 3922 et

922 3224 1041 3292 diaconi,
1064 3231 1092 3278 et
1113 3237 1176 3293 pars
1202 3220 1326 3277 ecclesia
1348 3216 1550 3282 Noviomensis,
1580 3215 1673 3272 clerici
1704 3222 1732 3271 et

921 3314 1002 3378 laici;
1024 3320 1052 3367 et
1065 3327 1130 3383 pars
1147 3309 1271 3365 eeclesiae
1286 3307 1469 3372 suessonicae,
1481 3305 1610 3361 similiter
1625 3304 1730 3372 clerici,

921 3414 950 3462 ct
963 3405 1041 3473 laici,
1053 3414 1081 3461 ct
1093 3420 1148 3460 uno
1164 3403 1256 3458 animo
1275 3416 1388 3472 unoque
1402 3414 1541 3455 consensu
1565 3397 1732 3455 confirmare

921 3495 1112 3552 decreverunt.
1126 3493 1181 3548 Nec
1190 3507 1247 3547 suoe
1260 3497 1368 3547 tantum
1383 3488 1547 3553 diaeceseos,
1564 3487 1730 3559 quinetiam

920 3586 1072 3643 Trevericae
1105 3584 1172 3640 urbs
1193 3583 1434 3654 archiepiscopum
1462 3579 1640 3647 amalarium,
1668 3595 1731 3635 cum

921 3684 1064 3740 hdalmaro
1078 3683 1167 3754 ipsius
1195 3680 1373 3752 coepiscopo,
1389 3686 1417 3733 et
1433 3676 1591 3744 llerilando,
1606 3677 1731 3746 jussione

921 3777 1096 3851 imperatoris
1106 3775 1198 3849 magni
1220 3773 1320 3838 Karoli,
1336 3771 1370 3825 ab
1386 3769 1485 3825 eodem
1500 3768 1606 3823 scilicet
1620 3770 1730 3824 llultla-

922 3873 964 3927 rio
977 3868 1190 3939 metropolitano
1204 3871 1383 3921 convocatum
1398 3861 1432 3914 ad
1447 3859 1654 3915 ordinationem
1670 3861 1732 3930 epi-

66 3957 269 4015 dermaniama
283 3956 396 4029 praelato
411 3957 577 4029 imperatore
592 3957 724 4029 delegati,
737 3972 793 4029 quo
807 3956 873 4012 dili·
922 3958 1063 4031 scopalem
1082 3956 1227 4029 cujusdam
1243 3951 1394 4018 Frotbarii,
1419 3948 1538 4021 praelatae
1553 3948 1733 4006 Treverensis

66 4055 164 4124 gentm
180 4045 365 4117 inquirerent,
381 4046 501 4118 qualiter
515 4046 640 4118 episcopi
652 4044 778 4112 abbates,
787 4046 875 4102 comi·
924 4049 1048 4106 ecclesiae
1063 4045 1229 4120 presbyteri,
1245 4045 1337 4101 eidem
1351 4044 1476 4118 paruisse
1491 4041 1654 4113 reperimus.
1675 4039 1732 4096 Hoc

67 4147 106 4191 tes
119 4146 147 4191 et
159 4134 309 4189 abbatissae
324 4149 373 4206 per
392 4135 518 4208 singulos
530 4151 615 4208 pagos
627 4142 752 4211 agerent,
763 4134 874 4207 qualem
928 4140 1011 4196 etiam
1030 4137 1152 4195 vullario
1171 4138 1288 4209 praesule
1301 4136 1458 4203 ordinante,
1469 4138 1666 4209 congregatum
1682 4147 1730 4186 re·

67 4226 245 4284 concordiam
259 4234 287 4282 et
302 4226 452 4282 amicitiam
467 4225 501 4281 ad
517 4227 635 4282 invicem
651 4233 788 4290 tenerent,
805 4232 833 4282 et
847 4234 877 4283 ut
927 4232 1034 4304 peritur
1048 4231 1140 4289 Remis
1166 4231 1201 4286 ab
1217 4230 1384 4302 imperatore
1400 4227 1498 4284 llarolo
1520 4226 1617 4300 ldagno
1633 4223 1730 4279 conci·

67 4317 154 4375 bonos
164 4327 195 4373 et
204 4318 322 4374 idoneos
334 4318 513 4375 vicedomnos
521 4327 549 4374 et
559 4318 708 4374 advocatos
728 4317 873 4382 haberent,
926 4324 993 4379 lium
1011 4321 1194 4394 plurimorum
1210 4319 1330 4387 Petrum,
1348 4319 1377 4373 in
1392 4332 1448 4390 quo
1463 4316 1613 4373 constituta
1627 4314 1672 4380 ts,
1687 4313 1730 4368 lc-

67 4420 91 4469 ct
106 4414 296 4484 undecunque
324 4427 439 4469 necesse
471 4412 578 4480 luisset,
599 4421 652 4470 tam
675 4413 775 4486 regias,
791 4430 873 4486 quarn
924 4423 1026 4489 guntur
1038 4412 1209 4486 capitulam
1224 4410 1327 4484 quibus
1340 4411 1375 4465 de
1393 4408 1457 4464 fidei
1471 4406 1578 4463 ratione
1591 4403 1732 4476 atquellei

68 4501 247 4558 ecclesiarum
273 4500 319 4556 llei
349 4501 482 4570 iustitias,
521 4501 667 4557 viduarum
699 4517 810 4574 quoque
848 4485 1053 4563 etDEcclesiae
1068 4506 1184 4570 honore,
1194 4511 1388 4575 rectorumque
1399 4500 1486 4573 ipsius
1497 4516 1529 4555 ac
1541 4497 1730 4554 ministrorum

69 4591 265 4661 orphanorum,
279 4590 328 4644 aed
346 4597 374 4646 ct
398 4599 561 4646 caeterorum
584 4589 728 4646 hominurn
744 4589 873 4661 inquire·
924 4594 1119 4666 dispositione,
1136 4592 1264 4666 regisque
1288 4590 1434 4657 fidelitate,
1461 4595 1542 4661 atque
1556 4584 1731 4659 totiusregni

70 4687 136 4745 rent,
162 4685 192 4734 et
217 4677 393 4749 perlicerent,
418 4686 445 4734 et
460 4679 645 4752 quodcunque
669 4679 874 4735 emendandum
925 4688 1043 4744 utilitate
1059 4694 1204 4743 tractatum
1221 4693 1272 4740 est.

71 4770 302 4826 Wlemfissdm
330 4771 486 4837 studerent,
508 4772 535 4826 in
551 4778 684 4845 quantum
711 4772 876 4844 melitopo-
960 4780 1096 4845 Quasdam
1125 4786 1256 4851 praeterea
1283 4776 1362 4832 villas
1381 4773 1505 4830 ecclesia
1520 4771 1665 4828 Remensis
1680 4769 1731 4826 rite

70 4860 193 4923 tuissent,
204 4869 234 4915 et
251 4861 327 4933 quod
353 4860 502 4917 emendare
517 4876 568 4933 per
579 4877 609 4917 se
625 4861 829 4933 nequivissent,
846 4863 873 4918 in
925 4867 1079 4924 distributis
1102 4874 1186 4939 atque
1214 4866 1360 4937 descriptis
1379 4862 1518 4920 ordinavit
1532 4859 1658 4918 coloniis.
1676 4856 1730 4914 Sed

71 4952 240 5020 presentiam
256 4953 431 5024 imperatoris
454 4952 553 5009 adduci
583 4952 716 5021 lacerent,
737 4954 813 5010 etde
829 4954 872 5010 his
924 4970 952 5018 ei
966 4977 1010 5017 res
1024 4961 1148 5017 ecclesiae
1164 4960 1281 5032 aliquas,
1312 4956 1588 5028 mancipiaque,cum
1604 4949 1730 5023 personis

70 5044 195 5100 omnibus
209 5044 301 5101 eidem
317 5045 438 5118 principi
464 5045 585 5103 fideliter
599 5045 758 5102 renuntiare
771 5046 870 5101 stude·
922 5052 1088 5126 quibusdam
1105 5067 1154 5124 pro
1174 5053 1291 5123 partium
1315 5048 1495 5106 commutavit
1509 5044 1727 5117 opportunitate.

70 5141 131 5188 rent.
146 5130 284 5189 Residcns
299 5133 385 5205 igitur
406 5133 535 5207 praeiatus
549 5134 591 5190 vir
604 5134 722 5190 illustris
733 5133 872 5190 Vullarins
922 5145 960 5200 ne
970 5145 1106 5200 thesauris
1120 5143 1202 5199 etiam
1218 5149 1324 5198 sanctae
1342 5140 1443 5206 liariae,
1459 5155 1491 5193 ac
1510 5136 1597 5193 sancti
1612 5133 1730 5206 Remigii

68 5220 303 5290 “dillifflclasslbi
317 5221 603 5293 definiessdll'lldlcils
619 5240 682 5280 ⁰¹¹¹ss
704 5223 869 5296 quibusdam
921 5237 1055 5293 nonnulla
1081 5251 1143 5291 cnm
1173 5233 1331 5291 testimonio
1354 5233 1474 5288 virorum
1495 5228 1656 5292 illustrium,
1672 5233 1728 5281 tam

66 5313 212 5369 comitibus
225 5314 253 5369 in
278 5315 358 5371 malis
385 5314 516 5387 publicis,
541 5315 599 5384 iam
628 5332 741 5390 quoque
757 5327 870 5373 vocatus
920 5325 1082 5381 elericorum
1098 5340 1181 5396 quarn
1207 5324 1338 5380 laieorum
1363 5321 1481 5377 mutarit
1498 5320 1556 5392 [al.,
1570 5314 1727 5385 mutuanti,

65 5402 317 5474 elimplssidhul
338 5404 422 5460 eliam
451 5413 599 5477 antequam
627 5405 811 5471 ordinaretur,
824 5417 869 5459 ¹0⁵
920 5422 1124 5471 eternamenta
1148 5414 1192 5470 vel
1216 5429 1281 5470 vasa
1310 5411 1497 5467 ecelesiastica
1516 5411 1628 5475 exinde,
1646 5414 1728 5479 prout

63 5491 193 5561 pinam
207 5491 338 5548 nenena
353 5493 489 5562 ecclesie,
512 5494 562 5549 sed
589 5501 617 5550 et
643 5494 780 5566 mancipia
798 5509 869 5550 non·
919 5503 1033 5579 rignum
1047 5503 1099 5559 sni
1115 5501 1275 5568 visumluit,
1296 5500 1423 5556 tauricas
1454 5500 1528 5556 reaia.
1542 5499 1631 5553 euna
1647 5495 1727 5551 deni-

62 5582 145 5650 nnlla,
170 5585 214 5640 vel
250 5584 365 5642 colonos
393 5586 599 5658 reimpetrasse,
626 5603 658 5643 ac
691 5586 800 5661 legibus
818 5602 869 5659 ρετ
919 5607 974 5664 que
994 5592 1107 5647 Romam
1136 5607 1220 5648 causa
1245 5589 1377 5647 orationis
1401 5591 1436 5645 ad
1465 5597 1588 5646 sanctum
1615 5587 1724 5642 Petrum

59 5675 184 5732 sedeciae
199 5677 349 5735 maceston
375 5678 550 5737 evindicasse
572 5680 721 5752 reperitur.
754 5679 867 5736 Necnon
918 5679 1057 5737 licentiam
1072 5679 1106 5736 ab
1123 5680 1329 5752 imperatorese
1342 5680 1484 5752 accepisse
1498 5680 1526 5734 in
1541 5675 1660 5750 quadam
1675 5690 1726 5732 sua
