3840 6106
60 254 111 309 ιιι
383 244 546 300 nrsronna
565 244 731 300 contusio
749 244 914 301 annavsrs
934 244 1022 300 nrum
1043 243 1208 309 ovinum.
1222 278 1257 289 -
1276 249 1339 305 nra.
1360 250 1406 306 ιιι.
1676 258 1728 315 173

60 394 115 445 nie,
128 376 250 432 maxime
264 379 357 430 sutem
386 372 556 444 quiescentis
584 372 613 426 in
636 371 751 427 Domino
762 369 871 434 animae,
884 375 912 443 Α
924 370 970 442 qui
982 371 1017 426 ad
1031 386 1080 426 sua
1091 379 1164 438 vota,
1176 371 1290 428 auribus
1305 375 1461 445 prurientes
1474 371 1495 447 (i
1516 379 1583 433 Tim.
1601 384 1649 449 vv),
1663 398 1725 436 ma.

59 471 107 542 qui
121 484 178 525 non
191 482 243 539 pro
258 464 491 521 exorbitationes
513 463 657 519 catholicae
672 461 738 518 fidei
754 462 872 517 sanitate
922 463 1025 537 gistros
1040 465 1094 520 sibi
1110 479 1273 522 coacervare
1292 467 1446 537 decertant,
1462 485 1586 543 quarere
1602 471 1728 530 indebite

60 556 321 621 anathematizatus,
350 553 400 609 sed
428 567 479 608 sua
504 551 675 608 conscientia
701 551 870 617 stimulante,
922 554 1065 624 (quoniam
1093 555 1216 628 legitime
1246 570 1300 611 non
1328 560 1443 630 poterat)
1470 559 1647 617 simulatione
1663 562 1726 618 vitae
1790 553 1795 563 '

61 647 184 720 primum
196 644 323 714 aseipso,
336 650 364 697 et
378 648 475 712 postca
493 655 510 695 a
524 639 642 711 synodo,
655 638 743 694 sedet
757 645 872 710 aposto·
922 641 1058 715 religiosae
1073 651 1100 698 et
1125 643 1265 722 doctriua)
1278 660 1406 717 praeesse.
1435 649 1555 723 Quisque
1582 669 1598 707 a
1626 652 1727 709 Remo.

61 739 114 796 lica
127 737 198 793 sede
213 736 359 791 damnatus
372 731 485 800 exstitit,
501 733 555 787 boc
570 730 719 802 probibere
729 729 790 785 siue
802 746 872 802 apo·
922 753 983 793 rum
993 738 1203 810 chorepiscopo,
1231 739 1278 812 qui
1308 747 1374 796 tunc
1400 751 1468 810 erat,
1497 753 1592 801 contra
1618 747 1728 819 regulas

61 830 168 887 stolicae
182 828 260 884 sedis
272 824 437 883 auctoritate
452 834 627 895 nequaquam
642 822 815 894 praesumpsi,
829 822 873 877 di·
922 826 1068 898 presbyter
1095 827 1261 894 ordinatus,
1294 844 1310 882 a
1340 830 1510 886 monasterio
1538 831 1728 904 irregulariter

61 926 143 976 cente
168 918 250 973 beato
265 914 414 971 Coelestino
427 928 500 984 papa
514 912 605 982 (epist.
622 913 649 980 l,
666 927 727 983 cap.
740 912 793 981 ιι).
804 911 873 977 Quia
922 914 1055 981 existens,
1071 915 1226 989 peragratis
1244 917 1406 992 regionibns
1430 918 1567 990 plurimis,
1589 921 1727 977 etexitiu-

61 1011 141 1068 nefas
152 1005 342 1079 estbaecpati
362 1004 507 1078 religiosas
533 1001 871 1075 animas,qtlarumaffli·
922 1024 953 1064 sa
979 1009 1086 1063 semina
1113 1015 1188 1064 sator
1221 1009 1358 1080 pessimus
1384 1010 1535 1078 seminans,
1559 1012 1669 1067 tandem
1699 1013 1726 1067 in

61 1102 158 1158 ctione
170 1098 247 1171 (quia
268 1095 395 1152 membra
417 1102 512 1150 nostra
525 1093 599 1163 sunt)
609 1107 660 1148 uos
674 1106 786 1163 quoque
806 1105 874 1147 con·
922 1095 1081 1169 llogontina
1102 1095 1213 1151 civitate
1241 1096 1336 1153 babitu
1350 1098 1456 1170 synodo
1471 1099 1526 1169 ton.
1542 1099 1617 1170 ata),
1633 1100 1726 1156 Raba-

61 1193 139 1249 venit
152 1188 299 1246 macerari.
313 1188 392 1242 Nunc
418 1192 510 1241 autern
535 1185 563 1239 in
578 1184 702 1255 epistolis
720 1182 873 1238 sanctitatis
924 1203 960 1244 no
989 1187 1200 1259 archiepiscopo
1221 1187 1346 1245 libellum
1375 1190 1419 1245 sui
1446 1191 1547 1247 erroris
1571 1191 1727 1266 porrigens,

61 1289 173 1348 vestre,
188 1295 258 1352 quas
272 1274 450 1350 aegelwinus
469 1275 604 1331 diaeonus
616 1272 698 1328 nobis
711 1271 813 1341 attulit,
830 1271 873 1327 in·
923 1276 1069 1332 damnatus
1092 1276 1127 1331 ab
1155 1277 1287 1333 omnibus
1310 1279 1464 1335 Germania
1492 1280 1642 1354 episcopis,
1665 1299 1727 1338 curn

60 1374 201 1438 venimus,
216 1378 248 1427 ut
260 1368 462 1444 Teotgaudium
489 1375 517 1424 et
530 1366 691 1422 Guntarium
703 1365 732 1420 iu
747 1365 872 1439 catalogo
923 1364 1023 1420 littaris
1046 1366 1227 1438 synodalibus
1255 1368 1291 1421 ad
1318 1368 1493 1439 metropolim
1509 1368 1656 1424 Remorum
1672 1368 1727 1437 (cui

61 1465 260 1537 episcoporum
275 1476 331 1518 non
345 1460 523 1531 recipiamus.
541 1458 574 1514 Et
586 1458 790 1514 Antiochenum
802 1470 873 1512 con·
920 1452 976 1521 jam
992 1462 1104 1509 auctore
1117 1454 1235 1510 Domino
1251 1456 1393 1526 praeeram)
1407 1464 1449 1511 est
1468 1456 1610 1513 remissus.
1631 1456 1728 1513 Postea

61 1559 159 1614 cilium
176 1556 304 1629 [nubendi
326 1553 433 1621 statuit,
447 1558 495 1608 aut
517 1552 656 1624 praecepit]
675 1560 723 1608 :ut
733 1551 873 1623 praemisi-
924 1545 1177 1619 autemalielgicae
1202 1546 1360 1614 Remorum,
1389 1563 1421 1603 ac
1450 1547 1598 1603 Galliarum
1614 1549 1727 1620 provin·

61 1662 135 1712 mus,
151 1651 181 1700 et
194 1643 296 1699 melius
311 1641 364 1712 ipsi
375 1640 464 1708 scitis,
478 1640 514 1696 de
527 1654 560 1695 eo
576 1640 623 1712 qui
640 1647 701 1712 post
717 1639 874 1695 damnatio·
924 1632 1028 1688 ciarum
1039 1633 1179 1705 episcopis
1204 1635 1326 1703 auditus,
1357 1643 1385 1691 et
1413 1635 1542 1692 inventus
1569 1637 1726 1703 haereticus,

62 1754 126 1792 nem
140 1734 440 1805 juxtapraecedentem
455 1731 698 1799 consuetudinem,
715 1731 873 1803 episcopale
924 1725 990 1797 quia
1018 1725 1184 1797 resipiscere
1208 1744 1224 1782 a
1251 1744 1300 1783 sua
1329 1729 1464 1800 pravitate
1496 1744 1552 1785 non
1579 1729 1676 1796 voluit,
1693 1745 1728 1785 ne

62 1827 208 1900 praesumit
231 1824 417 1880 ministerium
434 1825 444 1892 (
458 1823 533 1895 quod
561 1822 683 1879 Ebonem
703 1820 802 1878 fecisse
817 1837 873 1878 non
923 1813 986 1869 aliis
1001 1824 1125 1883 noceret,
1141 1815 1188 1888 qui
1199 1816 1253 1871 sibi
1264 1818 1397 1889 prodesse
1408 1818 1529 1889 nolebat,
1539 1819 1645 1888 judicio
1658 1836 1728 1890 prae·

63 1916 185 1972 dubium
200 1917 262 1983 est),
295 1912 448 1968 rescribere
470 1911 539 1966 mibi
567 1911 698 1983 dignetur
723 1911 874 1982 apostolica
923 1902 1040 1958 taurum
1064 1904 1269 1976 PPOVlflssiffium
1299 1906 1503 1978 elll⁸⁰⁰ll⁰r¹1¹¹¹2
1520 1908 1548 1962 ln
1574 1918 1730 1982 nostrape-

59 2011 154 2060 vestra
168 2001 330 2067 auctoritas,
343 2008 437 2056 utrum
451 2001 579 2055 eumdem
596 1999 719 2056 libonem
731 2001 803 2056 iuter
813 2000 874 2072 epi·
924 1995 1018 2050 rocbia
1030 1996 1170 2069 (quoniam
1194 1997 1346 2066 Rotbadus,
1373 1998 1408 2054 de
1423 1999 1503 2067 cujus
1516 2000 1647 2070 parocbia
1660 2008 1729 2069 erat,

59 2108 163 2164 scopos
177 2091 207 2146 in
222 2090 309 2146 sacris
332 2089 472 2162 diptychis
487 2089 515 2144 in
531 2089 647 2145 ecclesia
667 2097 759 2144 nostra
778 2089 870 2145 nomi·
922 2086 962 2141 illi
979 2087 1121 2145 nesciebat
1144 2089 1283 2161 resistere)
1298 2097 1325 2145 et
1353 2091 1490 2146 novitates
1502 2107 1598 2146 amans
1609 2091 1728 2147 timeba-

31 2233 37 2242 .
61 2203 128 2242 nare
142 2184 312 2257 permittam,
327 2199 375 2255 ¹an,
390 2197 426 2238 ne
454 2182 489 2237 dc
513 2190 613 2238 caetero
633 2182 662 2236 in
677 2181 871 2253 episcoporum
922 2185 966 2235 tur
980 2195 996 2234 a
1012 2180 1093 2236 nobis
1117 2197 1153 2237 ne
1172 2180 1291 2237 disceret
1318 2199 1401 2253 prava
1424 2176 1538 2250 sentire,
1564 2183 1612 2256 qui
1640 2183 1730 2240 noluit

58 2277 188 2352 catalogo
215 2275 374 2332 nominetur
392 2273 544 2345 probibere
570 2273 687 2329 debeam
704 2292 713 2341 ς
733 2282 870 2345 quatenus
922 2269 1114 2325 rectadiscere
1128 2269 1248 2335 docere;
1265 2286 1333 2325 neve
1349 2269 1422 2324 idem
1443 2270 1637 2327 Gutbescaleus
1665 2289 1728 2328 cum

59 2378 152 2424 vestra
164 2367 330 2424 auctoritate
343 2366 437 2431 tultus,
449 2366 516 2438 quid
529 2366 557 2420 in
569 2375 662 2422 nostra
676 2364 797 2421 Ecclesia
806 2365 872 2421 inde
921 2360 984 2415 ullis
996 2375 1171 2417 communem
1200 2362 1282 2417 vitam
1315 2363 1522 2419 ducenserruri
1549 2379 1600 2419 suo
1627 2363 1730 2420 laceret

59 2462 93 2516 sit
104 2458 326 2526 observandum,
356 2457 418 2514 sine
438 2457 630 2533 ambiguitate,
656 2457 872 2512 decernentibus
921 2464 983 2504 esse
999 2464 1169 2515 communes,
1195 2451 1385 2506 monasteriali
1409 2452 1542 2508 custodie
1558 2453 1729 2524 mancipatus

59 2549 141 2605 vobis
154 2549 344 2604 demonstrem
357 2548 447 2614 (Cone.
462 2546 590 2601 Animula.
606 2561 663 2613 1,c.
679 2546 718 2614 t).
736 2565 751 2597 n
922 2546 975 2607 est,
994 2539 1111 2595 docente
1138 2538 1290 2610 Apostolo:
1321 2539 1484 2596 llaeraticum
1510 2541 1651 2596 bominem
1667 2550 1730 2616 post

379 2657 486 2713 CAPUT
501 2657 568 2713 xlv·
922 2631 1038 2702 primam
1054 2637 1081 2685 et
1099 2630 1250 2685 secundam
1265 2631 1468 2703 correptionem
1484 2631 1576 2688 devita
1589 2634 1652 2703 (vet.
1665 2637 1728 2704 lli),

189 2734 227 2786 ne
241 2730 360 2801 quodam
379 2730 550 2787 &oenomao
568 2729 746 2784 schismatico,
922 2720 1014 2776 sciens
1032 2720 1195 2775 subversum
1211 2735 1272 2774 esse
1301 2720 1469 2789 hujusmodi,
1484 2728 1512 2778 et
1526 2722 1638 2793 proprio
1650 2722 1729 2792 iudi-

95 2820 235 2875 caeterum
249 2817 337 2873 luido
351 2817 421 2872 mibi
436 2815 601 2889 dixit,quod
614 2831 676 2872 cum
688 2830 722 2872 eo
736 2816 872 2883 rationem
923 2817 966 2871 cio
976 2814 1201 2872 condemnatum.
1223 2814 1274 2881 Qui
1299 2820 1329 2868 ut
1344 2813 1399 2869 Leo
1426 2829 1499 2885 papa
1526 2816 1615 2884 (epist.
1631 2815 1677 2886 ta)
1693 2815 1728 2871 de

62 2913 93 2968 de
109 2909 293 2966 damnatione
308 2915 336 2966 et
364 2907 520 2965 reclusione
539 2907 708 2964 Gothescalci
730 2908 874 2964 babuisse·
924 2907 1067 2963 Euticbete
1078 2907 1156 2973 dicit,
1171 2907 1347 2962 cumvideret
1362 2907 1529 2980 insipientiae
1544 2924 1601 2965 sure
1616 2925 1727 2965 sensum

63 3000 104 3054 tis.
125 2998 206 3055 Unde
218 2997 350 3070 quoniam
367 3013 417 3070 per
430 2996 500 3053 alios
511 2996 567 3066 jam
587 2995 740 3063 audieram,
757 2996 791 3051 ad
806 3012 872 3051 san·
886 3011 912 3081 g
924 2996 1068 3052 eatbolicis
1082 2994 1196 3051 auribus
1218 2995 1377 3065 displicere,
1393 3011 1523 3052 revocare
1533 3013 1562 3052 sc
1576 3014 1592 3052 a
1606 3015 1656 3053 sua
1668 2999 1731 3069 opi·

63 3091 189 3146 etitatern
208 3095 328 3144 vestram
356 3087 442 3143 verbs
470 3087 588 3153 venisse,
618 3086 687 3141 mihi
715 3087 871 3143 auctoritati
924 3088 1168 3154 nionedebuemt,
1184 3103 1237 3143 nec
1253 3088 1429 3144 itaEcelesiae
1444 3089 1578 3160 praesules
1605 3106 1730 3146 commo·

63 3185 160 3234 vestrae
173 3177 302 3250 quaedam
316 3192 350 3232 ex
365 3176 459 3233 verbis
486 3183 516 3233 et
529 3176 730 3233 catholicorum
743 3178 873 3233 sensibus
922 3192 997 3243 vere,
1013 3183 1043 3232 ut
1053 3176 1239 3232 damnationis
1246 3177 1412 3232 senteutiam
1423 3186 1577 3233 mereretur
1589 3179 1728 3250 excipere.

62 3272 87 3327 in
103 3272 211 3338 rotula,
224 3270 345 3343 qualiter
365 3276 462 3326 contra
489 3269 576 3340 ipsius
601 3268 724 3340 pestiferi
752 3271 873 3326 bominis
923 3269 1007 3335 Quam
1023 3269 1119 3339 utique
1146 3267 1169 3322 si
1201 3268 1229 3322 in
1252 3283 1303 3323 suo
1319 3283 1404 3323 seusu
1419 3265 1537 3323 voluerit
1556 3281 1729 3337 permanere,

63 3380 176 3420 sensum
196 3362 326 3428 sentiam,
340 3377 391 3432 per
414 3360 537 3416 Odoncm
553 3361 726 3432 episcopum,
751 3369 779 3418 et
803 3363 873 3418 nibil
924 3359 1017 3414 nullus
1048 3358 1149 3429 poterit
1181 3358 1312 3414 relaxare.
1351 3359 1371 3412 tl
1412 3374 1466 3430 qna
1495 3359 1673 3415 damnatione
1704 3359 1728 3415 si

64 3452 128 3506 inde
140 3449 334 3522 responsionis
342 3449 470 3520 accipere
493 3450 593 3505 marui.
610 3450 648 3504 lle
659 3466 714 3522 quo
731 3450 874 3506 nihilomi-
923 3449 1055 3505 voluisset
1068 3448 1102 3502 ad
1116 3463 1228 3503 sensum
1243 3447 1409 3504 catholicum
1424 3447 1601 3519 resipiscere,
1619 3459 1730 3519 paratus

63 3551 156 3599 nusut
171 3541 873 3615 redderemrationem,quidamepiseopi,quurum
923 3557 1035 3613 semper
1063 3539 1102 3596 lui
1128 3549 1156 3596 et
1176 3557 1236 3596 sum
1253 3541 1392 3614 lquoniam
1423 3540 1465 3596 sic
1493 3540 1668 3597 venerabiles
1679 3542 1729 3611 jn-

64 3637 134 3691 nibil
149 3636 189 3691 de
205 3634 253 3690 illo
267 3634 401 3689 intererat
413 3632 555 3704 (quoniam
566 3647 686 3702 neceas,
699 3641 729 3690 ut
745 3633 803 3705 ipse
819 3652 875 3691 ma·
925 3633 1085 3687 dicaverunt
1118 3631 1251 3702 episcopi)
1279 3647 1341 3687 eum
1374 3632 1403 3685 iu
1433 3631 1576 3686 catholicae
1604 3632 1730 3687 Ecclesiae

64 3723 173 3780 nilestis
187 3721 300 3778 indiciis
316 3720 511 3793 prodiderunt,
536 3720 570 3775 ad
589 3722 642 3777 boc
664 3722 783 3777 ebaritas
796 3739 874 3780 com·
925 3720 1149 3777 communionem
1166 3720 1301 3790 recipere,
1326 3720 1397 3775 sicut
1419 3721 1448 3800 ei
1470 3721 1557 3790 jubeo
1579 3739 1641 3794 quae
1665 3731 1731 3778 sunt

64 3815 204 3872 movebat.
218 3812 678 3883 necauctoritasdeducebat),mc
692 3814 727 3869 ad
742 3816 875 3872 concilia·
926 3814 1035 3886 corpori
1065 3812 1221 3868 necessaria
1251 3812 1419 3867 ministrare.
1449 3812 1477 3866 Si
1515 3821 1606 3868 autem
1640 3822 1731 3868 vestra

64 3904 159 3960 bulum
177 3919 270 3975 nuper
283 3901 361 3957 lletis
373 3901 509 3969 habitum,
536 3901 610 3973 quud
626 3903 717 3958 vocari
736 3904 872 3973 synodum
923 3906 1058 3963 catholica
1070 3904 1207 3975 sapientia
1222 3903 1280 3958 vult
1302 3903 1384 3966 scire,
1410 3919 1471 3974 quae
1501 3909 1596 3959 contra
1611 3903 1730 3958 catholi-

65 3995 203 4064 vetuistis,
223 3995 296 4050 sicut
322 3993 459 4067 intelligo,
489 3993 680 4067 irregulariter
704 4001 802 4065 quarto
827 3996 872 4051 die
923 3996 1076 4054 cambdem
1096 4011 1129 4050 ex
1155 3993 1241 4050 veteri
1275 3993 1373 4050 baeresi
1398 3994 1639 4049 Praedestinatiana
1655 3998 1728 4066 (quae

66 4097 214 4161 antequam
229 4093 445 4162 congregaretur
457 4089 514 4154 lan.
528 4087 602 4159 863),
618 4103 680 4143 cum
696 4102 747 4160 ego
762 4088 874 4164 longius
924 4091 1042 4163 primum
1059 4088 1087 4143 in
1102 4086 1202 4153 Africa,
1221 4092 1317 4158 postea
1333 4086 1360 4140 in
1388 4085 1482 4140 Galliis
1507 4102 1556 4157 per
1572 4085 1644 4140 idern
1661 4094 1731 4142 tem-

68 4193 147 4248 quam
161 4175 316 4248 octoginta,
341 4182 369 4230 et
397 4174 472 4230 idem
499 4174 694 4233 Gothescalcus
728 4178 872 4251 plusquam
924 4199 986 4257 pus,
1001 4181 1111 4254 quando
1127 4186 1155 4235 et
1169 4178 1330 4235 Nestoriaua
1353 4178 1476 4245 haeresis,
1509 4186 1551 4232 est
1582 4184 1732 4242 exertant

68 4274 177 4322 centum
194 4263 318 4321 millibus
327 4262 362 4319 ab
384 4263 446 4335 ipsa
460 4263 570 4320 civitate
592 4265 724 4336 disparati
739 4282 872 4325 essemus.
925 4282 1048 4345 tempore
1063 4269 1202 4326 coelestini
1229 4285 1307 4340 papae
1334 4267 1421 4340 ipsius
1447 4267 1619 4332 auctoritate,
1640 4276 1668 4324 et
1682 4268 1729 4322 iu-

69 4354 134 4410 nibil
149 4352 760 4426 meindcantcpraemonitumpcrquemdam
773 4357 907 4452 laicumD
924 4363 1025 4419 stantia
1039 4359 1126 4416 sancti
1142 4358 1271 4429 Prosperi
1294 4364 1337 4412 est
1363 4358 1472 4426 revicta)
1490 4357 1730 4424 dicerevidentur,

69 4442 208 4500 bominem
223 4442 324 4498 litteris
347 4450 525 4498 vocaverunt.
541 4442 572 4498 Et
595 4444 739 4499 nuncideo
753 4444 874 4501 breviter
925 4449 1062 4505 demultis
1083 4463 1171 4518 pauca
1200 4447 1280 4502 vobis
1306 4461 1432 4511 numero,
1449 4446 1497 4500 sed
1525 4459 1579 4500 uon
1595 4444 1729 4516 pondere,

70 4528 143 4587 dcco
152 4530 294 4586 sanctitati
308 4538 406 4587 vestrae
420 4545 550 4606 suggero,
572 4534 712 4604 quondam
726 4540 873 4605 antequam
925 4540 1095 4613 capitulatim
1107 4538 1305 4612 significamus.

70 4620 875 4692 adepiscopatusordiuempervenirem,sicutabbassuus
960 4629 1040 4696 llicit,
1056 4627 1170 4700 quodet
1193 4634 1300 4682 veteres
1326 4625 1562 4682 Praedestinatiani
1589 4625 1732 4689 dixerunt,

70 4718 95 4764 et
109 4709 254 4777 monacbi,
273 4708 347 4765 inter
360 4724 432 4781 quos
446 4708 535 4766 luerat
549 4721 736 4781 conversatus,
754 4714 780 4769 ei
796 4713 875 4769 testi·
926 4720 1057 4790 quoniam
1070 4718 1140 4773 sicut
1164 4717 1236 4772 lleus
1260 4717 1394 4790 quosdam
1417 4716 1451 4772 ad
1479 4716 1562 4770 vitam
1587 4722 1731 4782 aeternam,

72 4802 192 4857 nonium
204 4800 365 4873 perbibent,
376 4800 405 4855 in
416 4802 578 4873 metropolis
591 4803 719 4860 Ecclesiae
728 4805 873 4861 Remorum
927 4814 963 4868 ita
989 4813 1122 4886 quosdam
1148 4811 1355 4882 praedestinavit
1381 4810 1415 4865 ad
1445 4817 1561 4864 mortem
1588 4816 1730 4865 aeternam.

72 4889 250 4956 ⁰¹⁰⁰&le
279 4890 488 4947 ἰῦὃΰθθδθῡῖθὸ
515 4892 656 4963 Ρθῑθθῑιῑὸ,
676 4896 750 4966 (1¹10d
764 4895 876 4951 0ῐῦἃῦἱὸ
926 4907 1006 4974 llicit,
1041 4906 1115 4978 quod
1142 4913 1169 4961 et
1196 4912 1302 4960 veteres
1327 4901 1564 4958 Praedestinatiani
1591 4901 1731 4965 dixerunt,

73 4981 101 5052 ll}
115 4981 250 5055 0fb⁸⁰¹1⁸l
267 4982 380 5052 diffini,
413 4984 512 5040 h³bll¹¹
525 4988 687 5055 m0¹¹³0h1182
705 4996 796 5044 menie
809 4989 877 5044 seri·
927 4997 1057 5068 quoniam
1075 5011 1129 5051 non
1139 4995 1197 5051 vult
1213 4995 1285 5049 Deus
1302 5009 1400 5049 omnes
1415 4992 1542 5048 homines
1556 4990 1646 5047 salvos
1661 4990 1731 5056 lieri,

74 5088 131 5141 Μ,
146 5073 256 5148 (ιΰῑθῑῑῧ
269 5075 465 5148 impalieflssel
476 5093 575 5134 V⁰⁰l¹¹¹¹
590 5080 710 5136 1¹0Vil³l⁰
726 5082 875 5149 delectans,
928 5091 977 5146 scd
993 5097 1098 5146 tautum
1113 5105 1161 5146 eos
1181 5088 1228 5160 qui
1245 5088 1384 5143 salvantur
1399 5105 1406 5152 ;
1428 5101 1525 5142 omnes
1538 5093 1629 5141 autem
1646 5084 1732 5138 salva·

73 5181 101 5222 sc
112 5168 190 5223 inter
200 5182 269 5224 suos
280 5169 436 5226 mobilitate
450 5171 531 5226 noxia
557 5168 715 5248 singularis,
731 5175 765 5230 de
785 5177 878 5233 omni·
928 5180 950 5234 ri
965 5194 1091 5252 quosque
1116 5179 1175 5250 ipsc
1194 5176 1299 5232 salvare
1322 5176 1449 5239 voluerit,
1480 5191 1512 5230 ac
1526 5191 1576 5245 per
1588 5174 1642 5230 hoc
1668 5171 1732 5245 qui·

73 5252 244 5329 busquaeiu
268 5257 314 5312 bis
337 5259 500 5334 regionibus
523 5277 652 5333 perverse
665 5272 730 5319 tunc
746 5267 878 5337 temporis
924 5286 1038 5341 cunque
1059 5268 1278 5331 nonsalvantur,
1299 5265 1409 5337 penitus
1440 5280 1495 5320 nou
1512 5261 1735 5318 essevoluntatis

72 5361 149 5404 tensa
163 5356 344 5421 cognoverat,
371 5351 499 5423 quaedam
519 5352 572 5409 sibi
605 5354 690 5427 elegit
704 5356 832 5427 capitula,
849 5365 879 5412 ut
931 5362 1060 5428 illius,ut
1087 5360 1246 5425 salventur3
1276 5359 1405 5431 quoniam
1434 5357 1457 5412 si
1482 5373 1538 5412 non
1558 5371 1654 5412 omues
1678 5352 1735 5409 sal-

72 5440 189 5495 ucvitate
204 5454 304 5496 vocum
317 5440 456 5499 innotesci
475 5444 590 5513 valeret,
606 5453 690 5518 utque
710 5448 878 5519 simplicium
910 5468 912 5472 ⁴
930 5459 1029 5507 vantur
1043 5466 1113 5522 quos
1128 5449 1185 5504 vult
1195 5450 1267 5504 Deus
1281 5448 1370 5503 salvos
1383 5446 1454 5514 lieri,
1481 5462 1535 5501 non
1551 5444 1644 5501 omnia
1658 5459 1736 5515 quae·

72 5533 96 5580 et
111 5527 282 5585 devotorum
309 5544 410 5587 sensus
435 5539 602 5605 pervertere,
630 5543 660 5590 et
687 5535 810 5611 magistri
825 5538 880 5594 sibi
930 5539 1146 5612 cunquevoluit
1174 5537 1248 5599 lecit,
1272 5544 1299 5591 et
1330 5535 1353 5588 si
1378 5535 1437 5590 vult
1450 5535 1524 5606 quod
1547 5549 1601 5587 nou
1633 5533 1733 5601 potest,

74 5621 353 5692 mmcnusurpando,
370 5632 433 5694 post
444 5624 760 5697 sediscipulostrabere‚
770 5628 880 5702 illisque
932 5646 988 5687 uon
1003 5629 1190 5702 omnipotens,
1210 5630 1259 5683 sed
1270 5624 1395 5682 inlinous
1409 5634 1459 5681 est.
1484 5625 1529 5680 list
1540 5630 1631 5678 autem
1643 5613 1735 5674 omni-

972 5854 980 5883 l
