3840 6106
144 228 199 285 203
697 223 882 281 rtonoannt
902 223 1055 281 cruentet
1076 224 1249 282 nanclars.
1272 228 1278 241 “
1755 227 1809 286 804

144 365 313 424 Turonensis
326 362 455 421 Ecclesia
481 363 532 419 hac
547 361 649 419 fiducia
667 360 739 430 fulti,
759 369 821 433 post
842 360 948 418 obitum
962 370 985 434 Α
998 362 1072 418 dono
1096 361 1176 431 datia,
1203 363 1255 418 sita
1270 362 1299 418 in
1319 362 1447 418 Remensi
1459 362 1611 436 lpsrocbia,
1633 377 1698 435 quas
1715 363 1808 434 Turris

145 460 227 529 hujus
241 458 284 514 sui
308 455 520 528 archiepiscopi,
541 455 576 510 ad
590 454 718 510 cumdem
734 452 866 510 domnum
882 453 950 509 llin-
1000 466 1121 524 rocatur,
1145 456 1281 524 rescribit,
1305 457 1391 528 petita
1417 456 1573 513 concedens
1587 473 1620 513 ea
1644 455 1806 514 conditione

143 565 264 606 emarum
275 557 420 605 venerunt.
432 546 503 604 Cleri
514 562 625 619 quoque
640 562 673 602 uc
682 545 773 618 plebia
785 545 947 617 petitionem
998 557 1028 605 ut
1051 551 1165 622 antiqua
1179 551 1251 607 villae
1268 551 1356 622 ipsius
1369 551 1497 618 ecclesia,
1511 553 1555 608 vel
1569 551 1718 624 presbyter
1732 553 1806 622 ejus·

142 641 176 696 ad
192 641 282 712 ipsum
298 639 466 711 deserentes,
477 647 507 695 ut
518 638 620 712 regiam
634 636 827 694 celsitudinem
842 652 892 708 pro
908 636 949 691 eis
1000 641 1063 696 dem
1076 642 1182 698 nullum
1200 642 1337 718 privilegii
1352 642 1394 699 sui
1414 653 1527 715 propter
1541 644 1593 700 hoc
1607 643 1804 700 detrimentum

142 736 349 808 deprecaretur,
378 743 515 808 quatenus
537 733 702 790 electionem
717 730 879 789 canonicam
902 746 948 786 rex
1000 735 1131 806 pariatur.
1161 736 1244 792 leoni
1272 737 1414 809 episcopo,
1444 747 1472 793 et
1493 737 1601 795 custodi
1627 737 1805 795 bibliothece

142 829 230 901 ipsius
243 831 417 887 concederet.
434 828 511 895 Quod
526 837 554 885 ct
568 829 641 884 idem
658 827 782 900 pontifex
794 825 946 898 promptis·
1000 825 1127 881 Romanae
1157 826 1285 882 Ecclesiae
1313 827 1420 883 litteras
1449 828 1534 884 mittit
1562 844 1611 900 pro
1626 827 1804 900 susceptione

140 925 211 981 sime
226 927 341 1001 peregit.
367 925 500 981 intimans
523 925 606 981 etiam
620 924 678 998 regi
694 923 729 981 de
756 922 875 995 quodam
891 922 948 979 ole-
998 916 1144 990 legationis
1168 933 1235 977 snae.
1256 925 1287 974 ui
1308 919 1433 975 obtineat
1454 920 1528 992 apud
1551 936 1652 992 papam
1673 921 1804 988 Ιιθθῠθῦῑ,

142 1019 210 1086 rico,
237 1019 329 1091 quise
355 1019 509 1096 ingerebat,
526 1036 582 1076 non
608 1018 781 1091 recipiendo,
809 1017 947 1093 significat
997 1020 1132 1082 quatenus
1150 1012 1209 1081 eius
1224 1013 1385 1083 petitionem
1406 1013 1527 1090 benigne
1546 1016 1691 1086 suscipiat,
1708 1022 1738 1071 et
1757 1031 1802 1086 pa·

141 1108 215 1179 quod
231 1109 353 1180 episcopi
371 1110 495 1178 ejusdem
510 1109 671 1181 propinare,
691 1109 782 1164 clerus
798 1121 909 1179 quoque
923 1112 951 1161 et
1000 1105 1079 1154 terne
1101 1099 1237 1156 rescribat
1250 1100 1340 1157 eidem
1361 1101 1395 1157 de
1412 1102 1456 1158 his
1477 1119 1538 1175 quae
1553 1103 1581 1158 in
1597 1102 1700 1159 litteris
1714 1103 1750 1158 ab
1773 1117 1803 1158 eo

141 1199 220 1271 plebs
235 1201 323 1272 ipsius
338 1201 477 1270 Ecclesiae,
490 1201 596 1258 invitati
613 1200 775 1257 auctoritate
791 1196 948 1270 apostolicae
999 1189 1091 1245 missis
1102 1191 1325 1247 continebantur.
1340 1191 1470 1267 Gregorio
1485 1209 1597 1265 quoque
1609 1193 1738 1264 ejusdem
1753 1193 1803 1249 llo·

140 1289 226 1360 sedis,
241 1290 387 1346 tenedum
402 1290 456 1345 sibi
480 1291 565 1347 velint
584 1289 681 1346 donari
702 1289 878 1362 episcopum,
900 1286 948 1359 qui
999 1297 1087 1337 manae
1108 1282 1236 1339 Ecclesia
1251 1284 1450 1340 nomenclatori
1467 1293 1494 1341 et
1510 1285 1693 1357 apocrisiario
1709 1292 1803 1357 petens

139 1384 168 1439 in
183 1384 279 1440 eadem
292 1384 409 1441 ecclesia
426 1386 593 1457 baptizatus,
618 1386 737 1441 nutritus
761 1391 788 1439 et
803 1383 947 1439 ordinatus
998 1381 1028 1427 ut
1054 1373 1126 1428 inter
1143 1372 1240 1430 fideles
1253 1374 1357 1431 amicos
1376 1388 1519 1431 annaeum
1545 1383 1642 1432 tenere
1664 1375 1801 1447 dignetur.

139 1475 237 1542 luerat,
261 1477 325 1533 licet
340 1477 400 1535 aliae
428 1479 531 1535 civitati
547 1480 626 1534 datus
647 1478 805 1550 episeopus,
823 1475 872 1532 sed
897 1490 947 1546 pn·
996 1462 1062 1518 iiim
1078 1466 1222 1536 Ρ()3ῑῑ118118
1240 1470 1271 1520 ¹¹²
1293 1464 1396 1521 d⁰¹¹¹¹¹⁰
1421 1465 1572 1537 ali⁰ii⁰¹i⁰⁰
1595 1465 1801 1541 suiiss⁰⁸²i⁰¹¹⁰¹¹¹

136 1582 269 1640 ganorum
294 1567 472 1624 infestatione
500 1569 643 1640 depulsus,
672 1576 699 1622 et
714 1566 799 1638 pallio
826 1566 946 1620 lucrata
995 1567 1072 1606 ⁵⁰³¹ss
1087 1552 1286 1624 aiiiliibilem
1302 1551 1363 1609 fiili
1376 1561 1461 1625 petat,
1483 1553 1691 1610 ὓθῐῑθᾶῑθῑῑθῦῑθ
1704 1554 1730 1610 ei
1745 1571 1802 1609 mu-

137 1658 203 1713 sede
218 1660 368 1730 apostolica
383 1660 545 1727 honoratus,
561 1667 591 1715 ut
604 1660 685 1715 etiam
706 1659 729 1713 si
745 1658 823 1714 locus
836 1657 871 1711 de
886 1670 945 1710 me·
956 1689 983 1759 B
995 1644 1111 1699 ”iiiiii
1125 1644 1255 1718 diligen&
1285 1644 1413 1701 F⁰i¹¹¹0⁸⁰
1428 1643 1503 1701 ⁸0⁶ss
1520 1645 1645 1713 ‘luideffl
1672 1645 1801 1720 felidi⁰⁸⁰

137 1748 236 1820 tropoli
252 1749 404 1815 adveniret,
419 1748 457 1803 ibi
469 1748 688 1804 incardinaretur
702 1749 839 1815 (doniam,
857 1761 897 1816 ep.
912 1743 942 1799 ll
996 1733 1126 1805 09530090
1137 1734 1371 1805 (flitffllliu‘iifls
1379 1735 1447 1804 ⁸1⁰⁸,
1455 1750 1537 1807 quam
1553 1733 1690 1804 illdifflii,
1701 1735 1801 1791 sancii·

137 1844 162 1895 ep
180 1841 235 1911 η),
253 1842 358 1913 parque
382 1841 496 1912 insuper
510 1841 569 1914 ,031
584 1839 741 1907 consilium,
771 1838 838 1910 quid
858 1839 944 1908 clepo,
994 1824 1059 1878 tatis
1073 1831 1100 1879 et
1113 1825 1237 1879 scientiae
1252 1823 1377 1892 formam,
1391 1840 1573 1898 querensque
1589 1824 1680 1896 ipsius
1702 1825 1801 1881 habere

137 1929 204 2001 quid
219 1929 296 1985 laicis
311 1945 393 2004 agere
405 1930 440 1985 sit
455 1930 564 1985 tuream
579 1928 806 2005 praecipiendum,
823 1927 890 2000 quid
908 1930 944 1986 de
995 1920 1220 1990 familiaritatem,
1247 1931 1275 1977 et
1296 1930 1326 1978 ut
1353 1922 1414 1994 inae
1438 1937 1487 1995 pro
1512 1938 1542 1978 ae
1557 1921 1690 1996 dignetur
1713 1938 1801 1988 orare,

138 2018 221 2074 robus
235 2037 304 2092 quas
318 2036 350 2076 er
374 2019 510 2077 beneficio
522 2021 598 2096 regis
616 2019 737 2075 habebat
756 2018 862 2086 fecerit,
878 2018 944 2074 inti·
994 2013 1083 2069 vicem
1095 2014 1298 2086 reprehendere
1310 2015 1463 2085 spondens,
1475 2022 1501 2070 et
1513 2014 1640 2086 quaedam
1651 2015 1677 2070 ci
1689 2031 1801 2071 munera

137 2128 225 2180 mans,
241 2114 288 2187 qui
304 2129 336 2168 ex
352 2113 404 2180 his,
420 2129 489 2185 quus
504 2113 655 2185 reliquerat
677 2112 736 2186 regi
752 2112 871 2183 placeat,
895 2126 942 2166 re·

135 2204 259 2276 quircns.
283 2205 320 2258 lle
335 2203 501 2275 quibusdam
518 2219 629 2276 quoque
646 2202 727 2258 libris
746 2204 832 2258 sancti
849 2205 944 2278 hugu-

134 2292 210 2359 stini,
235 2308 306 2364 qnos
328 2292 380 2346 sibi
403 2291 438 2346 ab
463 2291 562 2347 eodem
584 2291 686 2347 remitti
708 2291 835 2362 petierat.
861 2299 889 2347 et
907 2291 942 2347 dc

134 2380 340 2451 objectionibus
349 2379 515 2447 Graecorum,
528 2379 722 2451 superquibus
731 2380 859 2436 Nicolaus
871 2395 943 2453 papa

135 2475 226 2531 cidem
239 2473 416 2529 mandaverat
430 2481 458 2529 et
479 2473 534 2528 alia
548 2471 685 2544 quaedam.
711 2471 834 2528 Bertullo
849 2473 943 2529 Trevi-

135 2564 208 2620 renai
223 2562 443 2633 archiepiscopo,
459 2560 602 2616 instruens
617 2576 681 2615 cum
695 2561 729 2616 do
745 2560 900 2617 ordinanda
914 2567 942 2616 et

133 2654 315 2729 gubernanda
335 2653 448 2709 dioecasl
467 2652 510 2708 vel
539 2650 669 2723 parochia
691 2668 751 2719 suu,
772 2662 824 2709 etc.
849 2654 941 2725 dquo

133 2742 217 2798 etiam
242 2750 354 2815 rogatus
368 2738 561 2796 Wiliebertum
580 2737 808 2796 catalaunensem
831 2740 942 2813 episco-

133 2850 199 2905 pum
222 2833 297 2888 misit
311 2832 345 2887 ad
365 2832 568 2889 ordinationem
586 2831 699 2888 arnoldi
723 2832 859 2888 Tullensis
880 2833 938 2904 epi·

132 2923 221 2995 scopi,
237 2923 303 2995 quin
322 2922 419 2978 eodem
433 2920 556 2977 Bertullo
570 2920 730 2976 infirmitate
740 2920 865 2989 detento,
880 2938 937 2976 nu·

994 2105 1116 2171 mittens,
1137 2114 1167 2160 ut
1181 2105 1223 2160 sui
1249 2105 1409 2161 memorium
1433 2105 1462 2159 in
1484 2105 1661 2162 orationibus
1691 2107 1799 2162 habeat.

994 2196 1061 2250 ltem
1077 2201 1222 2266 postquam
1238 2194 1343 2251 litteras
1355 2210 1420 2250 suas
1434 2195 1507 2250 idem
1521 2196 1671 2252 Formosus
1684 2198 1711 2252 ei
1720 2197 1799 2253 remi-

993 2293 1077 2354 serat,
1099 2286 1126 2341 in
1143 2286 1244 2357 quibus
1263 2286 1298 2341 de
1312 2286 1446 2342 charitate
1466 2302 1530 2360 erga
1546 2303 1610 2342 eum
1625 2287 1799 2364 significare·

994 2385 1045 2446 rat,
1061 2378 1168 2434 intimat
1184 2379 1248 2449 quia
1263 2394 1391 2450 magnam
1406 2379 1435 2433 in
1450 2379 1512 2450 ipso
1527 2378 1644 2436 haberet
1659 2378 1798 2437 fiduciam.

994 2469 1060 2524 ltem
1076 2467 1227 2524 Gauderico
1243 2469 1374 2540 episcopo
1394 2468 1513 2540 praeiatae
1535 2469 1675 2535 Ecclesiae,
1693 2481 1725 2526 ut
1738 2487 1797 2527 enm

992 2560 1019 2613 in
1036 2575 1092 2615 suae
1107 2560 1265 2616 dilectionis
1286 2561 1419 2632 suscipiat
1438 2561 1585 2634 gremium,
1602 2569 1631 2618 et
1654 2563 1797 2620 Dominum

991 2659 1156 2723 sanctosque
1180 2653 1320 2722 apostolos
1343 2667 1393 2723 pro
1423 2667 1456 2707 eo
1483 2651 1613 2728 dignetur
1638 2652 1795 2725 implorare.

990 2742 1088 2798 loanni
1112 2743 1232 2815 praelatae
1248 2745 1322 2800 sedis
1337 2744 1469 2815 episcopo
1485 2743 1581 2799 eadem
1604 2761 1679 2816 pene
1693 2746 1795 2811 scribit,

990 2841 1019 2889 et
1031 2849 1152 2890 canones
1166 2834 1273 2890 hlartini
1289 2850 1377 2905 papae,
1394 2832 1571 2909 Evangelium
1586 2848 1702 2907 quoque
1717 2836 1796 2892 Nara·

990 2944 1119 2986 renorum
1135 2930 1188 2985 sibi
1204 2930 1237 2985 ad
1251 2928 1490 2986 transcribendum
1505 2929 1576 2984 mitti
1592 2936 1704 3000 petens,
1723 2948 1794 3005 que·

133 3030 226 3070 merus
240 3013 435 3086 episcoporum
457 3029 472 3067 a
491 3012 577 3068 sacris
595 3012 749 3068 canonibus
762 3011 891 3084 praefixua
910 3012 938 3067 ili
953 3021 1053 3124 Cdam
1068 3022 1151 3078 etiam
1166 3024 1247 3079 xenia
1259 3022 1298 3078 illi
1311 3022 1480 3077 transmittit.
1498 3021 1614 3078 Vullado
1632 3022 1793 3099 biturigensi

133 3106 308 3164 ordinatione
323 3105 448 3177 praesulis
463 3105 557 3161 cinon
579 3105 683 3162 aderat·
701 3107 732 3161 in
760 3106 843 3175 hujus
857 3107 939 3163 eiiam
990 3115 1211 3187 archiepiscopo,
1224 3115 1259 3171 de
1275 3114 1318 3169 his
1330 3115 1377 3187 qui
1393 3112 1548 3170 inconsulte
1562 3129 1663 3169 uxores
1677 3131 1743 3172 suas
1754 3118 1792 3172 in·

132 3197 245 3257 bertulfi
261 3199 435 3255 ordinatione
447 3199 503 3267 jam
519 3198 628 3270 pridem
638 3199 765 3268 jussione
786 3199 874 3256 llaroli
892 3216 939 3256 re·
990 3205 1316 3272 terlicicnt,sententiam
1326 3205 1442 3274 Paulini,
1456 3220 1538 3278 quam
1550 3205 1605 3260 sibi
1622 3205 1696 3262 mitti
1711 3208 1794 3279 petie·

132 3288 175 3362 gis
187 3288 361 3343 hincmarum
377 3285 538 3358 episcopum
559 3286 779 3351 laudunensem,
797 3286 938 3343 hodonem
991 3300 1042 3361 rat,
1057 3293 1193 3350 scribens.
1208 3294 1301 3349 Sedet
1315 3292 1350 3348 de
1364 3293 1426 3348 aliis
1440 3292 1533 3348 rebus.
1553 3292 1680 3350 Frotario
1694 3295 1792 3354 Burde-

131 3381 337 3448 belvacensem,
357 3389 385 3437 et
398 3381 552 3437 iohannem
567 3379 792 3436 cameracensem
807 3380 938 3436 transmi·
989 3386 1107 3462 galensi,
1122 3386 1169 3458 qui
1183 3385 1236 3440 sibi
1248 3385 1331 3441 talem
1347 3385 1452 3440 dixerat
1464 3400 1573 3441 versum
1589 3403 1596 3440 :

130 3477 216 3539 serat,
228 3471 261 3525 ad
274 3469 436 3541 petitionem
450 3468 576 3526 Adventil
592 3477 619 3523 ct
628 3466 731 3523 arnulli
745 3469 939 3539 episcoporum
1052 3479 1146 3531 Remus
1156 3495 1249 3546 equum
1261 3480 1341 3541 nohis,
1355 3480 1452 3530 mulum
1462 3478 1602 3544 burdegala
1615 3480 1698 3532 νοω.

131 3559 255 3628 ejusdem
280 3558 451 3615 Trevirensis
479 3557 642 3624 dioeeeseos,
673 3557 811 3629 quomodo
834 3557 862 3612 id
888 3556 940 3612 rite
991 3563 1073 3618 talem
1087 3571 1150 3634 post
1165 3562 1287 3618 remisit:

130 3646 254 3714 deberet,
264 3663 317 3709 eos,
325 3648 458 3704 canonica
466 3645 672 3718 apostolicaque
681 3643 835 3700 informans
847 3651 941 3700 aucto·
1053 3657 1146 3708 Remus
1158 3670 1250 3721 equum
1261 3655 1337 3714 misit,
1350 3656 1446 3706 mulum
1461 3655 1600 3720 burdegala
1609 3657 1719 3708 nullum.

130 3737 220 3802 ritate,
237 3745 268 3793 ut
283 3737 393 3793 asacris
408 3736 520 3811 regulis,
537 3735 613 3791 nulla
626 3742 673 3790 aut
688 3733 869 3809 negligentia,
891 3740 939 3788 aut
991 3748 1022 3803 pp
1037 3747 1090 3802 alja
1117 3745 1243 3818 quaedam
1265 3743 1299 3800 ad
1318 3745 1446 3800 eumdem
1474 3745 1603 3817 mpsim
1625 3763 1679 3818 pro
1700 3763 1792 3804 mom.

128 3829 353 3901 imiimliiiffliis
369 3829 396 3883 in
418 3828 511 3900 iliqlw
533 3825 719 3882 discederem·
740 3823 841 3880 Sciibii
854 3823 937 3879 iiiam
989 3836 1066 3893 sterii
1085 3850 1197 3908 quoqne
1210 3842 1311 3890 sanctae
1327 3833 1505 3908 liadegundis
1519 3835 1639 3910 regulari
1660 3837 1792 3893 electione

128 3924 242 3994 liminio
265 3922 387 3981 Beriuiio
407 3938 456 3995 pro
474 3922 640 3995 quibusdam
663 3920 778 3992 capellis
794 3920 828 3976 nd
843 3919 935 3976 viliam
988 3926 1208 3994 abbatissae‚etc.
1221 3943 1228 3991 ;
1241 3926 1319 3992 ilem,
1330 3924 1365 3979 de
1375 3923 1553 3981 ordinatione
1564 3924 1704 3994 Fulcrici3
1719 3928 1791 3995 item,

128 4014 326 4071 ⁰⁰0d⁰⁰i³⁰im
355 4013 568 4086 Peliissessiibub
595 4028 663 4084 quas
680 4012 792 4085 quidam
808 4027 841 4066 0¹
852 4026 935 4082 lim·
988 4021 1126 4079 Weniloni
1138 4018 1362 4094 liothomagensi,
1379 4018 1413 4074 de
1421 4020 1557 4091 operariis
1568 4028 1700 4092 etopera‚
1716 4039 1794 4096 qnam

128 4103 190 4158 chia
208 4105 363 4162 Trevirensi
379 4103 532 4176 usurpabat
555 4118 605 4175 per
623 4102 772 4157 factionem
792 4102 935 4170 cuiusdam
986 4119 1105 4176 paciebat
1126 4117 1160 4172 ad
1180 4117 1267 4172 Pisias
1282 4115 1312 4169 in
1327 4115 1477 4187 Sequana-3
1505 4115 1572 4172 item
1596 4115 1632 4172 (ιθ
1645 4134 1729 4174 mu„
1746 4119 1792 4175 po.

128 4193 295 4265 Piiiblieih
313 4195 437 4266 petitque
456 4192 511 4248 Sibi
526 4192 561 4247 de
580 4192 766 4262 hi⁸j¹¹⁸iiii³¹¹¹
780 4189 851 4247 fiili·
869 4193 937 4247 ltem
990 4211 1067 4268 tbadi
1086 4215 1113 4264 et
1138 4207 1241 4264 ildonis
1260 4207 1465 4278 episcoporum.
1495 4207 1614 4283 [trogoni
1631 4209 1790 4266 lletensium

128 4298 179 4352 pro
195 4285 293 4341 litteris
304 4302 374 4358 quas
388 4283 526 4340 ludovico
540 4282 598 4356 regi
612 4281 831 4338 Transrbcnensi
846 4282 940 4338 mitte.
991 4300 1112 4376 muli,
1123 4299 1300 4371 imperalofis
1311 4299 1442 4355 pumici
1454 4298 1541 4368 fram,
1551 4316 1602 4371 p„
1612 4299 1792 4361 familiaritate

127 4375 184 4445 but,
201 4385 232 4433 ui
255 4376 374 4451 0881085
390 4383 472 4449 iique
486 4374 589 4449 reginae
614 4373 699 4450 selegi
710 4372 803 4441 facidia
819 4382 847 4429 θῑ
873 4388 934 4446 <11¹ae
946 4407 975 4477 D
989 4392 1077 4465 ipsius
1091 4387 1291 4461 adipiscenda:
1306 4388 1371 4443 item
1391 4387 1514 4444 reserens
1526 4390 1551 4445 ei
1572 4393 1723 4466 gratiarum
1747 4411 1790 4450 ae·

126 4473 199 4546 apud
210 4488 258 4530 eos
269 4475 334 4529 inde
344 4473 571 4531 audieritlitteris
581 4473 636 4529 sibi
651 4471 803 4528 remandet.
818 4470 935 4527 litteras
986 4489 1076 4549 tiones
1087 4500 1137 4557 pro
1158 4482 1345 4540 sollicitudine
1360 4499 1442 4554 quam
1458 4484 1561 4540 habere
1576 4487 1725 4544 videbam,
1742 4489 1788 4545 gg.

126 4572 209 4628 etiam
224 4572 409 4645 quasdrnoni
424 4570 556 4643 episcopo
583 4570 785 4637 transmiserat,
801 4568 856 4624 sibi
879 4567 934 4638 legi
985 4577 1090 4635 mensis
1114 4574 1253 4642 Ecclesiae,
1280 4582 1379 4646 petens
1404 4574 1487 4630 etiam
1507 4576 1542 4631 de
1567 4577 1689 4649 quodam
1713 4580 1786 4636 snm
1836 4556 1839 4577 ³

126 4661 218 4731 iaciat,
238 4672 266 4720 et
280 4679 374 4737 aaran
389 4670 472 4734 arque
493 4661 627 4736 resinam,
644 4663 693 4718 aed
708 4672 736 4719 er
750 4661 884 4734 populum
899 4660 934 4715 da
984 4671 1067 4740 nutus
1081 4665 1208 4722 eeclesia
1226 4664 1365 4735 ministro,
1380 4673 1410 4721 ut
1432 4666 1469 4721 iu
1488 4667 1629 4724 ementur
1640 4670 1782 4744 obsequiis,

127 4758 235 4815 illorum
251 4759 340 4815 salute
354 4766 382 4815 et
397 4775 465 4831 pace
484 4768 586 4815 sancta
603 4758 650 4814 liei
666 4757 796 4814 Ecclesia
810 4772 933 4814 commo·
984 4770 1121 4834 quatenus
1145 4761 1263 4817 ecclesia
1275 4761 1327 4817 ista
1352 4763 1518 4818 necessariis
1530 4763 1621 4835 ipsius
1646 4773 1739 4837 posset
1752 4764 1779 4821 uti

126 4859 198 4911 neat.
215 4853 314 4911 loanni
329 4854 556 4931 Rothomogensi,
573 4853 745 4926 respondens
763 4855 798 4909 ad
813 4854 935 4910 interro·
984 4857 1100 4926 solatiis,
1116 4858 1207 4914 etalio
1219 4859 1355 4931 quadam.
1371 4859 1496 4915 llothado
1515 4861 1692 4932 suessonico,
1709 4877 1776 4937 quen

124 4950 264 5026 gationem
282 4952 370 5024 ipsius
392 4951 427 5007 de
443 4951 562 5023 quodam
584 4950 695 5018 clerico,
719 4950 766 5021 qui
786 4951 819 5005 ad
837 4949 932 5006 Eccle-
984 4965 1057 5021 saepe
1066 4950 1099 5005 ad
1107 4950 1244 5021 synodum
1255 4952 1350 5007 venire
1360 4949 1534 5008 differentem
1545 4953 1590 5009 vel
1601 4956 1774 5030 negligentem

124 5041 193 5097 siam
216 5043 364 5116 quamdam
393 5051 536 5114 promotus
560 5040 719 5115 regendam,
744 5039 866 5096 ordinari
882 5055 932 5112 per
980 5040 1107 5109 vocabat,
1122 5040 1218 5096 scribit
1242 5040 1277 5098 de
1297 5040 1465 5113 quibusdam
1482 5041 1638 5101 criminatis
1653 5043 1773 5119 parochis

123 5142 232 5191 aetatem
246 5137 296 5192 rite
319 5150 375 5191 non
391 5141 509 5206 poterat.
537 5133 690 5189 liothstano
709 5130 854 5198 arlatensi,
882 5132 930 5204 qui
980 5132 1151 5190 Suessonioae
1173 5133 1309 5206 personis,
1326 5137 1370 5191 vol
1386 5135 1547 5210 purgandis,
1558 5136 1601 5193 vel
1617 5133 1772 5209 paenitentia

123 5225 150 5280 ei
166 5224 201 5281 de
221 5241 277 5282 suae
291 5223 416 5282 ecclesiae
431 5223 575 5281 venatione
590 5220 749 5295 scripserat,
771 5223 846 5279 etde
861 5240 931 5296 qua·
980 5228 1142 5304 subigendis
1158 5247 1166 5297 ;
1180 5228 1257 5298 item,
1273 5245 1322 5301 pro
1333 5230 1496 5287 ordinandis
1508 5231 1677 5304 quibusdam
1694 5231 1770 5289 Eccle-

122 5315 186 5371 dam
204 5316 436 5389 lemina‘potenti,
460 5332 521 5389 quae
532 5332 577 5372 res
590 5316 741 5388 usurpabat
755 5315 927 5371 ecclesiasti·
977 5323 1079 5378 siarum
1096 5325 1243 5391 ministris;
1257 5317 1334 5394 item',
1344 5341 1396 5397 pro
1409 5325 1572 5397 recipiendo
1583 5332 1612 5381 et
1623 5321 1769 5385 adducendo

122 5425 178 5476 cas,
198 5410 265 5483 quid
281 5410 305 5465 ei
329 5409 470 5481 superbis
490 5408 527 5464 sit
549 5408 686 5483 agendum
704 5406 840 5463 rescribit.
856 5408 927 5464 dde-
977 5412 1155 5481 adjudicium
1169 5414 1365 5481 Gothescalco;
1379 5400 1462 5488 quem
1474 5415 1596 5472 domnus
1612 5410 1768 5473 lisbanusai

120 5498 196 5556 loldo
221 5497 373 5555 Turonensi
393 5497 500 5567 petenti
527 5505 557 5552 ut
585 5494 639 5551 sibi
663 5496 760 5552 liceret
776 5498 925 5553 oratorium
977 5502 1118 5560 dioecesim
1134 5505 1298 5562 llemensem
1314 5506 1481 5563 remiserat:
1504 5507 1552 5578 qui
1568 5505 1766 5579 profectuosus·
1829 5530 1839 5571 t

119 5592 257 5649 aedificare
278 5609 310 5648 ac
331 5608 493 5648 consecrare
509 5591 616 5648 invilla
637 5606 695 5647 suae
709 5590 835 5647 ccclesiae
848 5592 925 5666 regio
976 5604 1017 5651 rat
1031 5613 1064 5651 ex
1089 5599 1219 5667 parochia
1242 5599 1419 5668 Suessonica‚
1442 5599 1549 5656 scilicet
1564 5599 1714 5656 orbacensi
1726 5607 1766 5652 ma
1827 5613 1839 5667 t'

154 5705 210 5774 (ll)
232 5704 279 5759 llic
292 5714 388 5775 postea
402 5702 452 5760 luit
467 5702 546 5759 Rom.
563 5700 698 5774 pontifex.
