3840 6106
126 223 178 281 oar
797 209 932 266 roauurs
952 208 1010 264 xm
1030 176 1124 265 aare
1748 219 1800 278 9⁶⁸

129 360 307 418 reminissens
332 355 536 420 mandatorum,
561 350 640 407 itain
667 348 822 406 commissa
845 350 936 422 plebis
948 355 971 419 Α
1021 347 1049 402 Si
1069 364 1182 419 semper
1207 348 1386 406 concedenda
1407 358 1472 409 suut
1499 368 1561 426 qna
1578 354 1634 426 piis
1652 354 1799 415 desideriis

128 452 263 526 regimine
273 447 467 519 lucrandisque
482 444 627 499 animabus
642 441 765 516 invigila,
781 449 810 497 ut
823 442 938 498 lledem-
988 445 1271 514 commemorante
1298 441 1385 515 magis
1404 458 1437 497 ea
1459 460 1520 514 quae
1541 459 1592 515 pro
1608 445 1699 500 divini
1712 447 1798 504 cultus

130 540 200 612 ptori
217 545 310 595 nostro
324 536 442 592 fructum
457 535 537 590 bene
545 530 724 604 operationis.
741 531 768 586 in
782 546 837 603 quo
850 531 936 588 lateri
987 534 1143 590 constantia
1158 535 1299 605 pertinere
1314 545 1475 605 noscuntur,
1488 539 1653 595 omnimodo
1668 552 1796 599 nonsuut

129 632 228 704 possis,
241 629 380 685 exhibeas.
986 628 1122 702 neganda.
1149 630 1180 684 lit
1193 629 1256 687 ideo
1279 630 1349 686 sciat
1362 633 1484 688 omniurn
1508 642 1665 690 vestrorum
1686 636 1795 692 bonitas

163 723 300 794 Scriptum
323 737 373 793 per
396 735 507 775 manum
531 717 662 789 Stephani
678 715 815 772 scriniarii
833 724 935 775 sanctae
986 724 1067 789 atque
1086 718 1222 774 industria
1241 719 1307 790 quia
1329 720 1373 775 vir
1392 720 1477 776 Deum
1492 721 1597 777 timens
1624 734 1654 777 et
1678 724 1794 796 inclytus

127 814 384 885 sedisapostolicae,
399 812 427 867 in
448 826 543 867 mense
558 808 678 874 Octobri,
696 808 791 865 indict.
807 825 855 864 xu.
986 825 1089 876 comes,
1114 810 1227 866 nomine
1242 810 1330 877 Oliba,
1354 812 1469 867 veniens
1487 822 1595 870 oratum
1620 814 1736 870 liornarn
1761 816 1791 870 ad

512 922 543 975 x·
986 899 1206 959 beatissimorum
1233 902 1420 972 apostolorum
1443 903 1515 959 Petri
1529 909 1558 959 et
1573 903 1651 959 Pauli
1665 906 1792 961 sacratis·

207 1054 213 1059 ·
270 1030 370 1069 mm
385 1028 500 1068 mum„
522 1029 557 1067 A„
573 1027 790 1067 mmm
986 988 1055 1043 sima
1076 1005 1203 1061 corpora,
1219 991 1367 1062 postulavit
1390 1007 1406 1046 a
1429 992 1511 1048 nobis
1535 1001 1568 1048 ut
1596 994 1791 1049 monasterium

420 1104 506 1175 (Anno
522 1102 642 1172 eodem.)
986 1084 1061 1155 quod
1084 1090 1197 1140 vocatur
1216 1086 1323 1154 Arelas,
1350 1093 1537 1142 constructum
1567 1087 1687 1144 afretre
1700 1088 1742 1144 avi
1753 1090 1791 1144 sui

129 1195 358 1251 Consecrationem
370 1195 770 1263 episcopornmomniaminter
783 1193 894 1248 Albium
911 1197 937 1248 et
986 1176 1021 1230 ad
1041 1176 1175 1232 1010111111
1205 1178 1313 1234 1101111111
1344 1186 1509 1263 1131111111
1532 1180 1654 1255 1111811113
1683 1181 1792 1253 timim·

162 1267 267 1334 Selem‚
285 1269 383 1335 jusque
398 1266 470 1334 polii
482 1265 526 1319 tta·
547 1268 572 1319 et
591 1266 787 1320 successoribus
801 1265 909 1320 tribuit.
985 1268 1025 1323 cis
1041 1268 1140 1336 llaria,
1157 1270 1276 1341 positum
1290 1272 1426 1327 territerio
1438 1273 1586 1330 comitatus
1596 1275 1790 1331 Rossilionen·

371 1352 583 1423 [llas81,C0ncll.
599 1351 690 1422 11151
984 1359 1033 1427 sis,
1049 1360 1076 1414 in
1097 1360 1159 1417 loco
1174 1362 1221 1433 qui
1237 1361 1321 1417 Vallis
1348 1363 1443 1433 risperi
1467 1373 1592 1433 vocatur,
1605 1364 1688 1435 juxta
1709 1366 1789 1436 ripam

160 1446 280 1501 1111111111
302 1444 460 1516 episcopus,
476 1459 573 1499 51111111
585 1460 726 1499 8111111111111
747 1443 806 1510 Dei,
827 1444 934 1499 charis·
985 1450 1109 1508 liuminis
1120 1452 1208 1521 Theti,
1219 1456 1294 1526 quod
1304 1456 1410 1531 vulgari
1431 1457 1536 1512 nomini
1548 1459 1634 1514 etiam
1651 1474 1789 1530 nuncupa·

127 1538 197 1594 simo
209 1536 340 1594 confratri
355 1543 448 1593 nostro
464 1538 634 1600 durescere,
650 1535 752 1592 sanetae
766 1536 933 1611 Magdebur·
984 1547 1038 1608 tur,
1069 1542 1121 1597 sub
1146 1549 1279 1613 perpetua
1306 1543 1478 1601 immunitate
1501 1556 1663 1604 sanctorum
1687 1548 1789 1603 Patrurn

125 1629 220 1703 gensis
247 1628 374 1684 Ecclesiae
403 1627 603 1698 archipraesuli,
620 1626 648 1681 in
669 1626 784 1682 Domino
803 1634 933 1683 aeternam
985 1648 1046 1688 curn
1060 1633 1223 1690 defensione
1238 1644 1340 1691 sanctae
1355 1646 1456 1693 nostrae
1470 1638 1724 1710 sedisapostolicae
1738 1655 1792 1693 ma·

127 1719 253 1774 salutern.
986 1728 1107 1784 nandum
1121 1729 1345 1796 decerneremus,
1362 1748 1425 1788 cum
1439 1733 1571 1788 omnibus
1587 1733 1675 1788 rebus
1690 1743 1718 1788 et
1732 1749 1792 1804 pos·

162 1814 202 1868 lta
212 1821 250 1881 te,
264 1812 349 1868 l'rater
362 1811 524 1867 charissime
537 1818 566 1866 et
580 1811 746 1883 coepiscope
761 1817 867 1879 noster,
880 1811 934 1866 vita
984 1819 1158 1875 sessionibus
1172 1820 1226 1876 sibi
1243 1821 1455 1892 pertinentibus.
1473 1823 1552 1880 Unde
1566 1823 1694 1878 inclinati
1708 1823 1794 1894 preci·

127 1920 274 1975 moresque
289 1903 328 1958 tui
345 1904 478 1958 haetenus
490 1903 620 1958 idoneum
636 1903 791 1967 reddidere,
808 1915 838 1960 ut
849 1905 932 1959 multa
986 1907 1105 1976 buseJus
1119 1909 1292 1976 humilitatis,
1311 1926 1360 1982 per
1380 1911 1452 1967 banc
1467 1920 1589 1969 nostram
1615 1913 1790 1984 apostolicam

126 1995 177 2049 tibi
189 1996 314 2061 credere,
331 1995 409 2065 plura
421 1994 503 2049 ctiam
518 1994 700 2060 committere,
719 1996 790 2051 sicut
801 1995 874 2051 bono
890 1996 935 2051 di·
985 2007 1013 2054 et
1037 1998 1224 2056 inviolabilem
1247 2001 1461 2071 praeceptionem
1479 2004 1630 2058 statuimus
1659 2004 1789 2075 idipsum

126 2091 291 2161 spensatori,
308 2104 363 2144 non
375 2089 542 2144 haesitemus.
560 2090 645 2164 lqitur
659 2089 724 2161 quia
743 2090 776 2145 ad
797 2092 934 2162 pastorale
985 2092 1033 2147 Ilei
1049 2093 1194 2149 Genitricis
1212 2096 1411 2151 monasterium
1426 2112 1459 2151 err
1476 2096 1586 2173 integro
1608 2113 1661 2169 pro
1676 2114 1726 2152 sun
1739 2105 1790 2152 sta-

124 2187 234 2241 onlmon
249 2185 339 2256 plebis
355 2192 419 2253 toae,
436 2191 463 2239 ot
477 2185 750 2256 comprovincialium
771 2193 890 2255 morum,
904 2193 932 2243 oa
983 2181 1086 2236 bilitate
1099 2183 1295 2254 perpetualiter
1321 2184 1355 2238 ad
1376 2184 1510 2240 ditionem
1534 2192 1622 2257 atque
1650 2187 1789 2242 tuitionem

123 2281 217 2329 nostra
243 2283 304 2345 post
328 2275 412 2328 Deum
430 2281 456 2329 te
481 2274 629 2329 auctoritas
653 2275 800 2345 promovit,
824 2277 932 2347 etquis
982 2281 1084 2328 sanctae
1095 2273 1324 2329 matrislleclcsiae
1337 2275 1447 2345 persisti
1461 2275 1576 2344 debere,
1599 2278 1791 2334 conlirmantes

122 2373 196 2422 tanta
210 2366 368 2422 sclavorum
380 2365 459 2436 plebs
472 2366 542 2422 ultra
556 2364 655 2420 lluvios
671 2366 774 2421 libiam
791 2376 819 2422 et
829 2367 930 2435 Salam,
983 2363 1022 2418 illi
1034 2378 1134 2420 omnes
1148 2380 1193 2419 rcs
1206 2381 1274 2436 quas
1285 2365 1346 2436 jure
1356 2374 1384 2421 et
1398 2367 1602 2423 rationabiliter
1618 2369 1673 2423 sibi
1690 2386 1706 2424 a
1721 2370 1790 2441 prin-

122 2458 295 2515 scilicctlleo
311 2458 572 2530 noviteracquisita,
589 2459 684 2528 [raucis
699 2459 856 2529 pastoribus
874 2460 930 2514 mi·
983 2454 1057 2525 cipio
1081 2456 1231 2527 pertinent,
1247 2463 1275 2511 et
1288 2473 1375 2529 usque
1390 2458 1418 2513 in
1444 2458 1527 2514 srnern
1543 2460 1640 2516 saecnli
1657 2463 1791 2532 pertinere

125 2551 199 2607 nime
215 2551 285 2607 tueri
301 2557 401 2622 potest,
421 2551 539 2622 qualiter
560 2551 701 2621 episcopis
714 2560 768 2607 tnae
780 2553 841 2607 sedi
865 2554 933 2608 snb·
983 2546 1096 2615 debent,
1112 2548 1243 2614 lucellis,
1260 2549 1395 2613 eeclesiis,
1418 2552 1606 2619 ornamentis,
1629 2554 1792 2608 saerisrasia

122 2646 204 2715 jectis
232 2645 376 2717 parochias
393 2645 594 2700 rationabiliter
621 2652 647 2702 et
666 2656 746 2703 caua
774 2647 881 2703 statuas
905 2658 933 2705 a
982 2647 1010 2694 et
1020 2639 1208 2706 ostensarum,
1225 2639 1344 2708 inritus,
1357 2642 1680 2712 essisseuisancillia
1693 2645 1793 2700 libertis

127 2733 287 2801 distribuas,
305 2739 358 2788 tuae
373 2733 591 2804 dispensationis
603 2740 630 2789 et
643 2735 819 2791 discretionis
828 2737 933 2792 exami-
982 2726 1369 2800 θ1111111111111118,11111111,111111
1385 2730 1454 2801 ipsis
1467 2747 1606 2803 1111111111
1632 2749 1665 2788 11
1681 2741 1791 2805 11111111

58 2816 63 2824 ’
123 2825 151 2880 ni
171 2825 334 2891 committ03
357 2832 384 2881 et
399 2826 451 2881 lroc
466 2825 635 2880 serenissimi
651 2826 801 2897 spiritualis
816 2827 864 2882 titii
879 2844 932 2885 no·
983 2820 1194 2890 parietinarum
1220 2822 1384 2896 verdigariis
1393 2829 1420 2878 et
1447 2823 1696 2893 circumjacentiis,
1715 2826 1789 2881 terris

124 2918 173 2972 stri
189 2915 364 2987 imperatoris
383 2914 509 2988 angusti,
532 2915 579 2986 qui
595 2914 719 2985 ejusdem
735 2924 788 2971 tnae
803 2916 931 2972 Ecclesiae
982 2917 1010 2964 θῑ
1022 2910 1170 2981 aquimolis
1183 2927 1245 2966 cum
1263 2912 1320 2967 suis
1343 2913 1507 2984 caputaquis
1530 2921 1559 2970 et
1574 2914 1647 2986 ipsis
1660 2917 1788 2987 aquaedu-

123 3005 252 3062 iundator
274 3011 302 3060 et
321 3010 416 3059 auctor
437 3010 488 3067 est,
514 3019 589 3068 cura,
618 3003 763 3076 diligentia
781 3011 808 3060 ct
824 3006 931 3074 jndicio
942 3032 967 3101 C
980 2998 1071 3055 stibus
1080 3015 1113 3055 ae
1126 3000 1250 3070 piscariis
1261 3001 1445 3072 omnibusque
1456 3000 1525 3057 locis
1539 3004 1627 3060 cultis
1636 3012 1663 3060 et
1674 3004 1788 3071 incultis,

123 3097 193 3164 lieri,
211 3113 260 3168 per
289 3097 433 3168 presentis
458 3095 595 3169 privilegii
625 3096 768 3151 munimen
788 3105 878 3153 sanson
903 3106 931 3154 ot
981 3097 1081 3145 etcum
1092 3092 1346 3160 universisusibus,
1357 3095 1525 3162 redditibus
1541 3097 1788 3153 scudacimationi·

123 3191 267 3250 confirmo.
296 3192 324 3246 Si
340 3206 407 3263 ergo
421 3189 456 3245 ab
482 3188 633 3260 apostolica
654 3190 732 3254 sede,
751 3191 795 3245 oui
811 3192 866 3247 noo
885 3208 931 3247 ω.
980 3183 1033 3239 bus
1046 3193 1073 3241 et
1088 3186 1218 3241 tributis:
1239 3189 1447 3260 promulgantes
1459 3190 1541 3244 etiam
1570 3190 1750 3252 haecomnia,
1768 3196 1791 3245 et

123 3295 198 3342 ctore
213 3284 350 3356 praesideo
366 3283 495 3340 Ecclesiae
512 3293 564 3338 tuae
584 3300 760 3351 concessum,
778 3293 808 3340 ut
820 3287 855 3341 ab
870 3287 930 3355 ejus
980 3293 1154 3350 quascunque
1179 3278 1306 3353 legaliter
1319 3279 1373 3335 dici
1388 3286 1415 3336 et
1441 3281 1583 3337 nominari
1609 3289 1736 3354 possunt,
1750 3297 1792 3354 per

123 3378 277 3434 rectoribus
292 3376 427 3448 episcopi,
442 3376 489 3448 qui
513 3376 584 3431 ultra
597 3377 703 3432 albiam
715 3384 743 3432 et
758 3377 847 3433 Salam
861 3394 930 3434 con·
981 3371 1051 3426 fines
1065 3379 1092 3427 el
1105 3372 1238 3429 terminos
1256 3389 1321 3429 suos
1337 3374 1502 3430 inconcussa
1516 3382 1544 3430 et
1570 3376 1719 3431 indemnia
1744 3393 1792 3432 ma·

122 3468 221 3532 stituti,
236 3477 263 3522 et
278 3465 463 3522 constituendi
476 3473 551 3531 suut,
567 3465 742 3537 postfuturis
757 3468 931 3540 temporibus
981 3478 1048 3518 nere
1063 3465 1096 3519 ad
1124 3464 1277 3520 dominium
1300 3465 1388 3537 ipsius
1402 3466 1472 3521 sacri
1485 3468 1625 3536 eoenobii,
1649 3477 1680 3525 et
1692 3470 1788 3525 utilita-

122 3565 329 3624 consecrentur,
351 3566 379 3613 et
391 3557 445 3628 ipsi
468 3557 593 3628 ejusdcm
611 3564 665 3614 tua
681 3559 787 3615 scilicet
802 3558 931 3614 Ecclesiae
982 3559 1036 3607 tem
1050 3554 1185 3629 regularis
1199 3553 1306 3610 abbatis
1326 3571 1375 3610 seu
1391 3557 1595 3612 monachorum
1612 3558 1718 3615 ibidem
1740 3560 1787 3615 lieo

122 3649 746 3721 archiepiscopus,sicutprotemporefuerint,
755 3655 930 3715 consecrent,
981 3644 1170 3699 servientium·
1183 3646 1297 3718 1111011110
1310 3653 1626 3721 1111011111111111111
1641 3650 1787 3707 1118111111

77 3764 82 3775 ,
123 3744 170 3817 qui
186 3742 299 3814 pallium
322 3743 476 3798 seeundum
498 3743 748 3800 moremllomanae
769 3743 931 3799 Ecclesiae
982 3735 1786 3807 111111111110110,111111,11111111111111111011111111·

124 3842 216 3891 nostra
243 3836 310 3891 sede
326 3834 471 3907 recipiant.
497 3833 586 3903 Unde,
606 3835 870 3902 iratercharissimc,
888 3836 931 3890 di·
981 3839 1042 3897 8¹¹ae
1058 3840 1204 3896 1111111111
1219 3841 1345 3896 1111101111
1359 3826 1462 3899 1111111111
1485 3827 1520 3882 111
1540 3829 1677 3885 omnibus
1693 3830 1782 3902 quati

123 3925 270 3981 lectionem
288 3925 331 3996 [sn
347 3924 535 3995 dilectionem]
559 3932 633 3980 tuam
649 3925 786 3982 admoneo
797 3931 825 3981 et
846 3924 929 3982 obte-
981 3919 1121 3989 pertinent
1135 3927 1162 3975 et
1175 3920 1204 3974 in
1232 3926 1312 3976 antea
1328 3921 1468 3992 pertinere
1487 3922 1604 3991 debent,
1623 3925 1731 3994 tollere,
1746 3933 1782 3980 ant

123 4023 190 4084 stor,
200 4023 230 4071 ut
242 4016 335 4071 animo
350 4015 544 4082 sissollioitus,
561 4033 595 4071 ne
610 4016 714 4087 aliquid
730 4015 782 4070 sibi
793 4016 930 4072 commodi
980 4011 1118 4067 violenter
1131 4012 1286 4083 possidere,
1310 4013 1411 4068 sivein
1439 4029 1581 4086 quoquam
1598 4017 1750 4072 molestiam
1760 4022 1781 4070 et

123 4110 188 4164 dato
205 4114 252 4162 aut
266 4106 362 4181 gratia,
380 4105 513 4177 quelibet
525 4107 679 4177 supplicato
694 4122 874 4177 personarum
901 4107 930 4162 in
982 4104 1205 4159 contrarietatem
1221 4103 1312 4160 facere
1329 4123 1337 4171 ;
1352 4105 1511 4161 sedeuncta
1523 4107 1644 4163 mobilia
1658 4116 1686 4165 et
1700 4109 1780 4164 imno

122 4197 207 4254 sacris
232 4195 378 4251 ordinibus
398 4195 534 4259 vindices,
553 4195 603 4249 sed
626 4196 661 4249 ad
676 4196 729 4251 lroc
747 4195 868 4250 osticium
884 4195 931 4250 ille
981 4194 1049 4250 bilia
1066 4197 1233 4271 generaliter
1255 4203 1283 4252 et
1304 4197 1412 4270 integre
1426 4197 1501 4253 salva
1522 4215 1574 4256 sen
1600 4201 1710 4277 integra
1730 4215 1779 4272 per-

124 4291 300 4361 perducatur,
328 4302 408 4359 quem
436 4301 544 4342 morum
570 4287 689 4361 gravitas
715 4288 890 4344 commendet
904 4299 932 4346 et
938 4309 969 4378 D
981 4289 1079 4343 sistant
1094 4289 1127 4343 ad
1142 4304 1223 4344 usum
1238 4297 1265 4345 et
1281 4289 1485 4345 incrementum
1501 4289 1594 4360 ipsius
1608 4293 1681 4349 sacri
1697 4306 1777 4347 mona·

123 4379 186 4434 vira
202 4377 348 4449 praeteritae
361 4376 443 4431 actio.
465 4374 580 4430 Oramus
603 4380 694 4430 antem
710 4376 930 4446 omnipotentem
981 4376 1057 4432 sterii
1072 4376 1124 4432 sub
1137 4377 1310 4448 protectione
1324 4385 1425 4433 nostrae
1450 4378 1526 4433 sedis
1541 4381 1705 4451 apostoliea
1722 4394 1775 4452 per·

50 4504 59 4515 -
125 4470 211 4525 Deum
228 4475 257 4525 ut
271 4484 320 4524 sua
334 4474 360 4523 te
379 4467 533 4523 munitione
548 4467 725 4543 circumagat,
744 4475 772 4523 et
784 4470 930 4526 sacerdotii
982 4467 1073 4539 petuis
1082 4465 1284 4536 temporibusa
1299 4465 1429 4537 praesenti
1442 4466 1597 4524 indictione
1611 4469 1655 4524 l2.
1674 4468 1776 4524 Dianas

123 4568 282 4634 susceptum
297 4560 419 4618 officium
432 4560 564 4631 operibus
582 4559 699 4631 implere
713 4562 857 4617 concedat.
981 4562 1064 4617 etiam
1077 4570 1107 4616 nt
1121 4561 1207 4616 abbas
1231 4561 1278 4632 qui
1300 4561 1404 4617 ibidem
1419 4576 1468 4632 pro
1488 4569 1619 4634 tempore
1646 4563 1731 4628 luerit,
1745 4560 1773 4624 si,

158 4657 260 4713 Actum
277 4671 326 4727 per
338 4652 580 4725 manusStephani
594 4653 730 4709 seriniarii
742 4661 769 4710 et
779 4654 930 4711 bibliotbe-
981 4653 1056 4725 quod
1069 4652 1151 4720 absit,
1166 4669 1182 4707 a
1197 4653 1315 4727 regulari
1330 4653 1472 4724 proposito
1487 4661 1516 4709 et
1528 4655 1704 4712 institutione
1714 4650 1775 4708 beati

121 4745 300 4803 cariisanctae
327 4744 456 4800 Romane
476 4742 607 4799 Ecclesiae
633 4742 662 4797 in
687 4758 784 4798 mense
809 4742 928 4811 Octobri,
980 4741 1121 4796 benedicti
1147 4741 1306 4806 deviaverit,
1327 4741 1385 4797 siue
1410 4757 1453 4797 res
1479 4743 1644 4799 monasterii
1667 4741 1774 4814 ejusden

121 4835 272 4893 indictione
291 4840 422 4891 statutum
438 4831 611 4890 duodecima.
980 4828 1152 4893 alienaverit,
1168 4828 1307 4885 licentiam
1321 4829 1422 4885 habeat
1435 4830 1587 4901 praedictus
1607 4846 1701 4889 eomes
1711 4828 1777 4886 alba

504 4923 548 4978 lll.
980 4920 1038 4976 sive
1053 4921 1095 4977 sui
1111 4921 1240 4977 eumdem
1254 4921 1381 4978 abbatem
1393 4923 1553 4993 expellendi
1566 4922 1654 4992 iores,
1667 4931 1695 4980 et
1713 4919 1776 4994 quod

174 5031 285 5073 tonums
299 5029 374 5069 eran
385 5030 433 5069 mu
447 5028 618 5069 rnrvrseeruu
638 5028 691 5070 ene
709 5029 876 5071 uounsrsnro
979 5013 1015 5068 ab
1040 5028 1074 5069 eo
1094 5014 1245 5071 alienatum
1258 5013 1385 5070 ineritad
1399 5016 1543 5086 proprium
1560 5016 1609 5086 jus
1630 5011 1776 5079 revocandi,

453 5100 594 5141 1111111131·
980 5112 1008 5160 et
1033 5120 1084 5176 pro
1106 5106 1168 5177 ipso
1193 5107 1279 5163 alium
1300 5107 1355 5163 lieo
1381 5107 1496 5182 dignum
1526 5107 1658 5165 abbatem
1686 5106 1778 5165 conab-

437 5175 524 5245 (1111111
540 5174 613 5247 9631
980 5197 1087 5263 tuendi,
1103 5199 1254 5268 approbata
1266 5198 1306 5253 rei
1320 5198 1444 5254 veritate.
1461 5197 1668 5256 constituentes
1681 5203 1777 5272 aposto

160 5268 246 5342 [apua
260 5270 290 5325 D·
308 5267 445 5334 Bououer,
459 5267 572 5333 licceat,
587 5272 654 5323 tom.
672 5266 713 5335 lX,
731 5282 793 5340 paq.
806 5267 883 5339 1731
981 5287 1032 5344 lica
1042 5304 1159 5345 censura
1169 5290 1220 5345 sub
1230 5288 1316 5346 divini
1329 5289 1427 5360 judicii
1454 5289 1647 5347 obtestatione
1660 5292 1778 5361 baama

157 5379 277 5436 loannes
295 5379 452 5450 episcopus,
468 5393 565 5434 servus
584 5392 725 5434 semomm
739 5377 798 5443 liei,
812 5377 927 5433 univer·
979 5393 995 5431 a
1010 5378 1091 5434 nobis
1106 5379 1217 5436 decreta
1229 5387 1294 5437 suut
1307 5379 1448 5452 perpetuis
1462 5378 1777 5453 temporibusinuiolabi-

118 5469 159 5525 sis
168 5469 266 5525 Christi
290 5469 419 5526 fidelibus
447 5468 632 5542 presentibus
643 5475 672 5525 et
685 5467 794 5536 futuris,
810 5470 927 5526 salntem
980 5470 1045 5525 liter
1059 5469 1093 5524 ab
1107 5470 1238 5527 omnibus
1256 5471 1440 5528 observanda.
1457 5470 1485 5526 Si
1509 5472 1575 5544 quis
1587 5481 1693 5539 autern,
1712 5468 1775 5544 quod

96 5614 101 5619 .
122 5557 151 5615 in
166 5561 284 5619 Domino
299 5570 471 5634 perpetuam.
980 5575 1035 5620 non
1048 5561 1198 5630 eredimus,
1214 5562 1361 5620 temerario
1376 5579 1447 5619 anan
1461 5561 1598 5623 adversus
1611 5564 1775 5635 bnjnsoeno·
