3848 6106
119 269 159 327 ⁴5
456 266 621 323 tttsrtttttAE
640 266 805 325 sceleste
824 265 988 323 REldENSlS
1007 262 1095 318 LIBRI
1116 260 1277 327 QUATUOR.
1291 292 1327 302 -
1346 260 1408 316 tttt.
1430 260 1450 316 l.
1753 261 1789 357 eti

121 398 253 454 solentiae
264 397 408 463 charitate,
421 397 585 468 populorum
601 398 716 453 studens
727 397 822 454 turbas
832 396 930 464 vitare,
946 408 970 467 Α
982 410 1058 455 cura.
1082 392 1136 448 nisi
1151 399 1197 447 aut
1212 392 1246 446 de
1265 393 1320 446 lleo
1345 392 1373 446 in
1398 391 1528 459 lectione,
1553 400 1635 464 atque
1649 405 1788 457 sermone,

127 499 206 562 atque
221 489 403 545 solitariusin
416 488 571 545 reclusione
583 486 932 560 hominodeservire,quod
984 493 1030 542 aut
1065 502 1126 540 cum
1164 485 1221 539 lieo
1261 483 1289 538 in
1326 484 1451 539 oratioue
1478 483 1580 556 loqui;
1609 482 1704 556 sicque
1741 494 1787 539 at·

132 585 156 633 et
168 577 298 644 obtinuit,
314 577 475 649 habitaque,
486 586 588 633 sanctae
599 578 819 635 conversationis
834 577 934 633 studiis
984 582 1097 631 tenuato
1113 571 1401 642 continuatisJejuniis
1416 589 1543 644 corpore,
1559 573 1594 628 de
1610 580 1790 646 persecutore

133 663 292 720 adolescens
307 665 379 736 pins,
390 664 554 730 inclusione,
570 665 697 723 Lauduni
708 666 815 726 Christo
830 665 933 722 militn-
984 664 1108 721 certabat
1124 660 1247 729 inimico,
1261 661 1321 734 jugi
1347 661 1517 732 triumphare
1545 668 1689 734 martyrlo.
1718 663 1792 718 luter

135 751 174 807 tit
987 757 1046 812 haec
1062 764 1152 811 tamen
1168 753 1261 810 omnia
1281 752 1444 810 intendebat
1472 752 1514 808 vir
1543 753 1732 822 beatissimus,
1762 762 1792 808 ut

448 845 552 902 tthllT
569 847 612 902 ltt.
986 844 1069 899 etiarn
1083 843 1118 899 ab
1131 841 1194 897 aliis
1204 843 1240 897 de
1252 841 1314 914 ipso
1323 840 1487 912 jamdudum
1498 841 1678 912 praedicatum
1692 841 1793 917 legitur

164 942 199 994 tte
212 939 387 996 ordinatione
399 943 485 1011 ipsius
500 944 724 1014 udepiseopatum
734 946 897 1002 nemmem,
986 937 1155 1006 (Hincuanus
1167 935 1235 990 ibid.
1252 944 1280 989 et
1294 934 1479 1003 Fouruuarus)
1495 952 1502 988 :
1527 932 1691 989 iactantiam
1705 932 1794 990 virtu-

164 1029 446 1085 dstnbivicesimum
466 1031 619 1088 secundum
647 1033 736 1089 aetatis
765 1033 854 1089 subiit
881 1051 933 1090 an·
986 1029 1162 1106 tumsugere,
1180 1028 1277 1101 inquo
1291 1044 1346 1084 non
1366 1035 1473 1099 poterat
1497 1026 1585 1101 gratia
1609 1026 1682 1081 celsa
1698 1026 1792 1082 latere.

137 1135 205 1187 num,
223 1120 359 1177 defuncto
375 1123 487 1194 praesato
512 1125 665 1180 venerabili
682 1125 824 1182 bennadio
843 1127 936 1186 archi·
987 1117 1189 1176 Prseeminebat
1200 1117 1275 1173 enim
1291 1114 1550 1173 ad'admirationem
1562 1115 1696 1183 omnium,
1711 1116 1795 1172 veluti

137 1213 272 1284 episcopo,
292 1213 319 1267 in
332 1214 461 1270 hacurbe
476 1216 615 1284 ilamensi,
631 1217 756 1272 omnium
769 1217 938 1291 generaliter
987 1212 1086 1270 civitas
1098 1226 1184 1282 supra
1199 1211 1301 1266 montis
1321 1211 1453 1266 verticem
1469 1209 1522 1266 sita
1538 1228 1544 1264 :
1561 1226 1613 1266 neo
1628 1209 1679 1265 sub
1704 1207 1797 1264 modio

137 1305 201 1359 totis
214 1305 249 1360 ad
259 1307 368 1378 apicem
385 1305 562 1379 pontificatus
578 1324 633 1364 non
658 1316 711 1364 tam
727 1309 841 1376 electus,
856 1327 938 1383 quam
988 1303 1075 1361 voluit
1103 1302 1234 1358 Dominus
1247 1290 1422 1358 hanc'oeculi
1442 1302 1597 1371 lucernam,
1613 1319 1697 1374 quam
1713 1316 1797 1372 supra

138 1401 226 1465 raptus
242 1395 329 1451 luisse
344 1397 529 1472 dignoscitur.
545 1397 588 1452 Fit
607 1398 745 1470 siquidem
762 1400 858 1471 pop-ali
872 1416 939 1457 con·
989 1391 1148 1450 candelabri
1187 1391 1369 1448 constituerat
1408 1392 1590 1448 eminentiam
1624 1393 1724 1464 (Motth
1769 1406 1795 1446 r.

137 1494 238 1545 cemus,
251 1483 355 1538 diversi
365 1484 478 1557 quidem
496 1501 590 1553 sexus,
602 1486 780 1556 conditionis,
797 1488 941 1564 dignitatis
989 1486 1094 1555 teto),
1106 1484 1171 1558 igne
1186 1482 1288 1539 divinae
1299 1484 1424 1541 tribuens
1447 1500 1508 1540 eam
1533 1485 1676 1541 charitatis
1689 1483 1797 1553 ardere,

136 1580 158 1627 el
169 1575 271 1642 aetatis,
283 1591 338 1630 una
354 1576 508 1650 eademque
522 1579 670 1646 sententia,
700 1581 775 1637 hunc
796 1597 861 1637 uere
884 1583 940 1639 lieo
989 1568 1539 1645 claraquesplendidarumEcclesiaesuae
1550 1573 1681 1632 virtutum
1693 1572 1798 1628 lumina

135 1659 259 1735 dignum,
269 1669 296 1716 et
306 1662 354 1735 qui
368 1663 479 1736 populis
495 1665 598 1737 praefici
610 1667 736 1736 deberet,
752 1671 937 1728 acclamantis.
991 1663 1160 1719 ministrare·

135 1750 328 1809 Sanctissimus
343 1755 427 1828 igitur
451 1757 613 1814 adolescens
627 1759 670 1815 his
685 1760 832 1833 depressus
847 1780 938 1840 angu·
1306 1752 1410 1810 CAPUT
1425 1754 1483 1810 ΧΠ·

135 1843 201 1909 diis,
218 1846 351 1916 quoniam
366 1863 418 1904 nee
433 1848 504 1924 fugae
527 1852 605 1906 locus
629 1853 655 1907 ei
678 1853 786 1924 uspiam
816 1856 940 1927 patebat,
991 1846 1158 1903 Dedt‘oersa's
1172 1847 1249 1901 obeo
1266 1848 1387 1917 putretis
1401 1845 1555 1914 miraculis,
1581 1849 1607 1901 et
1630 1841 1800 1900 dedoctriun

136 1946 181 1987 nec
194 1934 301 2004 populo
317 1943 347 1991 ut
360 1937 395 1990 ab
415 1936 570 1994 intentione
596 1946 687 2011 coepta
714 1941 869 2010 desisteret,
885 1943 942 2000 ullo
1336 1941 1435 2010 ipsius.

136 2025 216 2080 modo
246 2027 406 2084 satisfacere
428 2036 560 2100 poterat,
594 2047 679 2103 super
715 2033 803 2089 astatis
826 2033 942 2091 inhrmae
1030 2030 1068 2084 td
1084 2031 1164 2100 cujus
1176 2030 1340 2097 sanctitatis,
1353 2045 1409 2084 non
1425 2025 1624 2090 innocentiam,
1636 2040 1692 2081 non
1707 2025 1798 2081 solum

137 2117 943 2201 toepitconqueritempore,etqu0decelesiasticaregula
994 2119 1228 2187 rationabilium,
1256 2120 1305 2175 sed
1347 2119 1431 2174 etiam
1465 2115 1698 2172 irrationabilium
1732 2130 1801 2171 con-

136 2207 205 2264 hanc
220 2218 332 2266 aetatem
348 2213 383 2267 ad
394 2221 497 2270 tantam
512 2230 567 2271 non
582 2215 741 2272 admitteret
767 2218 943 2292 dignitatem,
994 2211 1151 2284 sueverant]
1181 2212 1302 2284 adreslia
1328 2212 1412 2268 ⁰⁰ld³
1444 2223 1650 2276 mansuescere,
1674 2207 1744 2263 adet)
1772 2215 1803 2263 1¹²

137 2316 199 2356 roca
215 2303 944 2382 publicapraedicare.Sedcumirrevoeabiliterpo-
995 2303 1060 2358 dum
1085 2303 1157 2358 inter
1183 2301 1350 2359 domesticos
1380 2302 1516 2358 secretius
1551 2317 1613 2356 eum
1642 2299 1804 2374 contigisset

137 2388 189 2459 puli
203 2391 370 2449 acclamaret
384 2393 550 2467 frequentia,
567 2404 594 2452 et
604 2397 646 2453 vir
662 2397 709 2453 [lei
720 2414 820 2471 magna
836 2400 943 2454 retine·
994 2391 1099 2447 habere
1115 2392 1282 2459 convivium,
1301 2401 1328 2447 et
1342 2393 1528 2448 delectaretur
1544 2390 1573 2444 in
1587 2389 1726 2445 hilaritate
1736 2390 1803 2445 cha-

138 2489 210 2536 retur
239 2486 407 2553 constantia,
430 2487 533 2558 placuit
568 2489 753 2560 omnipotenti
783 2491 945 2546 [leomani-
996 2495 1099 2549 rorum,
1116 2481 1369 2553 passere-hadom
1387 2481 1448 2536 Sine
1477 2479 1661 2552 trepidalifflle
1681 2478 1802 2534 descen·

140 2566 294 2627 laetissimis
313 2572 426 2629 indiciis
445 2577 601 2647 propalare,
614 2578 688 2649 quod
704 2577 764 2650 ipse
777 2579 812 2634 de
827 2594 860 2634 eo
867 2579 944 2648 judi·
996 2571 1094 2630 derent
1107 2580 1135 2627 et
1148 2587 1250 2629 mensae
1258 2572 1391 2645 reliquias
1404 2573 1438 2628 ab
1454 2572 1514 2641 ejus
1528 2588 1611 2627 manu
1625 2571 1804 2646 colligerent,

143 2656 209 2713 cium
238 2661 408 2736 dignabatur
432 2663 548 2719 habere.
568 2665 695 2720 Traditur
722 2666 796 2721 enim
824 2668 947 2725 eoelestis
997 2661 1175 2718 discederent
1203 2660 1250 2715 alii
1275 2661 1372 2728 saturi,
1396 2660 1561 2716 accederent
1581 2659 1626 2714 alii
1650 2660 1805 2715 saturandi.

147 2750 207 2806 radii
223 2753 319 2810 lumen
335 2771 421 2828 super
432 2756 519 2827 ipsius
528 2764 654 2813 sanctum
665 2758 946 2817 subitodesceudisse
998 2753 1076 2820 0¹10d
1087 2754 1122 2808 ab
1138 2752 1237 2809 00dffl¹l
1254 2769 1430 2826 nequaquam
1454 2752 1586 2821 jactantia
1610 2751 1806 2823 Pl0P³¹³b⁸²⁰s

149 2840 281 2906 recreem,
298 2844 597 2918 etcumipsolumine
626 2847 947 2918 coetitusejusintusurn
998 2848 1168 2912 meritorum,
1182 2846 1231 2901 sed
1246 2846 1272 2900 id
1301 2846 1440 2902 Dominus
1467 2844 1512 2918 agi
1539 2853 1614 2900 certa
1633 2845 1807 2916 disposuerat

154 2936 223 3004 capiti
235 2939 369 3014 unguinis
384 2939 469 2995 divini
482 2938 629 3011 liquorem,
642 2941 798 3010 eujussaeri
815 2944 947 3012 nectaris,
998 2943 1117 3003 utilitate
1133 2938 1351 3005 convivantium,
1367 2945 1400 2994 ut
1413 2940 1466 2994 hoc
1479 2938 1597 3009 aliisque
1613 2938 1807 3012 frequentissi-

155 3020 265 3088 ejusdem
282 3037 371 3083 totum
386 3028 620 3101 videretureaput
633 3029 935 3089 infusionedelibutum
999 3033 1051 3088 mis
1059 3048 1108 3104 per
1127 3031 1202 3085 hunc
1212 3027 1310 3083 Christi
1336 3027 1467 3082 lamulum
1493 3027 1560 3083 visis
1575 3029 1727 3096 miraculis,
1744 3044 1807 3084 sese
1877 3061 1879 3065 ,

155 3107 219 3170 tluu
230 3133 295 3193 ergo
309 3118 468 3189 posthabita
501 3119 686 3190 dubitatione,
716 3126 863 3195 praesulum
893 3082 1147 3181 lle-cdominicis
1163 3117 1315 3175 terrentius
1330 3117 1476 3173 studerent
1497 3118 1656 3190 mancipare
1671 3118 1804 3175 servitiis.

152 3210 244 3264 mensis
253 3210 438 3267 unanimitate
458 3213 620 3284 provinciae,
637 3212 790 3286 pontificali
800 3232 949 3273 consecra·
1035 3213 1083 3268 ttie
1098 3211 1140 3264 uir
1153 3207 1341 3273 beatissimus,
1356 3222 1418 3263 eum
1434 3223 1467 3263 ox
1483 3222 1570 3274 more,
1597 3208 1717 3282 quodam
1734 3216 1806 3265 tem-

151 3297 190 3349 tur
216 3300 422 3360 benedictione.
446 3306 484 3360 td
513 3306 725 3377 quodollicium
754 3307 870 3365 mirifice
886 3325 948 3365 mox
999 3322 1067 3380 pore
1085 3300 1217 3374 pastorali
1232 3299 1345 3354 solertia
1360 3298 1508 3370 parochias
1534 3300 1703 3367 circumiret,
1730 3308 1761 3357 ut
1784 3300 1808 3357 si

145 3379 256 3478 devotus
270 3401 298 3447 et
308 3392 469 3465 aptissimus
479 3395 949 3473 apparuitexsequeudum;largus
999 3397 1174 3473 negligenter
1201 3390 1307 3464 aliquid
1339 3391 1367 3445 in
1388 3391 1496 3447 divinis
1520 3393 1641 3449 cultibus
1668 3400 1807 3469 ageretur,

144 3481 384 3555 ¹1teleemosynis,
400 3485 514 3541 sedulus
527 3486 679 3562 invigiliis,
696 3496 817 3546 attentus
844 3490 873 3545 in
887 3505 948 3546 ora·
999 3489 1092 3546 fidelis
1107 3484 1207 3543 Christi
1223 3499 1319 3541 servus
1338 3492 1512 3559 agnosceret,
1543 3485 1687 3548 insicum,
1704 3485 1808 3540 Calmi-

143 3563 276 3640 tionibus,
294 3577 323 3632 in
343 3577 515 3635 humanitate
529 3579 670 3652 profusus,
685 3582 714 3636 in
733 3582 866 3638 charitate
886 3598 949 3653 per·
1000 3583 1107 3641 eiacum
1123 3577 1247 3644 nomine,
1279 3575 1370 3648 ipsius
1397 3577 1515 3633 accessit
1537 3577 1623 3633 studii
1648 3576 1807 3633 devotione.

144 3651 242 3732 tectus,
269 3665 299 3720 in
326 3666 453 3724 doctrina
483 3669 654 3742 praecipuus,
684 3671 712 3726 in
739 3670 949 3728 conversatione
1000 3670 1269 3743 libi,dumquidam
1282 3669 1422 3726 caecusah
1439 3670 1688 3729 comisericordiae
1709 3678 1808 3744 postu-

148 3756 345 3814 sanctissimus.
372 3759 472 3816 Mentis
500 3762 654 3834 purissimae
671 3766 881 3833 sinceritatem,
910 3766 948 3839 pii
1001 3770 1084 3825 lasset
1105 3781 1198 3837 opem,
1225 3763 1320 3835 coepit,
1343 3779 1398 3836 qua
1426 3763 1530 3819 dudum
1546 3772 1644 3835 captus
1668 3764 1810 3820 exstiterat

153 3841 238 3899 vultus
272 3847 439 3919 praelerebat
479 3851 642 3922 alacritate,
683 3856 950 3928 clementissimique
1000 3857 1342 3926 intestationedaemonis,
1357 3857 1505 3912 vexatione
1524 3858 1648 3929 torqueri
1672 3858 1806 3930 corporis.

159 3932 239 3987 sordis
262 3935 464 4009 benignitatem
478 3941 614 3997 sermonis
629 3942 771 3998 indicabat
787 3945 948 4016 tranquilli·
1000 3950 1076 4006 Tune
1088 3955 1200 4003 sanctus
1210 3943 1354 4019 Remigius
1367 3944 1395 3999 in
1405 3943 1542 4010 oratione,
1556 3960 1611 4016 qua
1634 3946 1688 4001 ileo
1699 3961 1811 4018 semper

165 4022 443 4084 laledduttsaeternae
453 4031 949 4108 munianonminusimplensopere,
1001 4033 1261 4096 sanctaintentione
1284 4032 1412 4100 vacabat,
1436 4048 1571 4104 corporea
1596 4049 1626 4088 se
1653 4033 1810 4104 dejectione

172 4118 365 4176 lltmedecens
385 4119 606 4190 pradicatione3
634 4125 803 4181 reuerendus
826 4134 950 4196 aspectu,
1002 4128 1159 4203 prostravit,
1176 4127 1325 4199 statimque
1334 4125 1484 4198 pristinum
1505 4142 1579 4183 caeco
1610 4127 1812 4184 lumenredhi-

175 4209 321 4266 lttterandus
336 4210 464 4281 incessu,
485 4216 652 4271 metuendus
669 4217 828 4286 severitate,
845 4219 953 4289 ample·
1002 4221 1083 4284 bens,
1099 4215 1234 4274 immundi
1261 4230 1373 4288 quoque
1395 4221 1500 4286 pestem
1527 4214 1642 4287 spiritus
1670 4215 1811 4292 affugavit,

177 4295 264 4392 tiendus
274 4301 459 4377 benignitate,
483 4320 628 4362 censuram
657 4308 838 4366 districtionis
848 4311 955 4381 permi·
1004 4311 1107 4385 triplici
1131 4309 1267 4376 remedio,
1295 4308 1427 4364 nimirum
1456 4309 1531 4365 rictu
1555 4309 1649 4365 solans
1681 4326 1811 4385 egenum,

178 4386 241 4445 trous
256 4393 428 4465 temperabat
452 4399 684 4455 mansuetudinis.
716 4400 811 4457 llinari
841 4402 953 4474 quidem
1007 4415 1156 4458 munerans
1168 4399 1230 4454 visu
1241 4406 1385 4464 cacatum,
1412 4397 1561 4453 restituens
1588 4397 1710 4466 libertati
1724 4400 1813 4472 capti-

179 4464 248 4535 [math
258 4483 405 4540 ridebatur
418 4485 576 4557 austeritas,
587 4488 636 4544 sed
656 4488 747 4546 cordis
757 4489 955 4547 blandiebatur
967 4449 995 4518 D
1006 4506 1082 4547 vum.

179 4568 301 4636 sttettitas3
316 4580 347 4627 ut
355 4588 422 4646 erga
434 4573 550 4631 devotos
561 4575 656 4632 Petrus
671 4585 819 4651 appareret
832 4579 860 4634 in
876 4580 953 4635 uultu
1040 4578 1100 4634 hlio
1111 4591 1222 4653 quoqne
1238 4582 1375 4649 tempore,
1387 4573 1453 4630 dum
1464 4575 1614 4648 pontilieali
1625 4577 1812 4635 sollicitudine

180 4658 248 4747 mom
260 4660 454 4734 delinquentes
485 4664 585 4720 Paulus
613 4666 754 4723 rideretur
773 4667 800 4723 in
829 4668 953 4740 spiritu,
1005 4669 1165 4744 parochiam
1186 4672 1357 4741 peragraret,
1374 4671 1487 4738 rogatus
1516 4665 1670 4737 aqnadam
1699 4665 1813 4722 sobrina

179 4751 247 4841 {bute
259 4754 408 4828 gratiarum
423 4756 583 4813 diversitate
602 4758 631 4813 in
660 4775 744 4815 unum
759 4762 954 4827 conveniente,
1005 4780 1066 4828 sua,
1082 4761 1195 4817 nomine
1208 4759 1356 4823 Celsn,lleo
1368 4764 1484 4825 sacrata,
1500 4758 1593 4812 villam
1616 4757 1715 4829 ipsius,
1730 4774 1813 4815 voca-

180 4827 232 4894 dhua
247 4844 365 4916 pietatis.
383 4847 465 4916 hujus
481 4855 540 4904 erat
554 4849 677 4907 imitator
703 4854 884 4921 auctoritatis,
906 4871 957 4910 ne·
1006 4855 1073 4910 bulo
1084 4853 1189 4909 Callum
1199 4850 1269 4921 (Gal,
1285 4849 1498 4918 cananuadtit.
1513 4848 1629 4903 ibidum
1646 4851 1746 4905 beat-us
1759 4849 1813 4913 vir,

180 4921 378 5025 tlahrqutetis,
398 4939 494 5015 refuga
507 4943 669 5014 voluptatis,
687 4945 826 5016 appetitor
841 4947 955 5014 laboris,
1006 4942 1179 5017 spiritalibus
1194 4939 1342 5011 colloquiis
1352 4939 1415 4993 vitae
1431 4937 1561 5010 propinat
1572 4938 1676 5010 hospiti
1688 4939 1722 4994 de
1736 4954 1813 4995 more

181 5022 262 5080 latreus
287 5027 461 5099 abjectionis,
490 5029 639 5102 impatiens
654 5032 777 5103 honoris,
799 5051 907 5109 pauper
928 5037 957 5091 in
1008 5036 1119 5110 pocula,
1132 5035 1259 5090 minister
1274 5033 1394 5105 praetatae
1408 5032 1503 5099 Celsa,
1532 5032 1589 5088 vini
1619 5031 1814 5089 sufficientiam

181 5118 280 5187 tenuta,
297 5120 419 5177 diresin
442 5125 624 5193 conscientia,
646 5127 759 5183 humilis
786 5128 821 5183 ad
849 5129 956 5197 merita,
1008 5125 1129 5182 dominae
1144 5137 1200 5179 suta
1221 5123 1329 5179 nuntiat
1344 5136 1399 5177 non
1418 5121 1527 5179 adesse.
1554 5121 1593 5178 Re
1620 5121 1814 5190 huiuscemodi

182 5209 335 5300 slttcrhnsad
350 5214 428 5270 sitia.
445 5216 588 5274 Etutante
599 5219 692 5275 nosde
707 5219 768 5292 ipso
779 5222 957 5292 praedicatuui
1009 5219 1130 5295 cognita,
1159 5223 1270 5270 sanctus
1295 5212 1438 5288 Remigius
1466 5214 1537 5268 hanc
1561 5213 1642 5269 hilari
1658 5213 1817 5269 consolatur

181 5282 256 5384 ¹tlgttur
269 5302 473 5371 (llrncuanusin
491 5305 554 5361 libr.
573 5310 611 5363 lle
629 5309 694 5363 Vita
706 5311 816 5379 ipsius),
831 5309 871 5366 sie
888 5311 959 5367 inse
1009 5303 1410 5377 vultuotpostblaodaverhi
1438 5304 1573 5360 solamina
1602 5303 1727 5374 ejusdem
1762 5305 1815 5359 sibi

179 5372 274 5445 triesas
283 5392 404 5448 excoluit
420 5394 570 5468 gratiarum
581 5396 709 5464 uirtutes,
721 5407 752 5453 ut
774 5399 867 5454 virita
880 5401 960 5471 pauci
1010 5400 1109 5458 domus
1124 5397 1233 5456 ostendi
1246 5396 1378 5468 praecepit
1388 5396 1546 5453 habitacula
1568 5396 1669 5470 Sisque
1685 5398 1720 5454 de
1734 5396 1817 5452 indu·

178 5469 639 5556 huareutsmgutasquomodoitte
656 5485 780 5558 implevit
807 5489 958 5546 universas.
1011 5495 1077 5552 stria
1104 5492 1181 5566 prius
1198 5492 1493 5563 perlustranteaetera,
1525 5494 1637 5548 tandem
1668 5488 1816 5546 adcellam

176 5556 269 5640 Semper
281 5573 310 5628 in
326 5574 415 5631 sancti
428 5575 523 5648 operis
535 5577 678 5646 exercitio,
708 5594 819 5651 semper
839 5580 867 5636 in
881 5598 960 5639 com·
1012 5585 1138 5656 pervenit
1150 5585 1285 5641 vinariam
1301 5605 1310 5641 ε
1333 5601 1415 5658 quam
1431 5582 1485 5638 sibi
1501 5582 1607 5638 iaciens
1618 5578 1729 5653 aperiri,
1742 5575 1818 5649 rogi-

175 5664 313 5725 tutationis
342 5665 452 5737 adactu,
462 5668 591 5726 nuttaittt
604 5686 638 5728 ex
653 5671 784 5729 omnibus
796 5675 963 5746 propensior
1015 5681 1055 5731 tat
1070 5675 1093 5730 si
1110 5675 1180 5735 forte
1193 5685 1364 5734 remanserat
1374 5676 1403 5733 in
1425 5675 1518 5746 aliquo
1535 5686 1661 5729 vasorum
1675 5667 1818 5743 quidpiam
