3840 6106
122 241 175 296 cat
502 238 687 297 utouoattut
707 238 861 295 CANONlCl
881 235 1048 294 auhtNSts
1068 237 1238 295 orustttta
1256 237 1412 328 strutus.
1466 228 1469 233 ¹

122 371 181 428 Non
191 370 302 443 quimus
313 371 418 426 servire
431 371 487 427 lleo
500 385 555 443 quo
569 369 636 426 talia
653 377 754 427 tractas
767 369 781 424 l
793 394 806 421 a
943 368 1141 444 Allirginihus
1154 368 1231 424 taedae
1241 367 1331 424 trihus
1345 386 1354 434 ς
1368 374 1395 424 at
1409 367 1456 440 pia
1469 369 1641 427 servilianus

125 464 194 518 ltla:
211 482 222 512 s
239 461 309 517 Viris
322 461 404 518 claris
418 463 565 534 desponsae
579 461 631 518 rite
646 447 743 518 nitetis
758 481 766 528 ς
979 460 1186 533 Sulpiciusque,
1202 459 1251 516 het
1265 441 1397 515 miracuta
1412 459 1483 517 laeta
1495 461 1634 529 videntes,

123 555 250 611 Obscurus
264 553 288 609 si
298 570 346 610 vos
360 554 461 627 aliquae
474 537 606 610 divelffire
628 555 727 611 malint
979 551 1196 621 credentesque,
1210 547 1262 619 pire
1275 547 1340 604 lidei
1356 564 1406 603 sua
1418 555 1530 620 pectora
1541 549 1667 606 subdunt
1680 569 1687 606 :

125 650 160 701 Ac
172 642 277 700 vincire
287 642 340 699 sihi
352 644 721 719 personae,assensanegatis
730 642 765 698 l»
978 639 1141 695 Aurelianus
1151 637 1192 693 eis
1206 652 1323 709 sponsas
1336 636 1403 692 dum
1418 637 1520 695 ducere
1534 638 1642 705 suadet,

122 755 172 786 -α
186 739 294 791 Avertat
307 735 379 791 Deus
393 751 408 790 a
422 735 523 791 uostris
537 737 590 793 hoc
609 736 761 804 mentibus,
780 761 787 784 ·
812 738 872 792 illm.
980 732 1011 788 lli
1023 731 1139 787 Domino
1152 729 1216 785 lerri
1230 744 1314 799 super
1327 728 1371 784 his
1386 729 1530 786 hortantur
1538 730 1687 798 h⁰110rem‚

122 825 213 883 Flavia
225 827 265 882 sic
282 845 293 874 ι
309 825 340 880 Et
354 832 448 882 mente
461 841 522 881 mea
533 842 594 898 quae
607 828 715 902 gaudeo
725 844 828 899 sponso
981 820 1063 886 Queis
1078 817 1225 874 manifesta
1238 816 1287 873 Dei
1305 816 1392 873 virtus
1405 817 1558 874 radiaverat
1569 819 1648 875 actis.

123 917 197 990 ltcgc
217 914 264 970 llei
279 913 386 980 (lenito,
400 914 471 970 coeto
486 913 662 986 quivenitab
676 915 743 983 alto,
980 909 1030 965 ltle
1044 924 1096 964 nee
1110 907 1258 963 admittens
1275 904 1411 974 animum,
1427 921 1480 962 nec
1494 905 1599 963 lamina
1612 924 1725 975 curans,

123 1009 208 1079 Atque
223 1005 374 1078 spopondit
387 1005 413 1060 ci
429 1014 572 1062 servantes
585 1012 696 1078 pectora
706 1014 782 1063 casta
980 1001 1064 1072 Septa
1075 1000 1155 1069 iubet
1169 998 1280 1070 capiant
1291 998 1457 1054 Domitillam
1473 1014 1574 1055 arcana
1588 999 1703 1066 cubilis,

123 1101 244 1170 Sponsas
257 1114 317 1154 esse
332 1097 399 1165 sibi,
411 1097 466 1153 vita
480 1098 585 1153 donare
600 1097 718 1169 perenni
734 1115 741 1164 ;
984 1097 1095 1168 Speque
1114 1103 1176 1151 actu
1190 1093 1294 1164 uaniora
1304 1092 1382 1164 petit,
1400 1094 1441 1150 sic
1450 1095 1551 1168 gaudia
1566 1094 1675 1151 ducens

123 1188 234 1244 Scilicet
247 1193 277 1241 ut
291 1192 353 1258 post
367 1187 441 1242 hune
455 1201 552 1241 cursus
568 1186 712 1258 praesentia
726 1202 844 1263 agonem
982 1186 1059 1242 Victa
1074 1184 1217 1257 pudicitiae
1229 1183 1314 1239 vetuti
1326 1183 1383 1254 jam
1402 1199 1488 1259 regna
1503 1185 1634 1252 domarit,

124 1282 239 1337 inducat
256 1278 384 1335 thalamis
401 1286 506 1333 aeterna
521 1276 583 1333 tuce
600 1278 735 1343 venustis,
982 1277 1150 1349 Captivoque
1165 1277 1259 1332 datum
1272 1275 1342 1332 loret
1354 1275 1486 1332 insultare
1499 1276 1614 1349 pudori;

124 1371 254 1448 Angetieo
268 1363 378 1441 semper
391 1369 515 1424 tribuens
528 1369 651 1442 gaudere
668 1369 779 1434 decore,
982 1372 1107 1443 Dumque
1122 1369 1195 1425 inter
1204 1369 1331 1425 thalamis
1341 1369 1542 1441 applaudentes
1554 1370 1620 1425 salit
1634 1387 1739 1434 ameris,

123 1465 160 1517 Ac
175 1460 344 1533 paradisiaco
358 1458 457 1514 iturum
473 1475 588 1514 vernare
604 1461 704 1529 nitore,
984 1459 1111 1530 Corporis
1126 1466 1154 1514 et
1166 1464 1259 1530 gestus
1275 1457 1369 1514 habitu
1386 1460 1525 1515 convolvit
1539 1458 1639 1532 inique
1656 1476 1664 1524 ;

123 1557 195 1612 Finis
208 1563 239 1611 ut
251 1555 358 1627 absque
378 1560 453 1610 metu
467 1554 588 1610 illustres
607 1556 756 1627 eputentur
774 1556 802 1612 in
817 1573 905 1613 aevum
921 1575 930 1612 ε
982 1548 1107 1614 Nescius,
1122 1545 1227 1611 infelix·
1245 1546 1304 1603 ¹¹oess
1318 1545 1481 1603 inconcessa
1495 1549 1631 1619 petendo.

122 1645 207 1700 Filius
222 1645 274 1699 ista
287 1643 336 1700 Dei
348 1643 490 1715 spondens
504 1643 570 1699 dum
584 1644 698 1700 credere
713 1645 782 1700 vidit
979 1641 1063 1698 insita
1075 1655 1215 1696 concessae
1230 1637 1299 1694 solvi
1319 1637 1374 1693 sibi
1387 1638 1493 1695 toedcra
1504 1638 1578 1706 vitae,

122 1735 170 1789 Vix
184 1734 281 1799 ullum,
297 1731 405 1787 firmare
422 1731 503 1788 fidem
519 1747 574 1788 non
587 1732 693 1789 distulit
706 1733 783 1802 actis,
977 1729 1142 1804 sanguineis
1157 1727 1249 1783 anima
1262 1736 1306 1783 est
1320 1728 1385 1783 dum
1398 1727 1455 1797 jam
1468 1730 1623 1800 repetenda
1634 1729 1756 1793 latebris,

122 1825 195 1878 Dans
209 1821 289 1877 caecis
301 1822 406 1888 tumen,
416 1820 541 1892 leprosos
554 1820 658 1877 lamine
671 1823 817 1889 mundans,
977 1820 1102 1892 Exspirat
1114 1818 1217 1885 subito,
1228 1817 1367 1890 vitamque
1383 1826 1411 1874 et
1424 1819 1531 1875 ludicra
1551 1819 1644 1875 mittit.

120 1918 278 1986 Functaque
291 1920 447 1969 restaurans
461 1912 568 1968 amissae
582 1929 697 1985 corpora
713 1914 783 1982 vitae,
977 1910 1022 1965 llis
1036 1909 1151 1965 comites
1164 1907 1231 1963 visis
1246 1905 1351 1964 Christo
1367 1925 1398 1964 se
1412 1910 1514 1965 dedero
1525 1916 1655 1975 certaut;

121 2005 204 2070 tineis
217 2002 361 2059 Dominum
375 2001 455 2057 lactis
468 2001 563 2058 docuit
576 2018 606 2057 se
618 2009 647 2058 et
659 2017 722 2058 vera
737 2002 828 2059 lateri.
842 2026 853 2054 ι
977 2001 1110 2056 Luxurias
1124 2000 1192 2056 tanti
1205 1999 1289 2056 trater
1299 2007 1360 2071 post
1372 1999 1443 2056 lacta
1457 2001 1577 2072 tyranni,

120 2094 283 2153 Theodora:
303 2116 316 2140 «
333 2089 573 2158 llerodes,ait,est
587 2090 680 2147 Romae
694 2091 762 2147 mihi
778 2092 874 2165 irater,
975 2092 1120 2161 Trajannm
1136 2098 1275 2163 repetens,
1286 2089 1459 2145 dominatum
1468 2090 1558 2162 poscit
1573 2091 1603 2146 in
1619 2091 1707 2154 istos:

121 2188 232 2243 lllunere
247 2183 386 2257 praeterito
401 2188 497 2254 captus
509 2181 557 2254 qui
571 2182 684 2239 luminis
699 2199 773 2242 anuo
790 2201 797 2240 :
980 2182 1053 2246 lluos
1066 2179 1149 2235 simul
1166 2179 1296 2234 obtentos
1306 2179 1414 2234 diversa
1425 2179 1501 2234 caede
1516 2179 1648 2236 trucidat.

123 2280 196 2335 lllud
210 2283 360 2334 restaurato
375 2276 414 2331 tui
429 2274 482 2330 sub
497 2275 610 2330 nomine
627 2273 738 2342 Christi,
981 2274 1136 2347 Sulpicium
1151 2274 1286 2330 illustrem
1298 2274 1372 2330 claro
1387 2290 1450 2330 cum
1466 2274 1624 2331 Serviliano

39 2416 49 2434 ,
124 2371 162 2426 Ex
182 2372 243 2442 ipso
257 2368 339 2426 nobis
353 2366 377 2423 si
391 2367 521 2443 dogmata
531 2383 596 2423 vera
612 2367 708 2424 tulisti.
727 2391 740 2415 a
983 2370 1114 2426 Praelecto
1131 2371 1243 2427 tradens
1256 2371 1374 2438 Aniano,
1390 2379 1503 2427 accusat
1516 2369 1633 2443 iniquus

125 2464 303 2535 Euphrosyne
316 2461 368 2516 sub
383 2461 457 2516 haec:
470 2484 478 2509 ι
499 2459 618 2516 Fratrem
632 2459 749 2532 liquisse
759 2460 853 2518 lateris
982 2458 1142 2514 Christianae
1155 2458 1272 2515 tumulos
1285 2458 1517 2532 cretosumque
1533 2460 1686 2516 necandos.

124 2552 160 2608 Fe
173 2553 265 2607 ltomae
281 2566 394 2616 cecum,
406 2549 455 2605 sed
471 2546 527 2604 lilia
540 2556 616 2603 muta
631 2549 747 2605 nutricis
981 2546 1141 2622 Virginibus
1154 2549 1277 2618 posthae,
1291 2547 1364 2604 trino
1379 2548 1546 2605 charismate
1559 2549 1651 2617 nexis,

126 2645 193 2700 Ecce
208 2659 276 2698 meae
284 2658 422 2708 mecum»
432 2656 513 2712 quam
531 2639 656 2711 praecipit
671 2639 744 2696 illico
755 2641 824 2697 sisti.
983 2636 1115 2708 llpposito
1127 2637 1213 2694 rideri
1220 2639 1255 2697 ab
1270 2638 1311 2694 eis
1330 2639 1447 2714 gentilia
1457 2656 1536 2696 sacra

127 2734 158 2788 At
173 2731 311 2787 llonaitilta
326 2745 432 2802 preces,
447 2729 559 2802 longum
573 2727 654 2795 tiens,
674 2736 767 2797 strata,
782 2731 932 2801 profundit,
985 2725 1038 2781 Res
1050 2726 1177 2782 adimens
1191 2727 1289 2784 avidus
1303 2728 1420 2784 terrenis
1434 2728 1533 2784 usibus
1548 2735 1638 2800 aptas,

127 2822 348 2893 Exsurgensque,
365 2833 462 2873 manus
477 2817 604 2888 pandens
617 2818 755 2874 adsidere
771 2818 842 2876 latur
857 2837 864 2875 :
985 2820 1100 2892 ignibus
1110 2820 1230 2891 injectis,
1247 2828 1374 2892 penetrat
1387 2829 1494 2878 secreta
1508 2822 1603 2878 beatis

127 2933 142 2965 α
158 2912 265 2968 Christe
280 2910 363 2976 Deus,
374 2908 421 2981 qui
439 2907 580 2980 pollicitus
596 2918 623 2964 te
639 2925 750 2980 semper
764 2911 863 2967 adesse
985 2911 1062 2976 Quod
1072 2912 1155 2968 dabat
1164 2913 1300 2987 agnabus,
1316 2910 1434 2969 flammis
1448 2913 1572 2972 incendit
1583 2914 1711 2972 adactis:

126 3005 274 3059 Finetenus
288 3000 380 3068 nohis,
392 3016 453 3073 quae
469 3006 554 3056 testor
567 3015 632 3055 vora
643 3001 769 3071 probato.
785 3025 798 3049 ,ι
962 3000 1127 3076 ιΡεοειεεῑεε
1142 3003 1171 3057 in
1185 3002 1271 3058 iacies
1286 3002 1349 3067 illae,
1364 3003 1567 3076 hominumque
1583 3016 1724 3079 rogantes,

128 3095 193 3151 Cum
213 3094 298 3162 dicto,
312 3100 394 3148 mulae
406 3087 517 3166 siguum
529 3092 619 3148 crucis
637 3093 745 3149 addidit
757 3092 809 3160 ori,
986 3096 1059 3150 luter
1072 3102 1135 3150 vota
1149 3111 1303 3167 precesque
1313 3095 1419 3151 animas
1431 3111 1515 3168 super
1529 3099 1635 3154 aethera
1650 3099 1751 3155 tollunt

128 3214 140 3236 «
155 3189 184 3242 ln
197 3184 422 3243 summollomiui
437 3183 563 3256 toquere,
580 3184 669 3252 aiens,
679 3185 792 3240 nominc
803 3183 930 3253 Christip
985 3192 1077 3247 Altera
1092 3191 1192 3263 sopitis
1202 3192 1343 3264 pandebat
1354 3192 1427 3249 clara
1437 3192 1538 3250 favillis

127 3277 197 3332 liuta
211 3273 302 3331 statim
314 3287 409 3329 vocem
419 3272 542 3328 clamans
555 3272 680 3344 prorupit
694 3272 724 3328 in
739 3274 819 3329 istam
837 3293 844 3329 ε
987 3280 1148 3337 Sanctarum
1161 3281 1273 3336 rutilum
1285 3298 1402 3357 surgens
1415 3298 1515 3340 aurora
1529 3283 1702 3356 triumphum
1715 3303 1722 3351 ;

127 3388 139 3416 a
157 3367 203 3421 Est
213 3381 305 3432 verus,
322 3362 543 3430 comitatenses
558 3371 622 3419 tuus
636 3382 644 3429 3
659 3363 752 3419 omnia
766 3380 830 3421 vera
987 3374 1175 3447 Caesariusque
1190 3375 1288 3431 adiens
1299 3376 1383 3432 levita
1394 3377 1518 3450 tepentia
1539 3385 1624 3448 tecta,

126 3456 295 3514 Suutuerbis
305 3456 410 3527 prolata
425 3454 490 3511 tuis.
509 3474 522 3506 u
539 3455 615 3510 Tunc
627 3470 656 3510 ae
667 3456 754 3527 ipsius
767 3456 858 3514 amhae‘
987 3464 1096 3519 invenit
1109 3464 1225 3520 intactas
1238 3469 1314 3522 tanto
1325 3465 1434 3522 fervore
1447 3466 1543 3523 heatas
1559 3484 1566 3523 :

127 3554 275 3608 Asternunt
290 3550 419 3622 pedibus,
432 3549 560 3617 creduut,
574 3549 716 3622 sacrisque
729 3551 865 3607 dicantur.
986 3551 1028 3605 Nil
1045 3552 1073 3606 in
1088 3567 1135 3607 eas
1148 3551 1259 3608 flamma
1272 3560 1398 3610 vestesve
1412 3555 1532 3611 audente
1548 3557 1653 3630 rogati.

126 3644 277 3700 Theodorae
288 3658 362 3699 caeco
377 3641 526 3713 perductus
542 3642 652 3697 tramite
662 3640 756 3706 trater,
985 3643 1050 3698 Tum
1078 3659 1156 3700 sacra
1177 3646 1300 3702 mamhra
1330 3661 1401 3704 novo
1425 3649 1566 3704 tumulans
1594 3654 1773 3706 reverentoret

126 3736 258 3803 Donatur,
274 3732 680 3806 precihusllomititlae,lumine
693 3742 810 3808 utroque
1049 3728 1054 3739 '
1654 3738 1748 3810 [aptans

126 3826 254 3900 Corporis
266 3826 452 3899 atqueanimae
461 3825 585 3882 renitens
592 3827 742 3898 splendore
758 3843 891 3900 superne.
985 3824 1172 3897 Sacorphth,
1187 3824 1290 3895 padtet
1303 3817 1408 3883 claudit
1418 3834 1545 3901 terraque
1565 3832 1701 3888 recondit.

125 3917 200 3973 Tunc
213 3917 261 3989 qui
276 3916 395 3991 gentiles
408 3916 568 3972 aderantex
583 3915 665 3983 Urbe,
679 3924 827 3985 novantur,
984 3914 1135 3986 Sulpicium
1150 3917 1296 3987 prateolus
1312 3919 1369 3993 agit
1379 3936 1442 3976 cum
1456 3920 1611 3980 Servitiauo

126 4006 275 4062 Credentes
287 4003 404 4071 Christo,
420 4004 526 4076 liquida
540 4004 717 4075 baptismatis
733 4006 826 4072 unum
986 4006 1030 4061 Dis
1044 4006 1131 4063 libent
1147 4009 1271 4078 ,celebri
1286 4027 1376 4082 nuper
1390 4013 1436 4085 qui
1454 4012 1571 4070 flumine
1586 4016 1702 4072 mundos

127 4101 186 4155 llaec
198 4099 352 4170 eademque
366 4098 465 4153 domus
484 4096 607 4154 Ecclesia
620 4105 716 4154 saneta
726 4098 844 4155 renidet.
985 4096 1020 4150 Sa
1035 4097 1194 4167 perhibent,
1211 4098 1293 4154 loedis
1308 4100 1407 4156 iterum
1423 4117 1475 4158 uec
1488 4103 1620 4160 sordibus
1631 4105 1707 4171 addi;

125 4194 240 4247 Sarrctos
254 4190 411 4246 Marcellum
427 4198 572 4262 postquam
589 4189 663 4245 ierus
672 4190 837 4247 Aurelianus
984 4185 1161 4256 Dumquevia
1176 4196 1318 4259 nequeunt
1329 4189 1403 4263 adigi
1414 4191 1482 4246 ants
1496 4192 1598 4249 ritihus
1611 4193 1677 4262 ulla,

126 4284 191 4353 Ejus
205 4283 408 4354 Apuleiumque
421 4280 518 4337 schola
531 4281 582 4336 suh
597 4289 715 4353 utraque
725 4282 848 4339 sodalem
863 4301 871 4350 ;
984 4276 1099 4333 Sumere
1119 4278 1257 4334 submissa
1268 4279 1390 4355 gladium
1406 4283 1513 4340 cervice
1525 4285 1669 4354 jubentur.

127 4373 180 4428 llos
194 4371 276 4428 etiam
293 4378 403 4442 praeter,
420 4369 535 4426 Domino
549 4384 598 4440 pro
614 4370 706 4426 caelite
720 4371 813 4441 plures
986 4369 1056 4442 Agro
1072 4370 1195 4426 membra
1208 4385 1258 4427 suo
1272 4371 1393 4444 ipsorum
1409 4388 1530 4444 posuere
1545 4375 1653 4443 fideles,

127 4459 210 4515 Clarae
222 4460 284 4529 jure
299 4458 376 4515 necis
390 4474 477 4532 regna
491 4458 524 4513 ad
538 4458 663 4515 coelestia
675 4459 760 4531 misit,
985 4457 1058 4515 Moto
1075 4460 1150 4516 mitte
1166 4461 1209 4516 via
1224 4461 1266 4516 bis
1281 4462 1409 4532 passibus
1428 4462 1500 4520 Urbe
1510 4464 1616 4532 Latina,

126 4551 232 4626 Organa
246 4551 307 4607 taeta
320 4551 403 4621 capit.
420 4550 519 4608 lletico
532 4551 684 4608 assultante
700 4552 792 4621 heato,
985 4549 1163 4623 Martyriique
1179 4550 1296 4622 locoper
1305 4559 1429 4624 tempora
1439 4564 1540 4610 cuncta
1551 4557 1655 4614 deinde

127 4643 163 4695 Ac
175 4640 251 4697 venit
262 4639 405 4697 utnitcaut
420 4639 502 4696 unius
516 4640 577 4696 luce
590 4640 646 4697 diei
987 4644 1088 4701 tiorum
1105 4643 1234 4722 largitlua
1247 4647 1335 4704 virtus
1348 4649 1482 4706 exuherat
1497 4650 1570 4722 ipso.

863 4797 969 4855 CAPUT
986 4799 1052 4856 ttttt.

517 4905 557 4965 De
569 4905 720 4980 doctrino,
741 4909 902 4971 miraculis
916 4919 945 4972 ct
959 4912 1102 4989 passione
1114 4915 1214 4975 sancti
1229 4911 1389 4977 Clementis

126 5043 232 5099 Interea
243 5042 370 5099 Clemens
384 5043 479 5099 aeterni
489 5043 598 5098 semina
611 5043 687 5099 verbi
986 5048 1142 5126 Rolligione
1155 5065 1205 5121 per
1216 5052 1289 5108 hunc
1302 5051 1432 5109 informat
1448 5053 1533 5110 homa
1548 5053 1711 5120 Corinthum,

126 5135 271 5191 insistente
287 5151 385 5191 serens
399 5135 465 5191 fidei
479 5135 586 5191 lervorc
599 5151 739 5207 supernae,
984 5137 1111 5194 Decernit
1123 5138 1227 5195 scribas
1243 5139 1404 5215 regionibus
1416 5141 1514 5199 ordine
1524 5151 1605 5218 gesta

101 5251 106 5259 ·
123 5221 227 5277 Evolvit
246 5223 350 5294 plures,
369 5223 526 5278 veneranda
541 5223 692 5293 volumina,
708 5225 789 5295 libro,
984 5229 1034 5294 Qut
1047 5230 1210 5286 bellatorum
1226 5238 1352 5305 satagant
1363 5249 1528 5306 expromere
1541 5233 1642 5292 Christi
1658 5255 1666 5303 ;

121 5310 271 5367 Instituena
285 5311 376 5367 varias
390 5310 486 5367 divino
502 5312 606 5368 lumine
619 5320 728 5389 gentes,
982 5323 1095 5379 Ordinat
1109 5325 1260 5392 staterum,
1272 5327 1503 5384 diversiculminc
1516 5329 1607 5386 laslus
1622 5351 1631 5395 t

119 5399 158 5452 Ad
174 5399 236 5455 vilae
251 5400 349 5455 callem
368 5400 575 5475 gentiliacorda
590 5403 691 5459 ciendo
707 5421 714 5470 ;
981 5412 1128 5469 Poulilices
1142 5421 1169 5469 ct
1183 5414 1307 5488 quinque
1322 5425 1412 5473 sacrat
1426 5418 1474 5490 qui
1490 5419 1617 5489 partibus
1629 5419 1702 5478 orbis

120 5491 206 5562 tuque
219 5490 273 5545 tide
283 5499 427 5549 constante
441 5493 501 5565 pios
511 5503 634 5566 perstare
648 5498 787 5554 monendo
800 5517 808 5566 3
979 5504 1124 5561 Mittuntur
1136 5506 1263 5562 conterre
1273 5507 1344 5563 datis
1357 5509 1549 5565 moderamina
1562 5511 1644 5586 legis.

118 5583 196 5640 Unde
207 5590 235 5640 et
245 5583 413 5642 catholicum
427 5586 532 5643 monita
543 5603 677 5662 accepere
691 5605 825 5648 vocamen
980 5595 1116 5666 tlicjubet
1131 5596 1256 5672 insignis,
1262 5597 1410 5670 Dionysius
1425 5596 1510 5655 effera
1524 5599 1618 5659 Gallos
