3840 6106
120 227 175 282 675
504 216 688 276 titubatio!
709 213 861 272 maculet
882 213 1045 270 uastatis
1066 214 1236 272 0PUSCULA
1255 214 1413 274 belsica.
1739 224 1787 278 oss

118 353 282 428 martyribus
296 368 388 409 curam
404 349 542 405 celebrem
558 347 649 402 iecere
664 345 853 401 Decembrem.
936 348 964 417 Α
978 344 1031 400 Sed
1046 347 1121 403 solo:
1146 368 1159 399 ι
1176 345 1215 403 Tu
1228 363 1264 402 ne
1279 363 1310 403 es
1325 348 1491 420 Stephanus,
1506 348 1573 406 huic
1584 350 1756 418 Valerianus,

156 446 209 501 llos
220 443 310 499 crucis
326 439 482 511 ius-quitur
497 453 545 508 per
560 435 654 491 munia
666 433 837 489 'tertulianus
978 437 1092 495 Publica
1106 440 1217 496 conaris
1228 441 1305 514 regni
1321 441 1368 512 qui
1387 448 1496 497 vertere
1507 442 1582 511 jura,

119 540 203 602 Querar
215 534 270 588 divi
281 532 438 602 Stephanus
450 528 536 589 santis
546 527 693 599 splendore
706 532 828 591 norarat,
978 530 1110 586 suasibus
1124 540 1152 587 ct
1167 532 1260 604 prauis
1274 532 1407 603 populum
1422 532 1593 606 monitisque
1607 533 1741 611 malignis

120 625 174 678 llec
184 639 260 678 mora
276 620 466 692 presbyterum
483 618 558 689 larga
572 615 697 671 bonitate
709 619 838 669 sacrarat.
977 620 997 672 Α
1012 619 1100 691 patrio
1111 619 1204 676 dirum
1219 621 1296 697 cogis
1307 621 1463 678 discedetre
1477 623 1572 680 cultu?

121 718 167 773 Cui
188 724 277 772 castos
292 715 365 770 inter
379 713 500 769 monitus
516 720 542 766 ct
556 710 640 766 rerba
654 708 752 764 salutis
981 743 1011 752 -
1025 713 1084 769 Non
1096 714 1237 786 equidem,
1249 715 1458 782 antistes,nitnr
1471 731 1528 772 rem
1536 726 1646 774 vertere
1662 719 1754 794 regni,

120 807 257 862 tiaesnrnm
273 802 370 858 Christi
391 800 552 872 perquirere
571 813 686 869 corpora
694 796 786 867 jussit,
981 801 1013 856 tt
1028 818 1131 860 moneo
1147 818 1213 876 quo,
1228 803 1347 860 desertis
1360 804 1408 877 qui
1424 805 1451 860 in
1466 803 1530 861 iana
1546 806 1679 863 coluntur

121 901 171 956 Per
180 899 295 954 biduum
306 894 391 952 sacris
405 893 448 948 rix
464 891 559 948 debita
572 891 690 946 solverat
704 889 770 956 aris,
981 893 1165 960 Dsemonibus,
1178 896 1323 951 Dominum
1334 896 1585 971 visumverumque
1598 906 1758 967 renoscant,

120 996 223 1050 tentus
237 998 264 1046 et
278 1007 293 1045 a
307 987 397 1043 llarco
413 992 465 1041 stat
481 984 579 1039 ductus
591 983 752 1039 Valeriano:
981 982 1030 1048 Qui
1046 983 1109 1038 crull
1124 990 1260 1056 terreque
1272 983 1361 1051 Sator,
1378 983 1426 1056 qui
1441 1000 1503 1040 cum
1519 984 1598 1042 Patre
1610 985 1736 1042 Christus

120 1084 176 1140 lluc
189 1084 235 1140 ille
251 1088 392 1137 extensum
409 1076 521 1133 mactari
532 1074 632 1131 rubore
642 1073 734 1140 tradit,
981 1072 1111 1129 Flaminis
1124 1080 1152 1129 el
1163 1074 1252 1130 sancti
1269 1072 1370 1130 virtute
1385 1073 1525 1132 insaecula
1540 1086 1650 1151 regnat,

45 1164 47 1168 ’
119 1174 236 1230 Caeditur
249 1170 419 1226 acclamans:
441 1188 456 1219 ι
477 1166 571 1221 Grates
585 1163 636 1220 tibi
646 1164 748 1235 pendo,
761 1161 883 1235 benigne
980 1160 1018 1218 lle
1033 1164 1240 1235 pereantsimul
1252 1170 1356 1220 aeterna
1369 1180 1432 1220 cuns
1447 1164 1574 1223 damone
1591 1168 1705 1224 mulcta.
1728 1192 1741 1215 .

117 1266 181 1321 lesu
197 1264 301 1319 Cirriste
316 1262 399 1327 Deus,
411 1259 476 1330 quia
489 1273 531 1312 me
546 1272 602 1313 non
621 1256 722 1311 dividis
737 1254 828 1323 almis,
980 1250 1140 1307 Valerianus
1156 1252 1191 1308 ad
1206 1253 1264 1309 baec
1279 1252 1370 1309 llartis
1385 1254 1517 1325 precedit
1531 1256 1567 1311 sd
1581 1257 1674 1313 eedem

120 1357 151 1411 Ut
166 1356 233 1410 mihi
246 1355 304 1426 jam
323 1351 453 1408 lloruinus
463 1351 596 1424 iungatur
608 1347 759 1419 Olympius,
780 1353 840 1403 aeto
980 1344 1057 1400 lluuc
1072 1345 1159 1401 minui
1171 1346 1272 1417 capite,
1288 1345 1409 1422 effigiem
1425 1346 1452 1402 ni
1465 1347 1590 1405 numinis
1606 1358 1678 1406 oret.

120 1451 169 1516 Qui
184 1466 230 1504 rue
243 1448 372 1520 martyrio
387 1445 528 1516 praecessit
539 1443 573 1500 ad
587 1444 641 1498 alta
657 1441 825 1516 sequendus.
845 1462 858 1492 a
979 1433 1123 1506 aspictens
1137 1434 1237 1490 ductus
1251 1434 1381 1491 blavonis
1396 1434 1460 1492 lana
1472 1435 1570 1493 heatus

121 1540 182 1595 llaec
196 1539 262 1593 dum
272 1536 430 1607 proclamat,
446 1533 522 1588 lateri
538 1531 705 1588 mandantur
717 1533 827 1604 utrique
981 1526 1077 1599 Dirigit
1086 1527 1121 1581 sd
1136 1527 1236 1583 coelum
1250 1527 1327 1583 visus
1340 1538 1369 1584 et
1382 1529 1476 1598 corda,
1492 1531 1648 1588 Tonantem

119 1628 226 1701 ipponi
240 1627 368 1692 flammae,
389 1629 574 1694 constansque
588 1637 621 1676 ea
635 1621 715 1677 latus
730 1621 857 1676 etinter:
982 1617 1026 1672 llis
1056 1633 1191 1689 poscens:
1215 1642 1224 1666 ι
1247 1619 1363 1676 [lamine
1389 1622 1578 1694 omnipotens,
1608 1623 1690 1678 Pater
1716 1623 1793 1679 unice

123 1744 135 1773 ι
156 1723 258 1776 llatura
270 1719 343 1791 quod
360 1717 430 1791 agis,
446 1715 539 1781 miser,
556 1722 586 1770 ut
599 1715 750 1786 pernicius,
766 1715 866 1786 inquit,
946 1717 971 1785 Β
1644 1711 1764 1785 lebasti,

120 1814 160 1868 hle
172 1811 340 1867 lroclcrvore
353 1810 429 1865 leves
442 1808 631 1864 holocaustum
644 1814 671 1862 et
683 1812 805 1863 aromata
814 1806 930 1873 Christo,
981 1797 1031 1864 Qui
1048 1797 1205 1855 destruxisti
1223 1797 1308 1854 variis
1323 1799 1490 1874 Babylonica
1505 1801 1602 1857 turrim

120 1899 243 1957 Penestis
257 1898 401 1975 gravidum
415 1897 491 1965 licet,
503 1896 556 1951 boc
565 1905 657 1951 tamen
667 1895 779 1967 suspice
790 1894 899 1951 initum.
916 1917 929 1942 a
963 1956 968 1966 ¹
982 1889 1104 1958 Fetibus,
1118 1906 1166 1947 ors
1183 1897 1287 1962 terens,
1303 1892 1355 1948 hoc
1366 1901 1394 1947 tu
1407 1909 1519 1967 qnoque
1529 1894 1645 1950 destruc
1655 1893 1762 1962 lanum,

122 1994 228 2050 inridet
243 1993 285 2048 his
301 1991 400 2059 lanius,
413 1989 515 2060 differt,
531 1988 602 2060 rapit
616 1988 727 2062 ignibus
742 1997 825 2060 atque
982 1982 1039 2047 oua
1052 1982 1216 2054 mitulorum
1232 1983 1332 2039 animle
1351 1984 1425 2040 cultu
1440 1986 1595 2056 perduntur
1610 1986 1722 2060 iniquo.
1744 2007 1757 2038 ι

119 2089 212 2145 Tradit
227 2085 351 2158 Sapricio
365 2084 467 2140 trucior
482 2084 528 2155 qui
545 2083 669 2138 creditas
684 2081 765 2152 ipso,
982 2072 1084 2128 Annuit
1098 2073 1278 2146 Omnipotens
1294 2075 1374 2145 votis,
1390 2076 1564 2150 tonitrusque
1580 2076 1694 2152 lragore

121 2185 214 2241 liebus
228 2184 255 2238 id
271 2182 318 2239 ille
334 2181 439 2253 probat,
451 2180 524 2235 saxis
539 2195 600 2234 narn
618 2179 734 2250 proterit
746 2193 805 2244 ora,
981 2163 1141 2237 R‘²⁸P011dl32
1152 2167 1281 2238 Preeibus
1296 2184 1402 2224 summi
1417 2170 1452 2224 <¹0
1465 2170 1538 2226 nube
1553 2186 1719 2240 &lusciniis

122 2277 224 2348 Sicque
239 2275 287 2332 diu
301 2281 413 2346 torquet
427 2288 542 2342 pensum
557 2271 732 2344 amburitque
746 2277 857 2326 catasta.
982 2255 1106 2312 Fulmina
1121 2257 1273 2326 dissiliunt,
1288 2267 1316 2315 θῑ
1330 2260 1415 2317 ¹¹²th
1430 2262 1571 2333 9⁰²011150l
1584 2262 1679 2319 8³de

122 2365 275 2441 1gnjbusin
290 2363 391 2419 mediis
404 2362 498 2417 divino
512 2368 586 2417 rurus
601 2362 717 2428 honore,
984 2350 1278 2410 ldsrtishumosternit.
1287 2355 1392 2412 Mavors
1399 2356 1520 2412 imbellis
1527 2359 1563 2412 ad
1571 2359 1728 2429 istalllldra
1739 2359 1794 2415 llec

124 2454 256 2509 l'ssadicst
268 2467 329 2508 esse
342 2451 427 2506 lleum
443 2449 522 2506 coelis
535 2449 723 2522 superomnia
738 2446 882 2506 Christum.
983 2445 1117 2503 Panditur
1129 2455 1157 2505 et
1170 2448 1281 2518 Christi,
1296 2450 1371 2507 louis
1392 2452 1451 2509 hate
1478 2469 1533 2509 non
1548 2452 1670 2510 fulmins
1686 2462 1761 2510 nutu.
1781 2478 1791 2505 ι

122 2545 242 2601 inuictus
257 2543 358 2615 poenis,
370 2543 417 2597 ubi
431 2540 681 2610 lerturllalerisno,
982 2538 1133 2615 diffugiunt
1147 2541 1289 2608 lanii,non
1304 2544 1355 2600 hos
1365 2543 1467 2601 fiducia
1481 2545 1574 2602 llsrtis

17 2660 20 2666 ·
122 2634 181 2689 llos
196 2642 279 2705 caput
293 2630 400 2687 abscidi
417 2629 501 2686 celeri
520 2645 652 2686 mucrone
663 2630 786 2699 iubetur.
982 2631 1127 2700 Continet3
1142 2632 1217 2689 baud
1230 2632 1310 2702 lidos,
1324 2636 1397 2691 hand
1412 2652 1442 2692 se
1456 2645 1571 2706 tutetur,
1586 2639 1727 2697 alumnos.

121 2720 247 2777 Termine
262 2720 405 2791 depositus
416 2718 543 2792 jugulum
558 2718 627 2789 petit
642 2720 744 2774 aethers
756 2727 860 2776 sectus.
983 2723 1015 2778 llt
1031 2722 1101 2778 liber
1116 2723 1161 2794 pis
1174 2739 1252 2779 sacra
1264 2725 1321 2780 lieo
1337 2725 1425 2780 libare
1434 2727 1565 2784 sacerdos

122 2811 292 2884 llymnidicis
306 2810 404 2883 qrraesul
415 2810 571 2881 Stephanus
587 2810 658 2866 locat
672 2825 736 2866 ossa
748 2810 844 2866 latina
983 2813 1153 2870 christisona
1165 2817 1306 2871 exsultans
1318 2816 1387 2884 abit,
1403 2817 1580 2892 adgaudente
1595 2825 1715 2882 marra,

122 2899 245 2972 Stipatus
259 2898 356 2955 cuneis
371 2898 511 2971 scissaque
525 2899 650 2955 recondit
668 2915 764 2971 araus,
983 2906 1069 2970 Quam
1083 2905 1163 2962 lactis
1179 2907 1315 2980 dictisque
1334 2924 1445 2981 regens,
1458 2926 1491 2966 aa
1504 2909 1606 2967 robore
1622 2911 1711 2966 multo

122 2990 267 3063 Presbyter
284 2990 390 3062 hacque
414 2989 503 3046 honos
529 2991 601 3062 (tta)
626 2992 742 3048 Faustus
768 2993 932 3066 llaurusque
946 3035 971 3105 C
984 2996 1094 3053 Solutus
1110 2996 1247 3068 solidans,
1261 2998 1393 3071 mysteria
1406 2998 1547 3072 maenibus
1560 3001 1643 3056 almae

771 3084 896 3157 [recepti.
985 3086 1054 3140 llam
1073 3086 1153 3141 laetus
1169 3086 1290 3141 celebrat
1302 3086 1422 3154 Lucinae,
1430 3087 1561 3143 turbidus
1576 3087 1624 3144 illc

121 3175 206 3238 l'uuc,
223 3175 284 3231 aliis
300 3183 407 3248 septem
420 3175 525 3245 junctis
540 3177 587 3249 qui
601 3183 725 3248 tempore
736 3178 765 3234 in
780 3178 839 3250 ipso
986 3176 1148 3234 Valerianus
1163 3177 1219 3252 agit
1232 3194 1337 3234 cuneos
1347 3185 1375 3234 et
1390 3178 1461 3234 ovile
1477 3179 1606 3250 luporum

124 3263 224 3320 Caelica
238 3265 360 3336 martyrii
376 3265 497 3321 sulrcunt
508 3265 659 3336 penetralis
677 3267 765 3323 lauro.
985 3265 1101 3339 Agmine
1115 3264 1240 3334 vallatur,
1257 3266 1357 3333 nescit,
1372 3266 1438 3322 licet
1457 3266 1581 3339 undique
1597 3275 1705 3339 septus,

124 3355 169 3408 llis
183 3353 303 3410 cinctum
319 3355 429 3422 studiis,
446 3355 543 3411 missas
553 3355 587 3411 ad
604 3355 684 3411 busta
699 3356 807 3428 piorum
986 3356 1082 3413 Pastor
1096 3355 1289 3430 magnanimus
1304 3354 1383 3410 rabie
1397 3356 1537 3427 trepidare
1552 3356 1708 3425 furentum3

123 3442 151 3496 lu
171 3442 309 3513 specubus
323 3443 476 3512 celebrare,
491 3460 585 3500 sacros
599 3444 654 3501 lruc
667 3460 768 3519 cogere
781 3453 880 3509 coetus.
984 3451 1065 3506 Fixus
1079 3457 1106 3506 et
1118 3451 1240 3506 intentus
1255 3449 1351 3516 sacris,
1367 3450 1484 3506 llomiac
1497 3452 1625 3522 suspice,
1641 3451 1717 3508 fortis

123 3535 266 3607 lymphati
286 3550 416 3608 proceres
434 3537 604 3610 Stephanum
623 3538 658 3593 sd
680 3544 819 3595 tormenta
842 3540 936 3613 requi·
985 3547 1199 3619 impavidusque
1210 3545 1291 3602 litans
1303 3562 1392 3603 suase
1404 3562 1515 3619 quoque
1525 3552 1752 3618 muueraperstst.

55 3699 60 3709 ,
813 3630 897 3702 [runt,
985 3638 1133 3695 Necsentit
1146 3638 1257 3694 rabidos
1266 3639 1407 3710 strepitus,
1424 3655 1477 3694 nec
1490 3645 1553 3695 vota
1564 3638 1689 3701 remittit,

122 3715 280 3787 llilitiaeque
295 3730 381 3771 mauu
397 3722 504 3788 Papium
520 3724 643 3785 lsssslleles
652 3716 756 3792 iugalis
987 3728 1204 3800 lutrepidusque
1216 3728 1361 3800 libensque
1372 3727 1446 3783 eries
1458 3735 1596 3783 mactatur
1609 3726 1644 3782 ad
1658 3743 1737 3793 amm,

123 3807 251 3863 Pluribus
266 3824 281 3863 e
295 3806 369 3863 clero
384 3807 499 3864 senibus
509 3806 627 3881 fidisque
643 3810 791 3878 ministris;
988 3818 1082 3891 Coepta
1104 3832 1235 3889 sequeus.
1252 3818 1328 3873 lluuc
1342 3833 1419 3873 sacra
1439 3832 1540 3873 manus
1554 3832 1619 3872 cum
1637 3816 1702 3873 sede
1718 3811 1769 3869 buti

124 3898 242 3957 Praesule
254 3901 494 3970 coemrenmjnssa
506 3909 653 3974 penetrare
662 3902 794 3971 tribunal,
991 3908 1129 3982 Sanguine
1149 3923 1275 3980 respersa
1288 3907 1373 3981 patris
1386 3923 1449 3965 arce
1464 3904 1590 3965 recondit
1604 3907 1632 3962 in
1643 3906 1709 3978 ipss.

880 4037 983 4096 CAPUT
1004 4039 1036 4094 ll.

800 4136 839 4198 lie
851 4147 957 4201 sanctu
973 4140 1121 4218 liupenin.

124 4267 241 4322 Carbasa
253 4283 328 4323 nunc
344 4265 464 4337 zephiris
478 4265 651 4334 inflantibus,
671 4282 736 4323 arva
751 4268 858 4341 Syenes
986 4275 1019 4330 Ut
1035 4289 1144 4332 summo
1158 4273 1232 4349 regis
1246 4272 1418 4331 flammescat
1430 4288 1524 4330 amore
1539 4274 1672 4346 superni:

124 4362 218 4421 Visere
233 4363 419 4433 Pellaeumque
433 4359 511 4429 juvat
522 4359 683 4435 contingere
695 4360 782 4429 littus,
859 4430 862 4435 Ι
985 4366 1018 4421 ut
1027 4365 1124 4421 Christi
1140 4364 1205 4438 quia
1213 4363 1371 4436 reppulerat
1384 4371 1463 4436 pater
1477 4363 1547 4418 urbc
1560 4361 1688 4432 clientes,

123 4454 183 4509 llox
198 4453 295 4524 rapido
306 4449 433 4507 Ausonia
448 4455 606 4522 repetamus
620 4456 650 4505 ut
662 4449 736 4506 edita
754 4468 853 4508 cursu:
986 4458 1055 4516 Cum
1069 4459 1152 4514 castis
1167 4459 1252 4515 sociis
1264 4458 1403 4532 castisque
1415 4457 1568 4525 sodalibus,
1580 4457 1667 4514 altum

122 4545 279 4617 Accipimus
293 4542 432 4615 siquidem
446 4542 499 4599 boc
513 4549 580 4598 testu
595 4542 733 4618 presigne
754 4543 850 4602 tulisse
985 4548 1044 4603 Alta
1058 4563 1179 4620 sequens
1194 4547 1309 4603 rimatur
1324 4547 1385 4603 iter.
1403 4547 1484 4603 Proto
1498 4552 1584 4619 atque
1600 4546 1745 4620 lipacintha

121 4638 241 4710 ldartyrii
257 4637 344 4693 decus
358 4636 521 4710 liugeniam,
532 4652 614 4708 qaam
628 4643 705 4708 patre
717 4638 846 4711 Philippo
944 4638 1076 4737 Dardas
1092 4652 1147 4709 quo
1158 4636 1249 4693 ualeat
1262 4636 1364 4692 montis
1379 4643 1433 4692 hm
1449 4636 1587 4695 scandere
1601 4637 1681 4694 celsi.

125 4729 204 4785 llrbis
218 4727 363 4785 Alexandri
378 4726 512 4784 Praefecto
526 4726 639 4799 arvique
654 4725 761 4800 Canopi
1020 4734 1111 4789 llente
1123 4734 1190 4805 palo
1205 4732 1303 4803 illapsa
1317 4737 1422 4804 patrem
1437 4731 1508 4804 petit
1526 4748 1593 4788 srrs
1605 4731 1708 4796 ridere,

122 4819 275 4876 AEneadum
288 4836 321 4875 ex
335 4818 414 4890 apice
425 4832 570 4889 procerum
580 4816 627 4872 dat
643 4815 755 4872 Claudia
764 4825 862 4875 mater.
985 4822 1091 4879 Praedia
1101 4822 1261 4879 collustrare
1274 4821 1358 4888 sinat,
1369 4820 1518 4890 jocundior
1529 4819 1585 4877 ieta

123 4911 189 4976 Quis
204 4910 352 4981 splendore
365 4909 458 4966 nitens
468 4907 659 4965 haecmnribus
673 4906 757 4965 altior
768 4923 831 4965 esse
985 4909 1090 4967 intuitu
1104 4916 1135 4966 ut
1146 4910 1242 4966 redeat
1251 4924 1348 4967 mensa
1363 4908 1487 4984 regionis
1498 4923 1621 4966 amoeno.

125 4999 224 5076 [teligit
235 4999 376 5056 excellens
387 5008 463 5056 casto
474 4997 586 5069 pietatis
599 4997 715 5064 honore,
985 5002 1061 5058 Cedit
1075 5002 1176 5060 adhaec
1188 5003 1307 5077 genitor,
1319 5001 1491 5074 comitesque
1505 5001 1615 5059 herere
1625 5000 1720 5059 fideles

122 5089 187 5154 Quae
202 5104 310 5165 pagana
327 5087 394 5145 litet
407 5087 514 5144 vitasti
529 5085 663 5150 numinis.
676 5086 731 5141 slta
987 5092 1118 5167 injungit,
1134 5091 1274 5148 dominam
1289 5089 1366 5148 salvo
1376 5089 1491 5147 ducere
1501 5089 1622 5163 pudore,

121 5166 250 5247 Consule,
263 5180 353 5237 vincla
366 5179 444 5236 Proci
459 5178 547 5255 geniti
560 5178 660 5235 virtute
673 5177 827 5252 perhorret,
985 5184 1060 5251 Quae,
1076 5182 1152 5239 Pauli
1167 5182 1352 5239 iustrumenta
1366 5183 1462 5256 legens
1476 5180 1543 5237 dum
1563 5181 1650 5238 fertur
1665 5181 1695 5237 iu
1706 5188 1772 5254 agith
1837 5154 1839 5187 Ι

121 5274 190 5329 lium
207 5273 330 5346 sophicis
339 5274 440 5329 ardens
450 5271 525 5328 curis
534 5287 695 5344 percurrere
709 5287 828 5346 quaeque
986 5272 1162 5330 Christicolas
1175 5272 1282 5329 melicis
1296 5272 1471 5329 modulantes
1483 5270 1601 5329 vocibus
1614 5271 1693 5328 audit

123 5369 215 5425 herrat
234 5367 435 5427 honoresnimi
448 5366 635 5424 conscendere
652 5367 681 5423 in
700 5368 776 5424 edite
788 5367 875 5436 Psuli,
985 5363 1186 5440 Psalmigrsphi
1203 5364 1313 5421 laudes:
1335 5390 1347 5412 α
1370 5363 1471 5420 Omnes
1483 5363 1669 5421 dldaemones
1681 5363 1772 5420 litbuon.
1837 5400 1839 5449 3

121 5463 191 5529 Qus
206 5470 282 5521 tanto
294 5463 401 5520 terrore
414 5460 550 5533 capitjaur
566 5461 756 5527 mentebeata,
985 5464 1017 5518 tlt
1031 5458 1165 5517 nominas
1177 5458 1264 5514 coelos
1273 5457 1463 5529 septemplicis
1479 5456 1570 5514 edidit
1588 5456 1676 5516 orbis.
1699 5477 1709 5506 ι

156 5619 238 5690 (1182)
257 5619 304 5674 Sic
316 5615 379 5673 cod.
397 5622 524 5690 uterque.
539 5617 589 5672 Aa.
603 5632 652 5688 pro
669 5618 810 5681 decasius,

157 5689 230 5759 (183)
251 5689 300 5745 llic
312 5686 417 5744 desinit
428 5704 479 5744 ms.
489 5686 658 5746 bibliotheca
671 5687 778 5745 Sancta
788 5686 933 5746 Generelae
948 5689 1032 5746 Paris.
