3840 6106
66 221 124 279 969
680 215 847 274 EPlSTOLAE
866 216 905 271 ut
924 214 1120 274 btPtolttTr.
1682 228 1736 285 970

65 355 130 405 strae
157 347 356 421 preceptionis
383 347 484 404 seriem
498 345 636 403 contraire
661 346 914 421 presumpseritp
929 344 1052 415 pergitur
1067 345 1102 398 ad
1118 344 1216 420 jugum
1235 346 1270 402 dc
1285 346 1421 416 cleirano,
1438 356 1466 404 et
1494 348 1549 405 itur
1562 352 1597 406 ad
1612 360 1734 411 montem

66 445 139 499 sciat
153 460 195 512 se,
211 443 265 500 uisi
276 443 434 514 resipuerit,
446 442 552 512 judicio
567 442 615 497 Dei
636 440 836 512 omnipotentis
850 447 878 495 et
926 437 973 508 qui
995 437 1095 493 dicitur
1110 439 1244 509 bacarius,
1260 451 1288 498 et
1302 442 1342 498 sic
1354 442 1464 500 ducitur
1479 461 1528 515 per
1543 445 1633 517 ipsum
1646 465 1736 522 usque

65 526 205 603 praedictae
219 548 332 604 semper
346 532 464 607 virginis
475 531 523 587 liei
536 530 679 605 genitricis
691 530 794 597 llariae,
809 529 876 585 bea·
927 525 955 580 iu
971 535 1092 582 montem
1107 528 1263 599 quidicitur
1291 530 1447 608 categonis,
1458 532 1636 591 etdeindcad
1650 538 1732 605 meri-

66 621 291 693 tissimorumque
305 621 493 692 apostolorum
519 619 592 674 Petri
618 619 692 674 Pauli
710 624 737 674 et
751 617 876 673 omnium
927 617 1003 672 diem
1017 618 1195 675 descenditur
1208 638 1259 693 per
1273 623 1381 677 Serram
1397 640 1483 695 super
1498 624 1588 681 locum
1600 628 1647 699 qui
1663 628 1735 686 dici-

65 712 263 783 episcoporum
280 718 437 784 nostraeque
451 711 615 767 humilitatis
629 709 802 776 auctoritate,
814 724 876 763 curn
927 713 972 763 tur
986 708 1126 778 lliliarius,
1142 717 1169 766 et
1184 713 1345 782 pervenitur
1365 715 1399 769 ad
1420 716 1533 772 Crucem
1542 733 1627 789 super
1640 719 1733 775 villam

64 803 198 859 omuibus
225 804 319 876 impiis
345 812 480 875 perpetuo
496 802 627 858 incendio
642 811 670 857 et
688 799 876 856 indissolubili
927 818 988 874 quae
1003 802 1196 860 diciturCurtis
1212 823 1219 859 ε
1233 807 1334 862 deinde
1343 809 1468 866 tenditur
1480 826 1569 883 usque
1586 813 1619 867 ad
1636 829 1734 884 rupem

65 897 241 952 anathemate
260 897 430 951 damnatum.
458 897 490 949 tlt
510 909 576 950 vero
602 893 650 966 qui
676 893 838 949 obseruator
849 896 877 946 el
926 890 984 946 sive
999 890 1116 949 Cherum
1132 892 1253 962 Clarinti,
1268 904 1296 951 ct
1308 897 1417 953 venitur
1430 914 1481 970 per
1499 901 1684 958 summitatem
1700 904 1735 960 de

64 990 159 1040 custos
172 985 233 1053 ejus
246 985 275 1039 in
291 991 348 1040 tolo
368 983 514 1050 exstiterit,
537 983 653 1058 gratiam
676 988 704 1037 ct
718 980 876 1037 misericor·
927 982 1008 1038 Serra
1023 999 1111 1055 usque
1125 985 1152 1038 iu
1165 985 1252 1041 rivum
1281 987 1456 1057 Meidunium,
1477 1000 1505 1047 et
1518 992 1627 1048 ducitur
1646 1010 1735 1066 usque

64 1073 142 1128 dium
157 1090 173 1128 a
188 1073 294 1129 coelesti
309 1089 375 1147 rege
390 1073 523 1140 obtineat,
540 1072 721 1143 omniumque
747 1076 878 1143 peccato·
928 1072 956 1127 iu
971 1072 1084 1129 lluvium
1100 1075 1147 1146 qui
1163 1077 1263 1133 dicitur
1274 1077 1364 1148 Tecle,
1380 1090 1409 1136 et
1427 1098 1443 1136 a
1461 1093 1538 1153 parte
1576 1083 1666 1152 circii,
1682 1087 1736 1142 boc

65 1179 127 1219 rum
142 1180 255 1220 suorum
281 1164 309 1219 in
338 1164 468 1235 praesenti
495 1163 697 1219 absolutionem
726 1161 804 1217 etin
829 1160 876 1216 lu·
928 1168 1014 1223 estab
1043 1169 1207 1226 occidentali
1236 1172 1326 1229 lroute
1354 1175 1463 1230 venitur
1478 1177 1505 1230 in
1525 1183 1637 1233 stratam
1663 1180 1735 1234 viam

65 1262 128 1308 turo
143 1259 275 1309 aeternam
294 1253 410 1328 gloriam
439 1267 502 1308 curn
536 1244 876 1326 sanctisangelisconse·
928 1262 1735 1345 publicamquamdicuntlluasSorores,etveuiturusque

63 1355 175 1416 quatur.
930 1354 957 1408 in
972 1353 1128 1410 Literauum
1162 1372 1212 1427 per
1236 1357 1323 1428 ipsam
1339 1359 1410 1416 viam
1425 1360 1565 1431 publicam
1578 1369 1586 1417 t
1602 1363 1735 1420 deiudca

52 1463 59 1472 ·
100 1434 239 1505 Sllil)lum
271 1449 321 1506 l)el
345 1449 457 1489 manum
487 1430 878 1506 Le⁰1¹i⁵¹1⁰l³iliil²lll⁰fl³ffi
930 1454 1006 1518 parte
1021 1448 1171 1520 aquilonali
1186 1450 1442 1509 subSanctoFelicc
1458 1455 1625 1525 tenditur,et
1640 1473 1736 1528 perre-

63 1533 148 1596 atque
163 1525 300 1582 scriniarii
314 1525 390 1581 sedis
406 1524 565 1596 apostolicae
575 1526 603 1579 in
615 1539 711 1580 mcuse
722 1519 877 1586 llccembri,
929 1535 1002 1592 „trus
1016 1552 1104 1608 usque
1120 1537 1148 1593 jn
1164 1538 1273 1595 ,todem
1289 1539 1397 1598 smpae
1410 1542 1513 1601 mrim,
1530 1545 1597 1600 ηοω
1611 1546 1679 1601 alibi
1692 1563 1736 1604 θα.

65 1616 220 1674 indictione
236 1619 279 1675 ta.
297 1619 371 1674 Bene
383 1619 482 1674 valete.
928 1630 1040 1686 alesiam
1054 1632 1147 1688 Sancti
1171 1632 1278 1689 llartini
1291 1651 1353 1690 cum
1377 1636 1443 1692 villa
1463 1637 1499 1693 de
1522 1638 1658 1708 cleirano,
1672 1657 1735 1698 curu

442 1748 500 1803 m
619 1712 622 1716 Α
892 1682 1029 1779 Bfinibus
1039 1731 1066 1779 ct
1077 1725 1241 1794 adjacentiis
1253 1728 1401 1784 suishanc
1413 1730 1506 1787 villam
1518 1733 1662 1789 l'astellaui
1672 1750 1734 1790 cum

63 1873 176 1914 mm
204 1876 278 1914 PM
304 1876 350 1914 xm
380 1875 550 1915 mmmm
578 1874 629 1913 PRO
655 1869 826 1912 “omnmo
851 1870 873 1908 s·
926 1816 1034 1871 duabus
1050 1815 1177 1872 ecclesiis
1191 1817 1230 1872 ibi
1245 1817 1376 1888 fundatis,
1399 1820 1606 1881 hocestsancti
1620 1826 1735 1882 hndretu

310 1946 453 1987 memus
469 1947 503 1984 m,
516 1944 631 1986 como·
926 1912 954 1961 et
967 1905 1055 1962 beatae
1070 1906 1161 1961 llariae
1175 1923 1287 1978 semper
1305 1909 1432 1984 virginis,
1446 1927 1509 1968 cum
1537 1915 1618 1971 alode
1631 1931 1694 1985 suo,
1708 1925 1736 1972 et

246 1991 249 1997 ’
378 2031 467 2092 (Anno
488 2030 564 2103 968)
927 2011 988 2051 cum
1004 1996 1120 2051 decimis
1132 2005 1161 2051 et
1182 1997 1313 2067 primitiis
1327 1999 1395 2066 suis,
1411 2007 1439 2056 et
1458 2016 1521 2056 cum
1549 2003 1625 2058 omni
1635 2011 1735 2060 ornatu
1772 2038 1775 2043 -

545 2073 550 2085 '
927 2101 1031 2160 earum.
1048 2086 1109 2156 lpsa
1120 2086 1192 2140 villa·
1201 2087 1290 2156 posita
1300 2093 1342 2142 est
1353 2089 1425 2144 iuter
1439 2089 1548 2156 aflines,
1559 2093 1618 2148 sive
1633 2091 1735 2149 affron-

926 2177 1053 2244 tationes,
1074 2178 1154 2232 idest
1173 2192 1207 2235 en
1226 2193 1281 2233 una
1312 2189 1390 2251 parte
1406 2181 1598 2240 interminium
1608 2185 1643 2240 de
1656 2185 1735 2240 lloli-

97 2265 221 2322 loannus
235 2268 394 2339 episcopus,
422 2284 517 2324 servus
532 2283 673 2324 serrorum
699 2266 758 2333 liei,
775 2265 876 2319 dilecto
926 2269 982 2343 gio,
996 2269 1039 2323 vel
1056 2269 1157 2340 inipso
1173 2268 1371 2338 Petrabcta,et
1397 2291 1430 2329 ex
1449 2275 1503 2330 alia
1517 2284 1596 2347 parte
1623 2277 1651 2330 in
1674 2277 1733 2347 ipsa

63 2357 147 2413 nobis
161 2358 189 2412 in
201 2358 307 2415 Christo
323 2358 381 2415 lilio
396 2359 525 2428 Wrnrno,
547 2361 678 2434 religioso
697 2357 790 2413 abbati
805 2357 874 2411 sacri
926 2357 1035 2413 arcade
1051 2357 1193 2423 Casalone,
1208 2372 1235 2419 ct
1258 2360 1333 2416 vadit
1348 2378 1397 2433 par
1411 2361 1534 2431 Comum,
1561 2380 1615 2437 qua
1637 2365 1732 2435 pergi-

64 2450 230 2505 mouasterii
245 2449 339 2506 Sancti
353 2451 494 2508 lliohaelis
512 2451 677 2526 Archangeli
688 2458 715 2506 ct
730 2447 876 2505 BeatiGer-
925 2452 969 2500 tur
979 2447 1013 2501 ad
1041 2446 1143 2503 llumen
1169 2443 1240 2507 Tedc
1256 2471 1264 2518 ς
1283 2452 1318 2509 de
1346 2452 1427 2507 tertia
1451 2459 1528 2524 parte
1548 2453 1631 2509 habet
1658 2454 1734 2525 ipsos

62 2542 151 2609 mani,
169 2544 243 2616 quod
267 2544 350 2600 situm
365 2546 449 2601 estin
472 2546 543 2601 valle
559 2543 716 2600 Gonllucnti
734 2550 762 2599 et
775 2543 803 2597 in
814 2541 876 2597 loco
925 2538 1032 2593 casales
1051 2540 1086 2595 de
1112 2541 1257 2617 llengone.
1287 2545 1386 2600 ltema
1407 2552 1504 2616 quarta
1532 2545 1679 2601 terminum
1698 2546 1734 2602 dc

63 2637 112 2708 qui
145 2635 281 2702 Comus,
303 2654 335 2693 ιο
359 2653 409 2709 pe,
431 2644 458 2694 10
482 2638 690 2695 successoribus
715 2636 768 2692 puts
799 2650 877 2710 regu-
927 2625 1018 2683 Ganoa
1040 2628 1083 2683 acl
1106 2628 1260 2698 Petrolicta,
1284 2640 1312 2687 et
1332 2633 1444 2688 venitur
1475 2634 1606 2705 usquein
1630 2633 1733 2689 llumcn

64 2727 174 2783 laribus
199 2728 347 2784 abbatibus
374 2728 501 2799 ejusdem
531 2729 674 2785 monachis
700 2727 821 2784 coenobii
847 2726 875 2780 in
925 2713 1008 2781 Τθᾶθ,
1025 2723 1052 2771 el
1067 2718 1137 2773 ultra
1153 2721 1244 2791 ipsum
1259 2720 1362 2776 flumen
1377 2727 1511 2793 quantum
1527 2724 1735 2780 tenebatlletto·

64 2824 232 2890 perpetuum
249 2819 428 2890 apostolicam
441 2820 666 2896 benedjsspjmm
677 2826 705 2876 οι
713 2817 838 2892 gratiam,
927 2804 1023 2862 fredus
1037 2823 1130 2864 comes
1145 2811 1171 2865 in
1183 2810 1229 2867 die
1244 2812 1338 2867 obitus
1367 2813 1422 2880 sui,
1433 2821 1461 2869 et
1475 2814 1568 2870 villam
1582 2813 1732 2884 Torrentis,

101 2907 170 2963 Cum
185 2923 293 2983 magne
308 2909 391 2965 nobis
408 2909 604 2966 sollicitudinis
628 2924 694 2964 cura
718 2907 827 2963 insistat
841 2906 876 2961 ad
927 2908 989 2974 cum
1008 2895 1122 2964 finibus,
1137 2901 1262 2956 leminis
1277 2902 1336 2959 sile
1350 2902 1513 2972 adjacentiis
1525 2904 1593 2972 ⁵⁰1⁸·
1604 2906 1735 2976 &0⁰¹le

60 2998 237 3074 ,pgppandum
263 3015 315 3072 ppo
338 2999 476 3056 universis
502 3000 631 3056 [replestis
656 3000 716 3067 pei,
732 3015 768 3055 ne
782 2997 875 3070 aliqua
887 3019 912 3089 C
925 2987 1088 3059 scripturam
1103 2990 1178 3046 idem
1193 2995 1392 3067 monasterium
1418 2995 1521 3052 babere
1539 2996 1659 3052 videtur.
1676 2996 1733 3052 llil·
1822 2992 1826 2996 ’

62 3106 161 3145 carum
183 3091 357 3147 necessitatis
377 3092 512 3163 jacturam
531 3092 560 3146 in
586 3101 725 3165 posterum
745 3091 873 3161 patiatur,
925 3082 977 3137 lam
1002 3083 1186 3159 Taresagliex
1212 3086 1331 3162 {¹¹1⁰ng
1360 3094 1387 3144 θῑ
1407 3089 1517 3144 ³¹0d0¹1¹
1538 3090 1573 3146 (10
1608 3090 1731 3167 M0lissi02

61 3181 180 3258 dignum
190 3182 319 3239 ducimus
332 3183 443 3255 pietatis
458 3183 558 3239 iutuitu
573 3183 632 3239 loca
646 3183 682 3240 ad
697 3181 875 3252 omnipoteu-
922 3181 1055 3244 quantum
1066 3172 1117 3244 ipsi
1143 3175 1312 3232 monasterio
1341 3177 1471 3250 pertinet.
1499 3178 1568 3233 ltem
1597 3186 1732 3251 quantum

60 3273 99 3329 as
113 3273 163 3329 net
178 3274 313 3331 honorem
333 3274 406 3331 nene
427 3274 554 3331 orarum
568 3274 714 3346 apostonci
736 3272 874 3347 privilegii
924 3260 1077 3330 pertinetei
1093 3260 1417 3331 rearoaeaeuoserao,
1431 3274 1459 3322 a
1478 3277 1613 3338 quantum
1626 3268 1651 3322 ei
1666 3284 1732 3339 ner·

61 3373 230 3424 mepomape
250 3367 363 3436 muniri,
380 3377 407 3424 εἰ
429 3385 491 3427 ,um
504 3368 634 3426 omuibus
650 3383 711 3441 Μ
726 3368 760 3423 ,d
773 3381 874 3438 seper.
925 3352 992 3406 tinet
1002 3351 1037 3406 dc
1059 3351 1139 3407 alode
1158 3353 1194 3409 dc
1222 3355 1382 3422 hrbuzolos,
1397 3364 1426 3412 ct
1438 3357 1605 3425 Planizolos,
1621 3368 1649 3415 et
1661 3360 1734 3417 inter

61 3458 155 3514 ,inem
181 3458 265 3514 ,ebus
302 3458 470 3516 connum
508 3459 593 3535 ,gum
625 3459 691 3531 qui,
718 3456 875 3513 ,mervemu
924 3441 1009 3508 rivos,
1024 3448 1051 3496 ct
1079 3441 1107 3495 in
1133 3441 1197 3497 villa
1221 3442 1391 3512 lloaetto,et
1421 3445 1734 3521 invillal'clgariaper

60 3544 140 3602 olive
156 3546 305 3603 laudabilis
317 3556 345 3604 et
357 3545 498 3624 magnifici
511 3547 622 3604 comitis
633 3545 777 3618 postulasti
797 3560 875 3601 ano·
925 3528 1171 3587 fisssssellelmlssffl
1184 3547 1261 3588 ⁸⁰⁰⁸·
1277 3533 1344 3589 stem
1365 3533 1391 3587 51¹
1416 3533 1487 3588 ΜΗΘ
1497 3534 1666 3591 sauriniano
1681 3551 1731 3592 0⁰·
1781 3598 1790 3613 .

61 3638 116 3706 bis,
134 3646 273 3711 quatenu,
287 3637 548 3697 ,econfimaoemus
563 3640 613 3695 pb,
636 3640 748 3712 ,uisque
759 3654 874 3696 sumes.
925 3619 1037 3675 clesiam
1051 3620 1143 3676 Sancti
1166 3621 1306 3678 Michaelis
1324 3638 1386 3679 cum
1400 3622 1531 3678 omnibus
1552 3623 1635 3679 rebus
1654 3625 1687 3679 ad
1702 3639 1733 3680 se

60 3726 176 3785 „ubas
190 3728 364 3805 ,egulapibm
385 3728 533 3785 ,bbafibus
559 3727 720 3800 mpetum
736 3734 877 3785 monast„
926 3708 1141 3779 pertinentibus.
1151 3709 1181 3764 lu
1193 3709 1326 3766 comitatu
1341 3725 1461 3782 namque
1474 3711 1733 3768 Feniliorcusicon-

60 3819 147 3887 rium,
160 3820 503 3893 quodsuuslraterbouae
517 3820 656 3878 memorie
678 3836 772 3878 comes
785 3821 876 3878 lieno·
926 3802 1067 3895 flmm'ss
1094 3819 1192 3888 9¹¹¹¹¹⁰³
1221 3820 1265 3860 “³⁵
1284 3805 1337 3877 ipsi
1363 3805 1531 3862 ¹¹¹⁰¹¹⁸⁸lefi0
1547 3805 1732 3877 Pellissssflleb

61 3913 160 3972 fredus
173 3931 222 3987 pm
237 3929 333 3973 ,mm
343 3917 466 3975 coelesps
481 3916 576 3988 pamae
604 3915 756 3983 ,enovappp
773 3914 878 3972 (pomp
927 3895 955 3950 in
968 3895 1038 3951 valle
1052 3895 1207 3953 Continenti
1228 3912 1326 3953 omues
1345 3913 1390 3953 res
1412 3897 1465 3953 sibi
1479 3897 1653 3969 pertinentes
1667 3914 1730 3954 cuna

59 4002 190 4070 elausit,
206 4005 682 4080 aggregattsmonachtsadlaudem
698 4003 876 4061 etservitium
927 3986 1211 4044 fissiblssss‘oefminis
1233 3988 1301 4044 ⁸³⁵⁸·
1332 3989 1399 4044 stem
1432 3989 1460 4068 {¹¹
1475 3989 1606 4045 mmmm
1633 3990 1733 4046 sam·

59 4091 186 4148 coelestia
198 4092 272 4167 ,egis
284 4099 312 4149 ep
334 4093 469 4150 bomem
494 4093 688 4165 praedpcpofum
702 4100 874 4161 sanctorum,
926 4078 1017 4134 nicusi
1032 4079 1096 4135 villa
1106 4078 1199 4146 orutz,
1213 4096 1274 4136 cum
1289 4079 1363 4136 villis
1381 4087 1408 4136 ct
1421 4079 1609 4147 villarunculis
1623 4081 1691 4145 suis,
1706 4085 1734 4137 ei

57 4179 194 4244 videlicet
204 4181 364 4254 archangeli
379 4181 521 4238 llichaelis
535 4191 563 4238 et
575 4181 704 4238 Germani
732 4180 874 4239 coulesso·
925 4176 1128 4233 cumomnibus
1141 4176 1304 4246 adjacentiis
1332 4192 1438 4245 aarum,
1454 4186 1484 4234 et
1501 4177 1612 4234 alodem
1624 4178 1660 4234 de
1678 4179 1734 4234 hu·

59 4264 111 4334 ris,
124 4265 316 4326 inclinatiluis
327 4271 444 4344 ejusque
459 4271 598 4343 precibus,
616 4272 644 4327 id
659 4272 748 4343 ipsum
762 4286 876 4327 venera·
925 4272 1016 4346 pilos,
1027 4287 1089 4328 cum
1104 4271 1166 4342 ipso
1181 4271 1314 4344 llercato,
1328 4279 1431 4329 etcum
1444 4270 1549 4328 linibus
1563 4280 1592 4329 et
1606 4273 1732 4329 terminis

59 4352 332 4413 bilemossffletittm
357 4375 442 4431 supet
471 4360 560 4432 ripam
589 4360 725 4417 Literanls
749 4358 874 4416 fluminis
923 4367 982 4421 suis
997 4384 1005 4432 ;
1021 4366 1112 4422 villam
1129 4366 1258 4442 Lagiuam
1269 4358 1336 4423 cum'
1346 4367 1464 4423 ccclesia
1476 4367 1569 4425 Sancti
1584 4367 1732 4435 vincentii,

61 4445 254 4514 minutum,
279 4463 341 4504 0⁰¹¹!
356 4449 487 4506 Omnibus
502 4450 607 4507 finibus
621 4460 649 4506 el
665 4451 791 4507 terminis
805 4450 873 4517 ⁸⁰1³,
888 4413 916 4482 D
924 4464 1024 4513 etcum
1037 4457 1141 4513 finibus
1166 4466 1195 4514 et
1217 4459 1343 4514 terminis
1370 4460 1428 4516 suis
1442 4478 1450 4526 ;
1466 4460 1559 4518 villam
1585 4460 1732 4534 Ballogarii

61 4538 251 4612 omnibusque
259 4541 345 4598 rebus
359 4543 509 4600 mobilibus
522 4551 549 4599 ct
561 4543 751 4600 immobilibus
760 4558 878 4618 genera·
928 4559 989 4599 curn
1004 4544 1122 4601 ecclesia
1155 4546 1247 4601 Sancti
1275 4544 1396 4609 Thema,
1417 4553 1444 4603 el
1454 4564 1515 4604 cum
1530 4548 1602 4604 villis
1615 4550 1733 4606 ctrilla-

60 4625 126 4682 liter
138 4635 167 4683 et
190 4628 217 4683 iu
239 4629 378 4702 integrum
394 4630 447 4686 sibi
464 4632 680 4702 pertinentibus,
704 4631 739 4687 ad
755 4646 833 4687 usum
849 4637 877 4687 et
928 4633 1050 4690 runculis
1064 4634 1132 4700 suis,
1146 4641 1174 4689 et
1188 4650 1250 4689 cunr
1265 4634 1396 4692 omnibus
1411 4636 1537 4692 terminis
1555 4637 1623 4702 suis,
1642 4647 1670 4695 et
1682 4639 1735 4694 vil-

58 4715 232 4788 stipcudium
260 4720 430 4793 regularium
450 4720 565 4776 fratrum
588 4721 693 4777 ibidem
715 4736 790 4776 nunc
811 4719 877 4775 etin
928 4724 982 4778 lam
1007 4722 1105 4790 baren,
1133 4722 1317 4790 llazuuculss,
1337 4733 1365 4780 et
1379 4723 1470 4792 Talax,
1487 4732 1514 4781 et
1533 4726 1658 4794 ozenias,
1670 4743 1732 4783 cum

59 4819 207 4883 posterum
228 4814 284 4869 lleo
302 4815 480 4871 servientium
496 4814 733 4877 reconfirmamus,
750 4814 878 4871 corrobo
928 4814 1046 4872 ecclesia
1060 4814 1153 4870 Sancti
1181 4815 1324 4884 Stephani,
1340 4821 1368 4870 et
1382 4816 1523 4872 Saltonem
1538 4834 1601 4874 cum
1616 4818 1735 4874 ccclesia

59 4918 165 4972 murus,
176 4910 204 4959 et
227 4906 358 4976 praeseuti
383 4905 555 4978 protectione
566 4906 618 4963 sub
633 4907 764 4964 continua
776 4906 876 4960 immu-
927 4904 1019 4961 Sancti
1040 4904 1168 4971 llaurilii,
1181 4910 1209 4959 ct
1223 4904 1381 4976 parochiam
1396 4906 1487 4964 Sancti
1507 4907 1579 4965 Petri
1594 4908 1630 4964 de
1645 4907 1735 4963 lnlur-

57 4992 146 5050 nilne
163 4995 332 5066 stabilimus,
356 4998 429 5054 sicut
445 5015 462 5053 a
477 4998 674 5055 decessoribus
690 4996 792 5054 uostris
813 5011 877 5051 sau·
927 5001 998 5064 cato,
1013 5003 1042 5052 et
1053 4994 1197 5050 ecclesiam
1222 4994 1371 5053 Salutaris
1399 4997 1434 5054 de
1449 4999 1633 5071 Sponnacum
1657 4997 1735 5054 deci-

58 5083 193 5140 ctissiuria
205 5085 385 5157 pontificibus
396 5095 481 5160 atque
493 5086 735 5144 christianissimis
762 5086 878 5141 Franco·
927 5085 980 5142 mis
994 5092 1022 5141 et
1034 5083 1163 5157 primitiis
1175 5084 1242 5153 suis,
1257 5091 1286 5140 et
1299 5086 1391 5143 villam
1406 5089 1536 5147 Vulcarca
1556 5105 1617 5145 cunr
1631 5087 1735 5145 linibus

57 5190 121 5231 rum
131 5175 248 5250 regibus
260 5177 373 5234 ridetur
387 5177 581 5235 confirmatum
594 5195 644 5235 seu
656 5177 875 5236 corroboratum.
927 5177 996 5234 suis.
1013 5177 1179 5253 bragolisam
1192 5193 1253 5233 cum
1260 5178 1342 5235 alode
1353 5187 1380 5236 et
1391 5180 1509 5236 ccclesia
1520 5180 1612 5236 Sancti
1626 5179 1733 5236 treola.

59 5268 92 5325 ln
105 5269 208 5342 primis
220 5269 315 5328 villam
334 5271 451 5330 Cotoleti
472 5278 500 5328 et
517 5272 610 5328 villam
643 5271 784 5339 Tauriani,
814 5285 878 5326 cum
930 5267 1235 5324 Buluircumecclesia
1260 5267 1367 5325 Sancte
1394 5269 1518 5336 Caeciliae,
1534 5275 1562 5325 et
1587 5284 1651 5325 curn
1675 5268 1736 5340 ipso

59 5361 186 5419 eeclesia
200 5362 294 5421 sancti
308 5364 452 5421 fructuosi
463 5371 491 5421 et
510 5364 639 5421 omnihus
655 5364 740 5420 rebus
752 5363 805 5419 sihi
816 5378 880 5434 per·
934 5357 1010 5424 Poto,
1027 5357 1258 5429 parochiasancti
1272 5359 1454 5431 Thomaequae
1469 5357 1551 5415 estin
1563 5357 1736 5432 Venteciola.

59 5451 228 5512 tinentibus.
241 5455 311 5513 item
321 5457 415 5513 sillam
435 5472 497 5529 quta
518 5456 621 5513 dicitur
633 5455 732 5522 Cortis,
748 5461 776 5510 et
789 5452 884 5510 omnia
933 5466 998 5506 cum
1012 5449 1129 5507 decimis
1143 5458 1170 5508 et
1188 5451 1320 5523 primitiis
1342 5450 1410 5507 suis.
1426 5450 1494 5505 ltenr
1509 5465 1608 5508 omues
1622 5465 1666 5506 res
1685 5447 1739 5521 ipsi
1776 5468 1781 5481 ·

61 5545 153 5617 posita
170 5546 242 5604 inter
253 5548 304 5605 hos
315 5547 415 5605 aflines
430 5548 458 5603 in
474 5547 592 5604 circuilu
610 5545 786 5614 monasterii,
801 5544 884 5600 idest
933 5538 1104 5596 monasterio
1117 5538 1323 5610 pertinentesin
1337 5538 1469 5595 comitatu
1479 5537 1662 5606 Sardiniensi,
1675 5552 1738 5593 cum

62 5634 97 5690 ab
108 5637 240 5696 orientali
254 5645 331 5712 parte
358 5638 423 5695 huis
439 5656 490 5711 per
518 5638 704 5695 summitatem
720 5635 811 5699 Serre,
828 5651 882 5704 qua
933 5628 1037 5686 linibus
1048 5630 1116 5697 suis,
1131 5635 1158 5684 et
1182 5630 1356 5686 incomitata
1383 5630 1545 5704 Vergadano
1576 5630 1684 5689 alodem
1705 5628 1739 5683 dc

232 5770 383 5833 PATROL.
409 5769 578 5832 cxxxv.
941 5739 969 5783 *
1482 5768 1519 5834 ar
1595 5791 1605 5806 ·

193 2135 312 2207 [Maurae
330 2139 428 2208 Papiri
449 2135 640 2206 diplomatichi
655 2134 676 2202 l,
693 2133 749 2204 δὲ]
