<?xml version="1.0" encoding="UTF-8"?>
<!DOCTYPE html PUBLIC "-//W3C//DTD XHTML 1.0 Transitional//EN"
    "http://www.w3.org/TR/xhtml1/DTD/xhtml1-transitional.dtd">
<html xmlns="http://www.w3.org/1999/xhtml" xml:lang="en" lang="en">
 <head>
  <title>
</title>
<meta http-equiv="Content-Type" content="text/html;charset=utf-8" />
  <meta name='ocr-system' content='tesseract 3.04.00' />
  <meta name='ocr-capabilities' content='ocr_page ocr_carea ocr_par ocr_line ocrx_word'/>
</head>
<body>
  <div class='ocr_page' id='page_1' title='image "./patrologiaecurs08migngoog/patrologiaecurs08migngoog_0416.png"; bbox 0 0 3840 6106; ppageno 0'>
   <div class='ocr_carea' id='block_1_1' title="bbox 123 244 1795 331">
    <p class='ocr_par' dir='ltr' id='par_1_1' title="bbox 123 244 1795 331">
     <span class='ocr_line' id='line_1_1' title="bbox 123 244 1795 331; baseline 0.003 -14"><span class='ocrx_word' id='word_1_1' title='bbox 123 259 179 317; x_wconf 75' lang='lat'><strong>825</strong></span> <span class='ocrx_word' id='word_1_2' title='bbox 434 263 475 318; x_wconf 81' lang='lat' dir='ltr'><strong>DE</strong></span> <span class='ocrx_word' id='word_1_3' title='bbox 494 262 624 322; x_wconf 78' lang='lat' dir='ltr'><strong>cuntsrt</strong></span> <span class='ocrx_word' id='word_1_4' title='bbox 643 266 823 327; x_wconf 70' lang='lat' dir='ltr'><strong>lutbertus</strong></span> <span class='ocrx_word' id='word_1_5' title='bbox 844 244 930 330; x_wconf 77' lang='grc'>111111</span> <span class='ocrx_word' id='word_1_6' title='bbox 950 274 1081 330; x_wconf 75' lang='lat' dir='ltr'><strong>trattati</strong></span> <span class='ocrx_word' id='word_1_7' title='bbox 1102 260 1486 331; x_wconf 70' lang='grc'>1111111111-111111,</span> <span class='ocrx_word' id='word_1_8' title='bbox 1539 320 1541 324; x_wconf 89' lang='grc'><em>.</em></span> <span class='ocrx_word' id='word_1_9' title='bbox 1741 264 1795 322; x_wconf 75' lang='lat'><strong>826</strong></span> 
     </span>
    </p>
   </div>
   <div class='ocr_carea' id='block_1_2' title="bbox 123 391 828 826">
    <p class='ocr_par' dir='ltr' id='par_1_2' title="bbox 124 391 735 466">
     <span class='ocr_line' id='line_1_2' title="bbox 124 391 735 466; baseline 0.016 -20"><span class='ocrx_word' id='word_1_10' title='bbox 124 391 288 464; x_wconf 73' lang='lat' dir='ltr'><strong>affectuque</strong></span> <span class='ocrx_word' id='word_1_11' title='bbox 306 399 401 448; x_wconf 91' lang='lat' dir='ltr'><strong>monet</strong></span> <span class='ocrx_word' id='word_1_12' title='bbox 414 395 512 466; x_wconf 91' lang='lat' dir='ltr'><strong>coeptis</strong></span> <span class='ocrx_word' id='word_1_13' title='bbox 525 395 650 453; x_wconf 81' lang='lat' dir='ltr'>insistere</span> <span class='ocrx_word' id='word_1_14' title='bbox 663 401 735 456; x_wconf 84' lang='lat' dir='ltr'><strong>rotis</strong></span> 
     </span>
    </p>

    <p class='ocr_par' dir='ltr' id='par_1_3' title="bbox 123 481 828 826">
     <span class='ocr_line' id='line_1_3' title="bbox 124 481 806 553; baseline 0.015 -18"><span class='ocrx_word' id='word_1_15' title='bbox 124 481 195 553; x_wconf 78' lang='lat' dir='ltr'><strong>Erga</strong></span> <span class='ocrx_word' id='word_1_16' title='bbox 208 481 358 536; x_wconf 83' lang='lat' dir='ltr'><strong>Romanam</strong></span> <span class='ocrx_word' id='word_1_17' title='bbox 373 483 473 538; x_wconf 89' lang='lat' dir='ltr'><strong>summi</strong></span> <span class='ocrx_word' id='word_1_18' title='bbox 494 486 691 543; x_wconf 88' lang='lat' dir='ltr'><strong>moderaminis</strong></span> <span class='ocrx_word' id='word_1_19' title='bbox 705 505 806 545; x_wconf 88' lang='lat' dir='ltr'><strong>arcem.</strong></span> 
     </span>
     <span class='ocr_line' id='line_1_4' title="bbox 125 568 797 652; baseline 0.013 -29"><span class='ocrx_word' id='word_1_20' title='bbox 125 568 297 642; x_wconf 73' lang='lat' dir='ltr'><strong>conquestos</strong></span> <span class='ocrx_word' id='word_1_21' title='bbox 310 585 340 624; x_wconf 88' lang='lat' dir='ltr'><strong>se</strong></span> <span class='ocrx_word' id='word_1_22' title='bbox 354 570 467 644; x_wconf 78' lang='lat' dir='ltr'><strong>indigna</strong></span> <span class='ocrx_word' id='word_1_23' title='bbox 482 573 549 643; x_wconf 91' lang='lat' dir='ltr'><strong>peti,</strong></span> <span class='ocrx_word' id='word_1_24' title='bbox 564 572 694 650; x_wconf 82' lang='lat' dir='ltr'><strong>suffragia</strong></span> <span class='ocrx_word' id='word_1_25' title='bbox 711 577 797 652; x_wconf 87' lang='lat' dir='ltr'><strong>leget:</strong></span> 
     </span>
     <span class='ocr_line' id='line_1_5' title="bbox 124 661 791 735; baseline 0.01 -19"><span class='ocrx_word' id='word_1_26' title='bbox 124 661 209 717; x_wconf 80' lang='lat' dir='ltr'><strong>latius</strong></span> <span class='ocrx_word' id='word_1_27' title='bbox 221 661 255 715; x_wconf 93' lang='lat' dir='ltr'><strong>ad</strong></span> <span class='ocrx_word' id='word_1_28' title='bbox 276 661 363 716; x_wconf 88' lang='lat' dir='ltr'><strong>Patris</strong></span> <span class='ocrx_word' id='word_1_29' title='bbox 376 663 544 735; x_wconf 78' lang='lat' dir='ltr'><strong>mandatque</strong></span> <span class='ocrx_word' id='word_1_30' title='bbox 557 665 701 735; x_wconf 82' lang='lat' dir='ltr'><strong>juramina</strong></span> <span class='ocrx_word' id='word_1_31' title='bbox 715 667 791 723; x_wconf 90' lang='lat' dir='ltr'><strong>ferri.</strong></span> 
     </span>
     <span class='ocr_line' id='line_1_6' title="bbox 123 751 828 826; baseline 0.013 -21"><span class='ocrx_word' id='word_1_32' title='bbox 123 751 170 806; x_wconf 94' lang='lat' dir='ltr'><strong>Sic</strong></span> <span class='ocrx_word' id='word_1_33' title='bbox 183 753 394 826; x_wconf 78' lang='lat' dir='ltr'><strong>peregrinantes</strong></span> <span class='ocrx_word' id='word_1_34' title='bbox 412 755 464 810; x_wconf 88' lang='lat' dir='ltr'><strong>sub</strong></span> <span class='ocrx_word' id='word_1_35' title='bbox 479 770 574 811; x_wconf 89' lang='lat' dir='ltr'><strong>amore</strong></span> <span class='ocrx_word' id='word_1_36' title='bbox 587 764 615 812; x_wconf 92' lang='lat' dir='ltr'><strong>et</strong></span> <span class='ocrx_word' id='word_1_37' title='bbox 630 759 741 813; x_wconf 91' lang='lat' dir='ltr'><strong>nominc</strong></span> <span class='ocrx_word' id='word_1_38' title='bbox 759 760 828 814; x_wconf 82' lang='lat' dir='ltr'><strong>Petri</strong></span> 
     </span>
    </p>
   </div>
   <div class='ocr_carea' id='block_1_3' title="bbox 122 840 792 1009">
    <p class='ocr_par' dir='ltr' id='par_1_4' title="bbox 122 840 792 1009">
     <span class='ocr_line' id='line_1_7' title="bbox 122 840 792 915; baseline 0.015 -21"><span class='ocrx_word' id='word_1_39' title='bbox 122 840 263 914; x_wconf 85' lang='lat' dir='ltr'><strong>Suscipiet</strong></span> <span class='ocrx_word' id='word_1_40' title='bbox 274 844 353 915; x_wconf 88' lang='lat' dir='ltr'><strong>petit,</strong></span> <span class='ocrx_word' id='word_1_41' title='bbox 368 861 400 900; x_wconf 90' lang='lat' dir='ltr'><strong>ac</strong></span> <span class='ocrx_word' id='word_1_42' title='bbox 414 844 515 913; x_wconf 82' lang='lat' dir='ltr'><strong>foreat,</strong></span> <span class='ocrx_word' id='word_1_43' title='bbox 530 854 649 914; x_wconf 89' lang='lat' dir='ltr'><strong>tucatur,</strong></span> <span class='ocrx_word' id='word_1_44' title='bbox 665 849 792 905; x_wconf 93' lang='lat' dir='ltr'><strong>honoret.</strong></span> 
     </span>
     <span class='ocr_line' id='line_1_8' title="bbox 122 928 697 1009; baseline 0.014 -26"><span class='ocrx_word' id='word_1_45' title='bbox 122 928 194 984; x_wconf 88' lang='lat' dir='ltr'><strong>Pace</strong></span> <span class='ocrx_word' id='word_1_46' title='bbox 210 930 345 986; x_wconf 80' lang='lat' dir='ltr'><strong>laboranti</strong></span> <span class='ocrx_word' id='word_1_47' title='bbox 362 933 446 988; x_wconf 83' lang='lat' dir='ltr'><strong>lolius</strong></span> <span class='ocrx_word' id='word_1_48' title='bbox 461 944 489 987; x_wconf 88' lang='lat' dir='ltr'><strong>et</strong></span> <span class='ocrx_word' id='word_1_49' title='bbox 506 935 603 990; x_wconf 93' lang='lat' dir='ltr'><strong>ordine</strong></span> <span class='ocrx_word' id='word_1_50' title='bbox 618 936 697 1009; x_wconf 82' lang='lat' dir='ltr'><strong>regni</strong></span> 
     </span>
    </p>
   </div>
   <div class='ocr_carea' id='block_1_4' title="bbox 121 1023 898 2647">
    <p class='ocr_par' dir='ltr' id='par_1_5' title="bbox 123 1023 898 1194">
     <span class='ocr_line' id='line_1_9' title="bbox 123 1023 898 1098; baseline 0.009 -20"><span class='ocrx_word' id='word_1_51' title='bbox 123 1024 220 1078; x_wconf 82' lang='lat' dir='ltr'><strong>Grates</strong></span> <span class='ocrx_word' id='word_1_52' title='bbox 233 1023 299 1078; x_wconf 93' lang='lat' dir='ltr'><strong>inde</strong></span> <span class='ocrx_word' id='word_1_53' title='bbox 315 1023 408 1091; x_wconf 79' lang='lat' dir='ltr'><strong>refert,</strong></span> <span class='ocrx_word' id='word_1_54' title='bbox 428 1035 589 1098; x_wconf 78' lang='lat' dir='ltr'><strong>arescetque</strong></span> <span class='ocrx_word' id='word_1_55' title='bbox 599 1028 725 1084; x_wconf 90' lang='lat' dir='ltr'><strong>hortatur</strong></span> <span class='ocrx_word' id='word_1_56' title='bbox 739 1035 769 1084; x_wconf 90' lang='grc'><strong>11</strong></span> <span class='ocrx_word' id='word_1_57' title='bbox 783 1029 898 1085; x_wconf 88' lang='lat' dir='ltr'><strong>instans.</strong></span> 
     </span>
     <span class='ocr_line' id='line_1_10' title="bbox 161 1114 781 1194; baseline 0.006 -25"><span class='ocrx_word' id='word_1_58' title='bbox 161 1114 242 1169; x_wconf 86' lang='lat' dir='ltr'><strong>Urbis</strong></span> <span class='ocrx_word' id='word_1_59' title='bbox 256 1115 415 1189; x_wconf 78' lang='lat' dir='ltr'><strong>lingonicae</strong></span> <span class='ocrx_word' id='word_1_60' title='bbox 430 1119 665 1194; x_wconf 88' lang='lat' dir='ltr'><strong>qnestusdclegat</strong></span> <span class='ocrx_word' id='word_1_61' title='bbox 680 1120 781 1187; x_wconf 90' lang='lat' dir='ltr'><strong>eidem,</strong></span> 
     </span>
    </p>

    <p class='ocr_par' dir='ltr' id='par_1_6' title="bbox 123 1205 827 1282">
     <span class='ocr_line' id='line_1_11' title="bbox 123 1205 827 1282; baseline 0.009 -21"><span class='ocrx_word' id='word_1_62' title='bbox 123 1205 225 1263; x_wconf 83' lang='lat' dir='ltr'><strong>Contra</strong></span> <span class='ocrx_word' id='word_1_63' title='bbox 236 1214 299 1261; x_wconf 81' lang='lat' dir='ltr'><strong>rota</strong></span> <span class='ocrx_word' id='word_1_64' title='bbox 312 1208 400 1277; x_wconf 86' lang='lat' dir='ltr'><strong>premi</strong></span> <span class='ocrx_word' id='word_1_65' title='bbox 415 1215 555 1278; x_wconf 92' lang='lat' dir='ltr'><strong>pastorum</strong></span> <span class='ocrx_word' id='word_1_66' title='bbox 571 1211 691 1266; x_wconf 91' lang='lat' dir='ltr'><strong>culmine</strong></span> <span class='ocrx_word' id='word_1_67' title='bbox 705 1212 827 1282; x_wconf 85' lang='lat' dir='ltr'><strong>plebem,</strong></span> 
     </span>
    </p>

    <p class='ocr_par' dir='ltr' id='par_1_7' title="bbox 123 1294 843 1368">
     <span class='ocr_line' id='line_1_12' title="bbox 123 1294 843 1368; baseline 0.008 -20"><span class='ocrx_word' id='word_1_68' title='bbox 123 1294 180 1350; x_wconf 84' lang='lat' dir='ltr'><strong>llec</strong></span> <span class='ocrx_word' id='word_1_69' title='bbox 192 1294 276 1368; x_wconf 85' lang='lat' dir='ltr'><strong>digno</strong></span> <span class='ocrx_word' id='word_1_70' title='bbox 287 1294 436 1365; x_wconf 89' lang='lat' dir='ltr'><strong>impetrare</strong></span> <span class='ocrx_word' id='word_1_71' title='bbox 447 1295 553 1351; x_wconf 88' lang='lat' dir='ltr'><strong>Patrem</strong></span> <span class='ocrx_word' id='word_1_72' title='bbox 569 1299 711 1353; x_wconf 90' lang='lat' dir='ltr'><strong>molimine</strong></span> <span class='ocrx_word' id='word_1_73' title='bbox 726 1301 843 1355; x_wconf 91' lang='lat' dir='ltr'><strong>lectum:</strong></span> 
     </span>
    </p>

    <p class='ocr_par' dir='ltr' id='par_1_8' title="bbox 122 1383 716 1460">
     <span class='ocr_line' id='line_1_13' title="bbox 122 1383 716 1460; baseline 0.012 -21"><span class='ocrx_word' id='word_1_74' title='bbox 122 1383 251 1440; x_wconf 77' lang='lat' dir='ltr'><strong>Pontifici</strong></span> <span class='ocrx_word' id='word_1_75' title='bbox 268 1386 446 1460; x_wconf 79' lang='lat' dir='ltr'><strong>Lugdunensi</strong></span> <span class='ocrx_word' id='word_1_76' title='bbox 462 1388 590 1444; x_wconf 90' lang='lat' dir='ltr'><strong>mandate</strong></span> <span class='ocrx_word' id='word_1_77' title='bbox 605 1389 716 1446; x_wconf 79' lang='lat' dir='ltr'><strong>dedisse</strong></span> 
     </span>
    </p>

    <p class='ocr_par' dir='ltr' id='par_1_9' title="bbox 121 1475 791 1551">
     <span class='ocr_line' id='line_1_14' title="bbox 121 1475 791 1551; baseline 0.009 -21"><span class='ocrx_word' id='word_1_78' title='bbox 121 1475 298 1551; x_wconf 85' lang='lat' dir='ltr'><strong>Significans,</strong></span> <span class='ocrx_word' id='word_1_79' title='bbox 314 1491 395 1548; x_wconf 79' lang='lat' dir='ltr'><strong>raquo</strong></span> <span class='ocrx_word' id='word_1_80' title='bbox 405 1485 527 1548; x_wconf 88' lang='lat' dir='ltr'><strong>optatum</strong></span> <span class='ocrx_word' id='word_1_81' title='bbox 541 1487 662 1535; x_wconf 91' lang='lat' dir='ltr'><strong>sacraret</strong></span> <span class='ocrx_word' id='word_1_82' title='bbox 676 1483 791 1538; x_wconf 91' lang='lat' dir='ltr'><strong>honore.</strong></span> 
     </span>
    </p>

    <p class='ocr_par' dir='ltr' id='par_1_10' title="bbox 122 1568 832 1643">
     <span class='ocr_line' id='line_1_15' title="bbox 122 1568 832 1643; baseline 0.01 -20"><span class='ocrx_word' id='word_1_83' title='bbox 122 1568 183 1633; x_wconf 78' lang='lat' dir='ltr'><strong>Quo</strong></span> <span class='ocrx_word' id='word_1_84' title='bbox 194 1576 328 1624; x_wconf 89' lang='lat' dir='ltr'><strong>renuente</strong></span> <span class='ocrx_word' id='word_1_85' title='bbox 343 1569 448 1643; x_wconf 91' lang='lat' dir='ltr'><strong>dinque</strong></span> <span class='ocrx_word' id='word_1_86' title='bbox 463 1572 582 1627; x_wconf 86' lang='lat' dir='ltr'><strong>instante</strong></span> <span class='ocrx_word' id='word_1_87' title='bbox 598 1573 692 1630; x_wconf 90' lang='lat' dir='ltr'><strong>labore</strong></span> <span class='ocrx_word' id='word_1_88' title='bbox 708 1576 832 1631; x_wconf 86' lang='lat' dir='ltr'><strong>vacantis</strong></span> 
     </span>
    </p>

    <p class='ocr_par' dir='ltr' id='par_1_11' title="bbox 122 1659 753 1737">
     <span class='ocr_line' id='line_1_16' title="bbox 122 1659 753 1737; baseline 0.011 -23"><span class='ocrx_word' id='word_1_89' title='bbox 122 1659 265 1724; x_wconf 80' lang='lat' dir='ltr'><strong>Ecclesiae,</strong></span> <span class='ocrx_word' id='word_1_90' title='bbox 279 1676 308 1716; x_wconf 90' lang='lat' dir='ltr'><strong>se</strong></span> <span class='ocrx_word' id='word_1_91' title='bbox 323 1662 483 1732; x_wconf 78' lang='lat' dir='ltr'><strong>praelectum</strong></span> <span class='ocrx_word' id='word_1_92' title='bbox 496 1679 619 1719; x_wconf 88' lang='lat' dir='ltr'><strong>sacrasse</strong></span> <span class='ocrx_word' id='word_1_93' title='bbox 634 1665 753 1737; x_wconf 89' lang='lat' dir='ltr'><strong>petenti.</strong></span> 
     </span>
    </p>

    <p class='ocr_par' dir='ltr' id='par_1_12' title="bbox 123 1748 844 1824">
     <span class='ocr_line' id='line_1_17' title="bbox 123 1748 844 1824; baseline 0.008 -22"><span class='ocrx_word' id='word_1_94' title='bbox 123 1748 258 1813; x_wconf 82' lang='lat' dir='ltr'><strong>Quocirca</strong></span> <span class='ocrx_word' id='word_1_95' title='bbox 272 1765 434 1820; x_wconf 91' lang='lat' dir='ltr'><strong>properans,</strong></span> <span class='ocrx_word' id='word_1_96' title='bbox 451 1767 511 1823; x_wconf 84' lang='lat' dir='ltr'><strong>qnae</strong></span> <span class='ocrx_word' id='word_1_97' title='bbox 526 1751 626 1807; x_wconf 88' lang='lat' dir='ltr'><strong>desunt</strong></span> <span class='ocrx_word' id='word_1_98' title='bbox 642 1754 756 1824; x_wconf 91' lang='lat' dir='ltr'><strong>impleat</strong></span> <span class='ocrx_word' id='word_1_99' title='bbox 770 1754 844 1819; x_wconf 92' lang='lat' dir='ltr'><strong>urhi,</strong></span> 
     </span>
    </p>

    <p class='ocr_par' dir='ltr' id='par_1_13' title="bbox 123 1837 704 1910">
     <span class='ocr_line' id='line_1_18' title="bbox 123 1837 704 1910; baseline 0.012 -20"><span class='ocrx_word' id='word_1_100' title='bbox 123 1837 259 1910; x_wconf 85' lang='lat' dir='ltr'><strong>Regmina</strong></span> <span class='ocrx_word' id='word_1_101' title='bbox 272 1837 404 1908; x_wconf 79' lang='lat' dir='ltr'><strong>praeliciat</strong></span> <span class='ocrx_word' id='word_1_102' title='bbox 418 1840 531 1895; x_wconf 89' lang='lat' dir='ltr'><strong>rectoris</strong></span> <span class='ocrx_word' id='word_1_103' title='bbox 543 1840 595 1895; x_wconf 93' lang='lat' dir='ltr'><strong>rite</strong></span> <span class='ocrx_word' id='word_1_104' title='bbox 611 1841 704 1906; x_wconf 87' lang='lat' dir='ltr'><strong>dicati,</strong></span> 
     </span>
    </p>

    <p class='ocr_par' dir='ltr' id='par_1_14' title="bbox 123 1927 771 2002">
     <span class='ocr_line' id='line_1_19' title="bbox 123 1927 771 2002; baseline 0.011 -19"><span class='ocrx_word' id='word_1_105' title='bbox 123 1927 346 2002; x_wconf 72' lang='lat' dir='ltr'><strong>praesulibusque</strong></span> <span class='ocrx_word' id='word_1_106' title='bbox 360 1930 420 1985; x_wconf 91' lang='lat' dir='ltr'><strong>aliis</strong></span> <span class='ocrx_word' id='word_1_107' title='bbox 440 1948 518 2002; x_wconf 82' lang='lat' dir='ltr'><strong>papae</strong></span> <span class='ocrx_word' id='word_1_108' title='bbox 534 1933 645 1989; x_wconf 88' lang='lat' dir='ltr'><strong>decreta</strong></span> <span class='ocrx_word' id='word_1_109' title='bbox 659 1936 771 1990; x_wconf 82' lang='grc'>1111111.</span> 
     </span>
    </p>

    <p class='ocr_par' dir='ltr' id='par_1_15' title="bbox 124 2021 859 2100">
     <span class='ocr_line' id='line_1_20' title="bbox 124 2021 859 2100; baseline 0.014 -25"><span class='ocrx_word' id='word_1_110' title='bbox 124 2021 172 2077; x_wconf 90' lang='grc'>1111</span> <span class='ocrx_word' id='word_1_111' title='bbox 187 2031 298 2095; x_wconf 88' lang='lat' dir='ltr'><strong>paratus</strong></span> <span class='ocrx_word' id='word_1_112' title='bbox 317 2025 351 2079; x_wconf 93' lang='lat' dir='ltr'><strong>ad</strong></span> <span class='ocrx_word' id='word_1_113' title='bbox 372 2025 440 2092; x_wconf 74' lang='lat' dir='ltr'><strong>hare,</strong></span> <span class='ocrx_word' id='word_1_114' title='bbox 458 2025 583 2082; x_wconf 89' lang='lat' dir='ltr'><strong>Patribus</strong></span> <span class='ocrx_word' id='word_1_115' title='bbox 599 2037 736 2100; x_wconf 85' lang='lat' dir='ltr'><strong>praecepta</strong></span> <span class='ocrx_word' id='word_1_116' title='bbox 750 2033 859 2088; x_wconf 85' lang='lat' dir='ltr'><strong>retexit.</strong></span> 
     </span>
    </p>

    <p class='ocr_par' dir='ltr' id='par_1_16' title="bbox 123 2111 810 2186">
     <span class='ocr_line' id='line_1_21' title="bbox 123 2111 810 2186; baseline 0.012 -21"><span class='ocrx_word' id='word_1_117' title='bbox 123 2111 192 2186; x_wconf 80' lang='lat' dir='ltr'><strong>Regi</strong></span> <span class='ocrx_word' id='word_1_118' title='bbox 205 2114 282 2176; x_wconf 83' lang='lat' dir='ltr'><strong>jussa</strong></span> <span class='ocrx_word' id='word_1_119' title='bbox 293 2120 378 2179; x_wconf 90' lang='lat' dir='ltr'><strong>notat,</strong></span> <span class='ocrx_word' id='word_1_120' title='bbox 394 2129 448 2186; x_wconf 92' lang='lat' dir='ltr'><strong>quo</strong></span> <span class='ocrx_word' id='word_1_121' title='bbox 463 2131 493 2168; x_wconf 88' lang='lat' dir='ltr'><strong>se</strong></span> <span class='ocrx_word' id='word_1_122' title='bbox 507 2117 675 2185; x_wconf 84' lang='lat' dir='ltr'><strong>prohibente</strong></span> <span class='ocrx_word' id='word_1_123' title='bbox 690 2125 810 2173; x_wconf 91' lang='lat' dir='ltr'><strong>moratur</strong></span> 
     </span>
    </p>

    <p class='ocr_par' dir='ltr' id='par_1_17' title="bbox 123 2199 846 2278">
     <span class='ocr_line' id='line_1_22' title="bbox 123 2199 846 2278; baseline 0.014 -24"><span class='ocrx_word' id='word_1_124' title='bbox 123 2199 192 2265; x_wconf 79' lang='grc'>1111,</span> <span class='ocrx_word' id='word_1_125' title='bbox 208 2201 296 2256; x_wconf 91' lang='lat' dir='ltr'><strong>donec</strong></span> <span class='ocrx_word' id='word_1_126' title='bbox 307 2202 419 2257; x_wconf 83' lang='lat' dir='ltr'><strong>Romam</strong></span> <span class='ocrx_word' id='word_1_127' title='bbox 436 2204 535 2270; x_wconf 90' lang='lat' dir='ltr'><strong>mittat,</strong></span> <span class='ocrx_word' id='word_1_128' title='bbox 553 2213 711 2278; x_wconf 89' lang='lat' dir='ltr'><strong>certamque</strong></span> <span class='ocrx_word' id='word_1_129' title='bbox 726 2217 846 2264; x_wconf 91' lang='lat' dir='ltr'><strong>resumat</strong></span> 
     </span>
    </p>

    <p class='ocr_par' dir='ltr' id='par_1_18' title="bbox 123 2293 791 2370">
     <span class='ocr_line' id='line_1_23' title="bbox 123 2293 791 2370; baseline 0.012 -22"><span class='ocrx_word' id='word_1_130' title='bbox 123 2293 265 2360; x_wconf 79' lang='lat' dir='ltr'><strong>Notitiam,</strong></span> <span class='ocrx_word' id='word_1_131' title='bbox 279 2305 340 2365; x_wconf 94' lang='lat' dir='ltr'><strong>post</strong></span> <span class='ocrx_word' id='word_1_132' title='bbox 353 2312 383 2351; x_wconf 90' lang='lat' dir='ltr'><strong>se</strong></span> <span class='ocrx_word' id='word_1_133' title='bbox 399 2297 473 2351; x_wconf 89' lang='lat' dir='ltr'><strong>nulla</strong></span> <span class='ocrx_word' id='word_1_134' title='bbox 489 2299 595 2354; x_wconf 91' lang='lat' dir='ltr'><strong>ratione</strong></span> <span class='ocrx_word' id='word_1_135' title='bbox 609 2302 791 2370; x_wconf 90' lang='lat' dir='ltr'><strong>premendum</strong></span> 
     </span>
    </p>

    <p class='ocr_par' dir='ltr' id='par_1_19' title="bbox 122 2385 879 2553">
     <span class='ocr_line' id='line_1_24' title="bbox 122 2385 879 2462; baseline 0.015 -23"><span class='ocrx_word' id='word_1_136' title='bbox 122 2385 187 2439; x_wconf 83' lang='lat' dir='ltr'><strong>Fert</strong></span> <span class='ocrx_word' id='word_1_137' title='bbox 202 2386 287 2454; x_wconf 82' lang='lat' dir='ltr'><strong>jnssis</strong></span> <span class='ocrx_word' id='word_1_138' title='bbox 305 2387 340 2442; x_wconf 91' lang='lat' dir='ltr'><strong>ab</strong></span> <span class='ocrx_word' id='word_1_139' title='bbox 356 2389 524 2458; x_wconf 83' lang='lat' dir='ltr'><strong>apostolicis,</strong></span> <span class='ocrx_word' id='word_1_140' title='bbox 539 2407 630 2462; x_wconf 90' lang='lat' dir='ltr'><strong>neque</strong></span> <span class='ocrx_word' id='word_1_141' title='bbox 641 2392 759 2449; x_wconf 89' lang='lat' dir='ltr'><strong>tormine</strong></span> <span class='ocrx_word' id='word_1_142' title='bbox 774 2396 879 2451; x_wconf 85' lang='lat' dir='ltr'><strong>mortis.</strong></span> 
     </span>
     <span class='ocr_line' id='line_1_25' title="bbox 160 2475 740 2553; baseline 0.021 -23"><span class='ocrx_word' id='word_1_143' title='bbox 160 2475 294 2533; x_wconf 80' lang='lat' dir='ltr'><strong>Praeterea</strong></span> <span class='ocrx_word' id='word_1_144' title='bbox 310 2480 404 2551; x_wconf 90' lang='lat' dir='ltr'><strong>patriis</strong></span> <span class='ocrx_word' id='word_1_145' title='bbox 418 2481 507 2551; x_wconf 91' lang='lat' dir='ltr'><strong>poscit</strong></span> <span class='ocrx_word' id='word_1_146' title='bbox 523 2498 552 2538; x_wconf 87' lang='lat' dir='ltr'><strong>se</strong></span> <span class='ocrx_word' id='word_1_147' title='bbox 565 2485 626 2553; x_wconf 87' lang='lat' dir='ltr'><strong>jure</strong></span> <span class='ocrx_word' id='word_1_148' title='bbox 646 2485 740 2542; x_wconf 91' lang='lat' dir='ltr'><strong>doceri</strong></span> 
     </span>
    </p>

    <p class='ocr_par' dir='ltr' id='par_1_20' title="bbox 121 2569 897 2647">
     <span class='ocr_line' id='line_1_26' title="bbox 121 2569 897 2647; baseline 0.013 -24"><span class='ocrx_word' id='word_1_149' title='bbox 121 2569 312 2642; x_wconf 73' lang='lat' dir='ltr'><strong>dogmatibus,</strong></span> <span class='ocrx_word' id='word_1_150' title='bbox 327 2587 406 2643; x_wconf 79' lang='lat' dir='ltr'><strong>papae</strong></span> <span class='ocrx_word' id='word_1_151' title='bbox 423 2572 506 2647; x_wconf 82' lang='lat' dir='ltr'><strong>digne</strong></span> <span class='ocrx_word' id='word_1_152' title='bbox 525 2581 555 2630; x_wconf 93' lang='grc'><strong>11</strong></span> <span class='ocrx_word' id='word_1_153' title='bbox 567 2590 645 2630; x_wconf 90' lang='lat' dir='ltr'><strong>sacra</strong></span> <span class='ocrx_word' id='word_1_154' title='bbox 664 2576 784 2634; x_wconf 90' lang='lat' dir='ltr'><strong>culmina</strong></span> <span class='ocrx_word' id='word_1_155' title='bbox 798 2587 897 2636; x_wconf 78' lang='grc'>111111.</span> 
     </span>
    </p>
   </div>
   <div class='ocr_carea' id='block_1_5' title="bbox 948 395 1760 478">
    <p class='ocr_par' dir='ltr' id='par_1_21' title="bbox 948 395 1760 478">
     <span class='ocr_line' id='line_1_27' title="bbox 948 395 1760 478; baseline -0.015 -17"><span class='ocrx_word' id='word_1_156' title='bbox 948 405 1089 477; x_wconf 69' lang='lat' dir='ltr'><strong>APreesul</strong></span> <span class='ocrx_word' id='word_1_157' title='bbox 1104 405 1271 478; x_wconf 88' lang='lat' dir='ltr'><strong>apostoliens</strong></span> <span class='ocrx_word' id='word_1_158' title='bbox 1283 404 1363 473; x_wconf 74' lang='grc'>111111</span> <span class='ocrx_word' id='word_1_159' title='bbox 1382 416 1493 475; x_wconf 91' lang='lat' dir='ltr'><strong>quoqne</strong></span> <span class='ocrx_word' id='word_1_160' title='bbox 1507 397 1632 473; x_wconf 81' lang='lat' dir='ltr'><strong>regmina</strong></span> <span class='ocrx_word' id='word_1_161' title='bbox 1647 395 1760 450; x_wconf 86' lang='lat' dir='ltr'><strong>firmans</strong></span> 
     </span>
    </p>
   </div>
   <div class='ocr_carea' id='block_1_6' title="bbox 985 491 1794 1374">
    <p class='ocr_par' dir='ltr' id='par_1_22' title="bbox 985 491 1738 1098">
     <span class='ocr_line' id='line_1_28' title="bbox 987 491 1732 567; baseline -0.016 -16"><span class='ocrx_word' id='word_1_162' title='bbox 987 496 1107 552; x_wconf 84' lang='lat' dir='ltr'><strong>lloboret</strong></span> <span class='ocrx_word' id='word_1_163' title='bbox 1122 494 1250 551; x_wconf 79' lang='lat' dir='ltr'><strong>Ecclesia</strong></span> <span class='ocrx_word' id='word_1_164' title='bbox 1261 509 1323 567; x_wconf 79' lang='lat' dir='ltr'><strong>qnae</strong></span> <span class='ocrx_word' id='word_1_165' title='bbox 1338 497 1403 547; x_wconf 91' lang='lat' dir='ltr'><strong>sunt</strong></span> <span class='ocrx_word' id='word_1_166' title='bbox 1414 491 1476 545; x_wconf 88' lang='lat' dir='ltr'><strong>data</strong></span> <span class='ocrx_word' id='word_1_167' title='bbox 1489 502 1603 544; x_wconf 88' lang='lat' dir='ltr'><strong>munera</strong></span> <span class='ocrx_word' id='word_1_168' title='bbox 1619 492 1732 552; x_wconf 78' lang='lat' dir='ltr'><strong>nostrae,</strong></span> 
     </span>
     <span class='ocr_line' id='line_1_29' title="bbox 985 575 1657 656; baseline -0.016 -16"><span class='ocrx_word' id='word_1_169' title='bbox 985 585 1048 640; x_wconf 83' lang='lat' dir='ltr'><strong>lura</strong></span> <span class='ocrx_word' id='word_1_170' title='bbox 1062 585 1238 656; x_wconf 89' lang='lat' dir='ltr'><strong>antiquorum</strong></span> <span class='ocrx_word' id='word_1_171' title='bbox 1251 598 1394 654; x_wconf 90' lang='lat' dir='ltr'><strong>procerum</strong></span> <span class='ocrx_word' id='word_1_172' title='bbox 1411 592 1543 635; x_wconf 92' lang='lat' dir='ltr'><strong>concesse</strong></span> <span class='ocrx_word' id='word_1_173' title='bbox 1556 575 1657 631; x_wconf 90' lang='lat' dir='ltr'><strong>nitore.</strong></span> 
     </span>
     <span class='ocr_line' id='line_1_30' title="bbox 986 663 1738 745; baseline -0.016 -17"><span class='ocrx_word' id='word_1_174' title='bbox 986 674 1069 728; x_wconf 85' lang='lat' dir='ltr'><strong>Nemo</strong></span> <span class='ocrx_word' id='word_1_175' title='bbox 1086 675 1182 728; x_wconf 91' lang='lat' dir='ltr'><strong>horum</strong></span> <span class='ocrx_word' id='word_1_176' title='bbox 1197 672 1346 745; x_wconf 91' lang='lat' dir='ltr'><strong>quidquam</strong></span> <span class='ocrx_word' id='word_1_177' title='bbox 1358 669 1488 723; x_wconf 91' lang='lat' dir='ltr'><strong>minuens</strong></span> <span class='ocrx_word' id='word_1_178' title='bbox 1502 671 1617 736; x_wconf 88' lang='lat' dir='ltr'><strong>usurpet</strong></span> <span class='ocrx_word' id='word_1_179' title='bbox 1630 663 1738 735; x_wconf 89' lang='lat' dir='ltr'><strong>inique,</strong></span> 
     </span>
     <span class='ocr_line' id='line_1_31' title="bbox 986 757 1690 836; baseline -0.014 -18"><span class='ocrx_word' id='word_1_180' title='bbox 986 764 1041 819; x_wconf 90' lang='lat' dir='ltr'><strong>Nec</strong></span> <span class='ocrx_word' id='word_1_181' title='bbox 1054 766 1153 836; x_wconf 66' lang='lat' dir='ltr'><strong>praesul</strong></span> <span class='ocrx_word' id='word_1_182' title='bbox 1168 763 1258 830; x_wconf 90' lang='lat' dir='ltr'><strong>detur,</strong></span> <span class='ocrx_word' id='word_1_183' title='bbox 1276 777 1412 817; x_wconf 90' lang='lat' dir='ltr'><strong>canonum</strong></span> <span class='ocrx_word' id='word_1_184' title='bbox 1426 759 1478 813; x_wconf 89' lang='lat' dir='ltr'><strong>nisi</strong></span> <span class='ocrx_word' id='word_1_185' title='bbox 1494 757 1556 831; x_wconf 86' lang='lat' dir='ltr'><strong>lege</strong></span> <span class='ocrx_word' id='word_1_186' title='bbox 1572 761 1690 827; x_wconf 89' lang='lat' dir='ltr'><strong>petatur.</strong></span> 
     </span>
     <span class='ocr_line' id='line_1_32' title="bbox 986 853 1649 927; baseline -0.008 -17"><span class='ocrx_word' id='word_1_187' title='bbox 986 857 1048 911; x_wconf 83' lang='lat' dir='ltr'><strong>llaec</strong></span> <span class='ocrx_word' id='word_1_188' title='bbox 1062 856 1086 910; x_wconf 90' lang='lat' dir='ltr'><strong>si</strong></span> <span class='ocrx_word' id='word_1_189' title='bbox 1106 855 1272 927; x_wconf 77' lang='lat' dir='ltr'><strong>quisciolet,</strong></span> <span class='ocrx_word' id='word_1_190' title='bbox 1293 855 1370 908; x_wconf 87' lang='lat' dir='ltr'><strong>nisus</strong></span> <span class='ocrx_word' id='word_1_191' title='bbox 1389 859 1525 907; x_wconf 88' lang='lat' dir='ltr'><strong>temerare</strong></span> <span class='ocrx_word' id='word_1_192' title='bbox 1538 853 1649 905; x_wconf 88' lang='lat' dir='ltr'><strong>statuta.</strong></span> 
     </span>
     <span class='ocr_line' id='line_1_33' title="bbox 986 940 1651 1018; baseline -0.015 -19"><span class='ocrx_word' id='word_1_193' title='bbox 986 945 1057 1000; x_wconf 89' lang='lat' dir='ltr'><strong>Sede</strong></span> <span class='ocrx_word' id='word_1_194' title='bbox 1076 945 1148 999; x_wconf 88' lang='lat' dir='ltr'><strong>Petri</strong></span> <span class='ocrx_word' id='word_1_195' title='bbox 1169 944 1251 1018; x_wconf 85' lang='lat' dir='ltr'><strong>digne</strong></span> <span class='ocrx_word' id='word_1_196' title='bbox 1265 943 1351 996; x_wconf 91' lang='lat' dir='ltr'><strong>multa</strong></span> <span class='ocrx_word' id='word_1_197' title='bbox 1366 940 1487 995; x_wconf 89' lang='lat' dir='ltr'><strong>dictante</strong></span> <span class='ocrx_word' id='word_1_198' title='bbox 1502 943 1651 1009; x_wconf 88' lang='lat' dir='ltr'><strong>prematur.</strong></span> 
     </span>
     <span class='ocr_line' id='line_1_34' title="bbox 987 1029 1615 1098; baseline -0.016 -10"><span class='ocrx_word' id='word_1_199' title='bbox 987 1033 1064 1088; x_wconf 84' lang='lat' dir='ltr'><strong>Edita</strong></span> <span class='ocrx_word' id='word_1_200' title='bbox 1077 1046 1255 1095; x_wconf 79' lang='lat' dir='ltr'><strong>conservans,</strong></span> <span class='ocrx_word' id='word_1_201' title='bbox 1271 1029 1398 1084; x_wconf 83' lang='lat' dir='ltr'><strong>henerliei</strong></span> <span class='ocrx_word' id='word_1_202' title='bbox 1416 1032 1615 1098; x_wconf 89' lang='lat' dir='ltr'><strong>promereatur.</strong></span> 
     </span>
    </p>

    <p class='ocr_par' dir='ltr' id='par_1_23' title="bbox 1022 1114 1794 1197">
     <span class='ocr_line' id='line_1_35' title="bbox 1022 1114 1794 1197; baseline -0.019 -16"><span class='ocrx_word' id='word_1_203' title='bbox 1022 1125 1093 1197; x_wconf 87' lang='grc'>(198)</span> <span class='ocrx_word' id='word_1_204' title='bbox 1108 1122 1234 1180; x_wconf 86' lang='lat' dir='ltr'><strong>Pontifici</strong></span> <span class='ocrx_word' id='word_1_205' title='bbox 1255 1124 1320 1177; x_wconf 84' lang='lat' dir='ltr'><strong>hiric</strong></span> <span class='ocrx_word' id='word_1_206' title='bbox 1339 1129 1432 1178; x_wconf 89' lang='lat' dir='ltr'><strong>nostro</strong></span> <span class='ocrx_word' id='word_1_207' title='bbox 1452 1118 1588 1191; x_wconf 78' lang='lat' dir='ltr'><strong>synodum</strong></span> <span class='ocrx_word' id='word_1_208' title='bbox 1617 1114 1728 1189; x_wconf 85' lang='lat' dir='ltr'><strong>delegat</strong></span> <span class='ocrx_word' id='word_1_209' title='bbox 1743 1115 1794 1167; x_wconf 90' lang='lat' dir='ltr'><strong>ha-</strong></span> 
     </span>
    </p>

    <p class='ocr_par' dir='ltr' id='par_1_24' title="bbox 1629 1203 1756 1276">
     <span class='ocr_line' id='line_1_36' title="bbox 1629 1203 1756 1276; baseline -0.024 -18"><span class='ocrx_word' id='word_1_210' title='bbox 1629 1203 1756 1276; x_wconf 87' lang='lat' dir='ltr'><strong>[baedam</strong></span> 
     </span>
    </p>

    <p class='ocr_par' dir='ltr' id='par_1_25' title="bbox 986 1297 1668 1374">
     <span class='ocr_line' id='line_1_37' title="bbox 986 1297 1668 1374; baseline -0.015 -17"><span class='ocrx_word' id='word_1_211' title='bbox 986 1301 1052 1357; x_wconf 89' lang='lat' dir='ltr'><strong>Cum</strong></span> <span class='ocrx_word' id='word_1_212' title='bbox 1069 1303 1261 1358; x_wconf 90' lang='lat' dir='ltr'><strong>nonnullarum</strong></span> <span class='ocrx_word' id='word_1_213' title='bbox 1278 1301 1421 1374; x_wconf 78' lang='lat' dir='ltr'><strong>regionum</strong></span> <span class='ocrx_word' id='word_1_214' title='bbox 1435 1297 1571 1364; x_wconf 79' lang='lat' dir='ltr'><strong>ratribus,</strong></span> <span class='ocrx_word' id='word_1_215' title='bbox 1586 1300 1668 1364; x_wconf 90' lang='lat' dir='ltr'><strong>etque</strong></span> 
     </span>
    </p>
   </div>
   <div class='ocr_carea' id='block_1_7' title="bbox 983 1397 1794 2644">
    <p class='ocr_par' dir='ltr' id='par_1_26' title="bbox 985 1397 1699 1650">
     <span class='ocr_line' id='line_1_38' title="bbox 985 1397 1699 1472; baseline -0.015 -17"><span class='ocrx_word' id='word_1_216' title='bbox 985 1401 1059 1455; x_wconf 90' lang='lat' dir='ltr'><strong>later</strong></span> <span class='ocrx_word' id='word_1_217' title='bbox 1073 1401 1232 1472; x_wconf 70' lang='lat' dir='ltr'><strong>Agrippinae</strong></span> <span class='ocrx_word' id='word_1_218' title='bbox 1246 1409 1322 1456; x_wconf 89' lang='lat' dir='ltr'><strong>trans</strong></span> <span class='ocrx_word' id='word_1_219' title='bbox 1337 1398 1554 1465; x_wconf 69' lang='lat' dir='ltr'><strong>illicneasesqne</strong></span> <span class='ocrx_word' id='word_1_220' title='bbox 1568 1397 1699 1462; x_wconf 88' lang='lat' dir='ltr'><strong>patronos</strong></span> 
     </span>
     <span class='ocr_line' id='line_1_39' title="bbox 985 1486 1660 1564; baseline -0.016 -19"><span class='ocrx_word' id='word_1_221' title='bbox 985 1493 1086 1547; x_wconf 79' lang='lat' dir='ltr'><strong>Audire</strong></span> <span class='ocrx_word' id='word_1_222' title='bbox 1099 1493 1249 1564; x_wconf 78' lang='lat' dir='ltr'><strong>aequandas</strong></span> <span class='ocrx_word' id='word_1_223' title='bbox 1258 1494 1332 1559; x_wconf 89' lang='lat' dir='ltr'><strong>justo</strong></span> <span class='ocrx_word' id='word_1_224' title='bbox 1347 1486 1536 1545; x_wconf 89' lang='lat' dir='ltr'><strong>moderamine</strong></span> <span class='ocrx_word' id='word_1_225' title='bbox 1553 1495 1660 1538; x_wconf 88' lang='lat' dir='ltr'><strong>causes.</strong></span> 
     </span>
     <span class='ocr_line' id='line_1_40' title="bbox 986 1571 1662 1650; baseline -0.016 -16"><span class='ocrx_word' id='word_1_226' title='bbox 986 1580 1132 1637; x_wconf 81' lang='lat' dir='ltr'><strong>Postmodo</strong></span> <span class='ocrx_word' id='word_1_227' title='bbox 1145 1583 1167 1635; x_wconf 91' lang='lat' dir='ltr'><strong>si</strong></span> <span class='ocrx_word' id='word_1_228' title='bbox 1183 1582 1282 1646; x_wconf 81' lang='lat' dir='ltr'><strong>ualeat,</strong></span> <span class='ocrx_word' id='word_1_229' title='bbox 1299 1593 1420 1650; x_wconf 79' lang='lat' dir='ltr'><strong>prensens</strong></span> <span class='ocrx_word' id='word_1_230' title='bbox 1430 1575 1552 1640; x_wconf 85' lang='lat' dir='ltr'><strong>accedat,</strong></span> <span class='ocrx_word' id='word_1_231' title='bbox 1568 1577 1595 1626; x_wconf 90' lang='lat' dir='ltr'><strong>et</strong></span> <span class='ocrx_word' id='word_1_232' title='bbox 1609 1571 1662 1624; x_wconf 91' lang='lat' dir='ltr'><strong>ista</strong></span> 
     </span>
    </p>

    <p class='ocr_par' dir='ltr' id='par_1_27' title="bbox 986 1658 1650 1740">
     <span class='ocr_line' id='line_1_41' title="bbox 986 1658 1650 1740; baseline -0.017 -17"><span class='ocrx_word' id='word_1_233' title='bbox 986 1668 1050 1723; x_wconf 89' lang='lat' dir='ltr'><strong>Cum</strong></span> <span class='ocrx_word' id='word_1_234' title='bbox 1066 1669 1159 1725; x_wconf 90' lang='lat' dir='ltr'><strong>multis</strong></span> <span class='ocrx_word' id='word_1_235' title='bbox 1173 1670 1235 1724; x_wconf 90' lang='lat' dir='ltr'><strong>aliis</strong></span> <span class='ocrx_word' id='word_1_236' title='bbox 1250 1669 1351 1740; x_wconf 90' lang='lat' dir='ltr'><strong>pariter</strong></span> <span class='ocrx_word' id='word_1_237' title='bbox 1365 1670 1512 1737; x_wconf 83' lang='lat' dir='ltr'><strong>pertractet</strong></span> <span class='ocrx_word' id='word_1_238' title='bbox 1524 1658 1650 1732; x_wconf 78' lang='lat' dir='ltr'><strong>agendis.</strong></span> 
     </span>
    </p>

    <p class='ocr_par' dir='ltr' id='par_1_28' title="bbox 983 1748 1794 2465">
     <span class='ocr_line' id='line_1_42' title="bbox 986 1748 1722 1830; baseline -0.016 -20"><span class='ocrx_word' id='word_1_239' title='bbox 986 1756 1061 1811; x_wconf 90' lang='lat' dir='ltr'><strong>llnne</strong></span> <span class='ocrx_word' id='word_1_240' title='bbox 1076 1758 1199 1829; x_wconf 90' lang='lat' dir='ltr'><strong>reliquos</strong></span> <span class='ocrx_word' id='word_1_241' title='bbox 1211 1773 1322 1830; x_wconf 91' lang='lat' dir='ltr'><strong>qnoque</strong></span> <span class='ocrx_word' id='word_1_242' title='bbox 1333 1754 1470 1809; x_wconf 82' lang='lat' dir='ltr'><strong>Gallorum</strong></span> <span class='ocrx_word' id='word_1_243' title='bbox 1485 1750 1598 1824; x_wconf 81' lang='lat' dir='ltr'><strong>vestigia</strong></span> <span class='ocrx_word' id='word_1_244' title='bbox 1614 1748 1722 1802; x_wconf 87' lang='lat' dir='ltr'><strong>Petrum</strong></span> 
     </span>
     <span class='ocr_line' id='line_1_43' title="bbox 987 1833 1680 1920; baseline -0.017 -20"><span class='ocrx_word' id='word_1_245' title='bbox 987 1846 1057 1901; x_wconf 77' lang='lat' dir='ltr'><strong>[rba</strong></span> <span class='ocrx_word' id='word_1_246' title='bbox 1074 1846 1226 1920; x_wconf 80' lang='lat' dir='ltr'><strong>biturgensi</strong></span> <span class='ocrx_word' id='word_1_247' title='bbox 1239 1860 1324 1916; x_wconf 88' lang='lat' dir='ltr'><strong>snper</strong></span> <span class='ocrx_word' id='word_1_248' title='bbox 1335 1843 1464 1897; x_wconf 90' lang='lat' dir='ltr'><strong>admonet</strong></span> <span class='ocrx_word' id='word_1_249' title='bbox 1480 1838 1606 1910; x_wconf 90' lang='lat' dir='ltr'><strong>improba</strong></span> <span class='ocrx_word' id='word_1_250' title='bbox 1616 1833 1680 1890; x_wconf 91' lang='lat' dir='ltr'><strong>ferri</strong></span> 
     </span>
     <span class='ocr_line' id='line_1_44' title="bbox 983 1927 1720 2007; baseline -0.019 -17"><span class='ocrx_word' id='word_1_251' title='bbox 983 1937 1048 1991; x_wconf 89' lang='grc'>1111</span> <span class='ocrx_word' id='word_1_252' title='bbox 1063 1944 1199 2007; x_wconf 88' lang='lat' dir='ltr'><strong>querente</strong></span> <span class='ocrx_word' id='word_1_253' title='bbox 1218 1935 1283 2001; x_wconf 84' lang='lat' dir='ltr'><strong>sibi,</strong></span> <span class='ocrx_word' id='word_1_254' title='bbox 1299 1933 1342 1988; x_wconf 91' lang='lat' dir='ltr'><strong>cni</strong></span> <span class='ocrx_word' id='word_1_255' title='bbox 1363 1931 1529 1988; x_wconf 87' lang='lat' dir='ltr'><strong>condoleant</strong></span> <span class='ocrx_word' id='word_1_256' title='bbox 1542 1927 1720 1982; x_wconf 84' lang='lat' dir='ltr'><strong>miserentes:</strong></span> 
     </span>
     <span class='ocr_line' id='line_1_45' title="bbox 986 2014 1757 2096; baseline -0.023 -14"><span class='ocrx_word' id='word_1_257' title='bbox 986 2026 1168 2096; x_wconf 88' lang='lat' dir='ltr'><strong>lnerepitans,</strong></span> <span class='ocrx_word' id='word_1_258' title='bbox 1183 2040 1232 2080; x_wconf 92' lang='lat' dir='ltr'><strong>cnr</strong></span> <span class='ocrx_word' id='word_1_259' title='bbox 1247 2039 1301 2079; x_wconf 93' lang='lat' dir='ltr'><strong>non</strong></span> <span class='ocrx_word' id='word_1_260' title='bbox 1316 2031 1439 2078; x_wconf 88' lang='lat' dir='ltr'><strong>reserent</strong></span> <span class='ocrx_word' id='word_1_261' title='bbox 1451 2025 1617 2091; x_wconf 74' lang='lat' dir='ltr'><strong>presumpta</strong></span> <span class='ocrx_word' id='word_1_262' title='bbox 1632 2014 1757 2073; x_wconf 83' lang='lat' dir='ltr'><strong>silentes,</strong></span> 
     </span>
     <span class='ocr_line' id='line_1_46' title="bbox 986 2107 1652 2187; baseline -0.02 -14"><span class='ocrx_word' id='word_1_263' title='bbox 986 2119 1035 2184; x_wconf 80' lang='lat' dir='ltr'><strong>Qui</strong></span> <span class='ocrx_word' id='word_1_264' title='bbox 1051 2134 1081 2172; x_wconf 85' lang='lat' dir='ltr'><strong>se</strong></span> <span class='ocrx_word' id='word_1_265' title='bbox 1097 2132 1145 2187; x_wconf 89' lang='lat' dir='ltr'><strong>pro</strong></span> <span class='ocrx_word' id='word_1_266' title='bbox 1161 2131 1239 2171; x_wconf 90' lang='lat' dir='ltr'><strong>muro</strong></span> <span class='ocrx_word' id='word_1_267' title='bbox 1256 2114 1363 2169; x_wconf 86' lang='lat' dir='ltr'><strong>infestis</strong></span> <span class='ocrx_word' id='word_1_268' title='bbox 1377 2125 1518 2183; x_wconf 90' lang='lat' dir='ltr'><strong>opponere</strong></span> <span class='ocrx_word' id='word_1_269' title='bbox 1537 2107 1652 2163; x_wconf 83' lang='lat' dir='ltr'><strong>dehent.</strong></span> 
     </span>
     <span class='ocr_line' id='line_1_47' title="bbox 983 2209 1615 2281; baseline -0.024 -15"><span class='ocrx_word' id='word_1_270' title='bbox 983 2211 1101 2266; x_wconf 76' lang='lat' dir='ltr'><strong>iustitiae</strong></span> <span class='ocrx_word' id='word_1_271' title='bbox 1116 2211 1175 2265; x_wconf 86' lang='lat' dir='ltr'><strong>zelo</strong></span> <span class='ocrx_word' id='word_1_272' title='bbox 1188 2209 1317 2281; x_wconf 86' lang='lat' dir='ltr'><strong>quocirca</strong></span> <span class='ocrx_word' id='word_1_273' title='bbox 1329 2215 1481 2267; x_wconf 87' lang='lat' dir='ltr'><strong>armentur,</strong></span> <span class='ocrx_word' id='word_1_274' title='bbox 1498 2215 1615 2275; x_wconf 81' lang='lat' dir='ltr'><strong>agonem</strong></span> 
     </span>
     <span class='ocr_line' id='line_1_48' title="bbox 984 2283 1794 2377; baseline -0.026 -18"><span class='ocrx_word' id='word_1_275' title='bbox 984 2304 1113 2377; x_wconf 78' lang='lat' dir='ltr'><strong>Aggressi</strong></span> <span class='ocrx_word' id='word_1_276' title='bbox 1133 2301 1242 2357; x_wconf 87' lang='lat' dir='ltr'><strong>llomini</strong></span> <span class='ocrx_word' id='word_1_277' title='bbox 1256 2301 1289 2354; x_wconf 92' lang='lat' dir='ltr'><strong>ed</strong></span> <span class='ocrx_word' id='word_1_278' title='bbox 1311 2295 1506 2369; x_wconf 85' lang='lat' dir='ltr'><strong>propriamque</strong></span> <span class='ocrx_word' id='word_1_279' title='bbox 1529 2290 1621 2345; x_wconf 89' lang='lat' dir='ltr'><strong>redire</strong></span> <span class='ocrx_word' id='word_1_280' title='bbox 1636 2283 1794 2342; x_wconf 87' lang='lat' dir='ltr'><strong>cathcdrern</strong></span> 
     </span>
     <span class='ocr_line' id='line_1_49' title="bbox 987 2383 1652 2465; baseline -0.026 -15"><span class='ocrx_word' id='word_1_281' title='bbox 987 2394 1157 2465; x_wconf 88' lang='lat' dir='ltr'><strong>Compellnnt</strong></span> <span class='ocrx_word' id='word_1_282' title='bbox 1170 2397 1407 2464; x_wconf 64' lang='lat' dir='ltr'><strong>praesumptorem,</strong></span> <span class='ocrx_word' id='word_1_283' title='bbox 1419 2383 1558 2440; x_wconf 87' lang='lat' dir='ltr'><strong>miseratio</strong></span> <span class='ocrx_word' id='word_1_284' title='bbox 1574 2394 1652 2451; x_wconf 84' lang='lat' dir='ltr'><strong>papae</strong></span> 
     </span>
    </p>

    <p class='ocr_par' dir='ltr' id='par_1_29' title="bbox 986 2471 1662 2644">
     <span class='ocr_line' id='line_1_50' title="bbox 986 2471 1662 2552; baseline -0.027 -9"><span class='ocrx_word' id='word_1_285' title='bbox 986 2489 1070 2552; x_wconf 82' lang='lat' dir='ltr'><strong>Quam</strong></span> <span class='ocrx_word' id='word_1_286' title='bbox 1086 2487 1160 2542; x_wconf 92' lang='lat' dir='ltr'><strong>cedit</strong></span> <span class='ocrx_word' id='word_1_287' title='bbox 1174 2486 1305 2541; x_wconf 83' lang='lat' dir='ltr'><strong>duntaxat</strong></span> <span class='ocrx_word' id='word_1_288' title='bbox 1320 2481 1363 2535; x_wconf 90' lang='lat' dir='ltr'><strong>ei:</strong></span> <span class='ocrx_word' id='word_1_289' title='bbox 1379 2481 1402 2534; x_wconf 91' lang='lat' dir='ltr'><strong>si</strong></span> <span class='ocrx_word' id='word_1_290' title='bbox 1417 2475 1569 2547; x_wconf 83' lang='lat' dir='ltr'><strong>tempserit,</strong></span> <span class='ocrx_word' id='word_1_291' title='bbox 1586 2471 1662 2528; x_wconf 91' lang='lat' dir='ltr'><strong>omni</strong></span> 
     </span>
     <span class='ocr_line' id='line_1_51' title="bbox 986 2565 1659 2644; baseline -0.022 -13"><span class='ocrx_word' id='word_1_292' title='bbox 986 2575 1130 2634; x_wconf 84' lang='lat' dir='ltr'><strong>Sacrorum</strong></span> <span class='ocrx_word' id='word_1_293' title='bbox 1144 2571 1281 2631; x_wconf 78' lang='lat' dir='ltr'><strong>exsortem</strong></span> <span class='ocrx_word' id='word_1_294' title='bbox 1292 2573 1404 2644; x_wconf 87' lang='lat' dir='ltr'><strong>penitus</strong></span> <span class='ocrx_word' id='word_1_295' title='bbox 1415 2585 1445 2624; x_wconf 86' lang='lat' dir='ltr'><strong>se</strong></span> <span class='ocrx_word' id='word_1_296' title='bbox 1458 2567 1532 2624; x_wconf 91' lang='lat' dir='ltr'><strong>norit</strong></span> <span class='ocrx_word' id='word_1_297' title='bbox 1546 2565 1659 2619; x_wconf 87' lang='lat' dir='ltr'><strong>honoro.</strong></span> 
     </span>
    </p>
   </div>
   <div class='ocr_carea' id='block_1_8' title="bbox 882 2728 1036 2785">
    <p class='ocr_par' dir='ltr' id='par_1_30' title="bbox 882 2728 1036 2785">
     <span class='ocr_line' id='line_1_52' title="bbox 882 2728 1036 2785; baseline -0.019 -1"><span class='ocrx_word' id='word_1_298' title='bbox 882 2728 987 2785; x_wconf 78' lang='lat' dir='ltr'><strong>CAPUT</strong></span> <span class='ocrx_word' id='word_1_299' title='bbox 1008 2729 1036 2782; x_wconf 86' lang='lat' dir='ltr'><strong>V.</strong></span> 
     </span>
    </p>
   </div>
   <div class='ocr_carea' id='block_1_9' title="bbox 293 2848 1622 2934">
    <p class='ocr_par' dir='ltr' id='par_1_31' title="bbox 293 2848 1622 2934">
     <span class='ocr_line' id='line_1_53' title="bbox 293 2848 1622 2934; baseline -0.003 -26"><span class='ocrx_word' id='word_1_300' title='bbox 293 2850 332 2908; x_wconf 86' lang='lat' dir='ltr'><strong>De</strong></span> <span class='ocrx_word' id='word_1_301' title='bbox 345 2848 496 2928; x_wconf 85' lang='lat' dir='ltr'><strong>Stephano</strong></span> <span class='ocrx_word' id='word_1_302' title='bbox 513 2861 539 2912; x_wconf 89' lang='lat' dir='ltr'><strong>et</strong></span> <span class='ocrx_word' id='word_1_303' title='bbox 557 2854 706 2927; x_wconf 84' lang='lat' dir='ltr'><strong>Formosa,</strong></span> <span class='ocrx_word' id='word_1_304' title='bbox 724 2857 923 2917; x_wconf 83' lang='lat' dir='ltr'><strong>trrrnslntionc</strong></span> <span class='ocrx_word' id='word_1_305' title='bbox 937 2873 1055 2934; x_wconf 81' lang='lat' dir='ltr'><strong>quoqne</strong></span> <span class='ocrx_word' id='word_1_306' title='bbox 1068 2854 1167 2915; x_wconf 81' lang='lat' dir='ltr'><strong>sancti</strong></span> <span class='ocrx_word' id='word_1_307' title='bbox 1183 2852 1291 2914; x_wconf 79' lang='lat' dir='ltr'><strong>Collati</strong></span> <span class='ocrx_word' id='word_1_308' title='bbox 1306 2852 1346 2910; x_wconf 87' lang='lat' dir='ltr'><strong>od</strong></span> <span class='ocrx_word' id='word_1_309' title='bbox 1359 2859 1492 2910; x_wconf 85' lang='lat' dir='ltr'><strong>nostram</strong></span> <span class='ocrx_word' id='word_1_310' title='bbox 1509 2849 1622 2907; x_wconf 81' lang='lat' dir='ltr'><strong>nahem.</strong></span> 
     </span>
    </p>
   </div>
   <div class='ocr_carea' id='block_1_10' title="bbox 156 2997 1862 3171">
    <p class='ocr_par' dir='ltr' id='par_1_32' title="bbox 156 2997 1862 3171">
     <span class='ocr_line' id='line_1_54' title="bbox 156 2997 1862 3084; baseline -0.006 -26"><span class='ocrx_word' id='word_1_311' title='bbox 156 3003 231 3073; x_wconf 73' lang='lat' dir='ltr'><strong>(filit</strong></span> <span class='ocrx_word' id='word_1_312' title='bbox 248 3004 393 3062; x_wconf 86' lang='lat' dir='ltr'><strong>Formosus</strong></span> <span class='ocrx_word' id='word_1_313' title='bbox 414 3006 584 3079; x_wconf 89' lang='lat' dir='ltr'><strong>Stephanum</strong></span> <span class='ocrx_word' id='word_1_314' title='bbox 613 3010 753 3081; x_wconf 89' lang='lat' dir='ltr'><strong>sequitur</strong></span> <span class='ocrx_word' id='word_1_315' title='bbox 783 3010 826 3066; x_wconf 90' lang='lat' dir='ltr'><strong>cui</strong></span> <span class='ocrx_word' id='word_1_316' title='bbox 842 3008 1122 3084; x_wconf 57' lang='grc'>111-(3811111111</span> <span class='ocrx_word' id='word_1_317' title='bbox 1140 3021 1252 3079; x_wconf 90' lang='lat' dir='ltr'><strong>quoqne</strong></span> <span class='ocrx_word' id='word_1_318' title='bbox 1266 3002 1432 3076; x_wconf 80' lang='lat' dir='ltr'><strong>praesulibus</strong></span> <span class='ocrx_word' id='word_1_319' title='bbox 1446 3000 1493 3073; x_wconf 87' lang='lat' dir='ltr'><strong>qni</strong></span> <span class='ocrx_word' id='word_1_320' title='bbox 1517 2997 1644 3054; x_wconf 89' lang='lat' dir='ltr'><strong>indebita</strong></span> <span class='ocrx_word' id='word_1_321' title='bbox 1667 3004 1793 3068; x_wconf 86' lang='lat' dir='ltr'><strong>poscant,</strong></span> <span class='ocrx_word' id='word_1_322' title='bbox 1851 3016 1862 3025; x_wconf 92' lang='lat'></span> 
     </span>
     <span class='ocr_line' id='line_1_55' title="bbox 709 3089 1671 3171; baseline -0.012 -17"><span class='ocrx_word' id='word_1_323' title='bbox 709 3099 791 3171; x_wconf 88' lang='lat' dir='ltr'><strong>[mata</strong></span> <span class='ocrx_word' id='word_1_324' title='bbox 805 3108 899 3154; x_wconf 89' lang='lat' dir='ltr'><strong>noster</strong></span> <span class='ocrx_word' id='word_1_325' title='bbox 984 3102 1022 3156; x_wconf 88' lang='lat' dir='ltr'><strong>Ne</strong></span> <span class='ocrx_word' id='word_1_326' title='bbox 1036 3100 1150 3171; x_wconf 78' lang='lat' dir='ltr'><strong>indigna</strong></span> <span class='ocrx_word' id='word_1_327' title='bbox 1161 3098 1258 3161; x_wconf 80' lang='lat' dir='ltr'><strong>faveat,</strong></span> <span class='ocrx_word' id='word_1_328' title='bbox 1274 3096 1382 3161; x_wconf 89' lang='lat' dir='ltr'><strong>suadet,</strong></span> <span class='ocrx_word' id='word_1_329' title='bbox 1397 3093 1449 3148; x_wconf 91' lang='lat' dir='ltr'><strong>suh</strong></span> <span class='ocrx_word' id='word_1_330' title='bbox 1465 3091 1572 3146; x_wconf 92' lang='lat' dir='ltr'><strong>tramite</strong></span> <span class='ocrx_word' id='word_1_331' title='bbox 1586 3089 1671 3162; x_wconf 89' lang='lat' dir='ltr'><strong>pacis.</strong></span> 
     </span>
    </p>
   </div>
   <div class='ocr_carea' id='block_1_11' title="bbox 119 3185 895 4617">
    <p class='ocr_par' dir='ltr' id='par_1_33' title="bbox 120 3185 895 4078">
     <span class='ocr_line' id='line_1_56' title="bbox 123 3185 812 3261; baseline 0.003 -21"><span class='ocrx_word' id='word_1_332' title='bbox 123 3185 222 3259; x_wconf 81' lang='lat' dir='ltr'><strong>Dirigit</strong></span> <span class='ocrx_word' id='word_1_333' title='bbox 233 3185 378 3256; x_wconf 85' lang='lat' dir='ltr'><strong>expositus</strong></span> <span class='ocrx_word' id='word_1_334' title='bbox 388 3202 471 3258; x_wconf 89' lang='grc'>11111</span> <span class='ocrx_word' id='word_1_335' title='bbox 486 3205 567 3260; x_wconf 90' lang='lat' dir='ltr'><strong>qnam</strong></span> <span class='ocrx_word' id='word_1_336' title='bbox 585 3205 658 3261; x_wconf 81' lang='lat' dir='ltr'><strong>saepe</strong></span> <span class='ocrx_word' id='word_1_337' title='bbox 673 3191 812 3255; x_wconf 86' lang='lat' dir='ltr'><strong>sacerdos,</strong></span> 
     </span>
     <span class='ocr_line' id='line_1_57' title="bbox 122 3277 844 3354; baseline 0.004 -21"><span class='ocrx_word' id='word_1_338' title='bbox 122 3277 307 3352; x_wconf 84' lang='lat' dir='ltr'><strong>Congendens</strong></span> <span class='ocrx_word' id='word_1_339' title='bbox 321 3278 440 3335; x_wconf 86' lang='lat' dir='ltr'><strong>subiisse</strong></span> <span class='ocrx_word' id='word_1_340' title='bbox 451 3280 524 3335; x_wconf 78' lang='lat' dir='ltr'><strong>sices</strong></span> <span class='ocrx_word' id='word_1_341' title='bbox 540 3281 613 3337; x_wconf 91' lang='lat' dir='ltr'><strong>bunc</strong></span> <span class='ocrx_word' id='word_1_342' title='bbox 628 3283 751 3354; x_wconf 81' lang='lat' dir='ltr'><strong>regmine</strong></span> <span class='ocrx_word' id='word_1_343' title='bbox 763 3283 844 3337; x_wconf 88' lang='lat' dir='ltr'><strong>Petri.</strong></span> 
     </span>
     <span class='ocr_line' id='line_1_58' title="bbox 122 3365 822 3440; baseline 0.006 -21"><span class='ocrx_word' id='word_1_344' title='bbox 122 3365 174 3420; x_wconf 89' lang='lat' dir='ltr'><strong>llas</strong></span> <span class='ocrx_word' id='word_1_345' title='bbox 189 3380 318 3421; x_wconf 90' lang='lat' dir='ltr'><strong>sermone</strong></span> <span class='ocrx_word' id='word_1_346' title='bbox 332 3367 413 3422; x_wconf 91' lang='lat' dir='ltr'><strong>simul</strong></span> <span class='ocrx_word' id='word_1_347' title='bbox 429 3370 559 3440; x_wconf 76' lang='lat' dir='ltr'><strong>supplere</strong></span> <span class='ocrx_word' id='word_1_348' title='bbox 574 3371 706 3425; x_wconf 85' lang='lat' dir='ltr'><strong>decenter</strong></span> <span class='ocrx_word' id='word_1_349' title='bbox 721 3381 749 3425; x_wconf 91' lang='lat' dir='ltr'><strong>et</strong></span> <span class='ocrx_word' id='word_1_350' title='bbox 762 3377 822 3424; x_wconf 87' lang='lat' dir='ltr'><strong>netn</strong></span> 
     </span>
     <span class='ocr_line' id='line_1_59' title="bbox 121 3454 861 3528; baseline 0.001 -18"><span class='ocrx_word' id='word_1_351' title='bbox 121 3454 172 3519; x_wconf 81' lang='lat' dir='ltr'><strong>out</strong></span> <span class='ocrx_word' id='word_1_352' title='bbox 194 3456 296 3521; x_wconf 71' lang='lat' dir='ltr'><strong>caleat,</strong></span> <span class='ocrx_word' id='word_1_353' title='bbox 312 3455 406 3511; x_wconf 90' lang='lat' dir='ltr'><strong>solens</strong></span> <span class='ocrx_word' id='word_1_354' title='bbox 420 3457 502 3511; x_wconf 75' lang='lat' dir='ltr'><strong>reluat</strong></span> <span class='ocrx_word' id='word_1_355' title='bbox 515 3458 549 3511; x_wconf 90' lang='lat' dir='ltr'><strong>ed</strong></span> <span class='ocrx_word' id='word_1_356' title='bbox 571 3458 677 3528; x_wconf 88' lang='lat' dir='ltr'><strong>potiora</strong></span> <span class='ocrx_word' id='word_1_357' title='bbox 692 3458 861 3513; x_wconf 85' lang='lat' dir='ltr'><strong>cathedram.</strong></span> 
     </span>
     <span class='ocr_line' id='line_1_60' title="bbox 121 3544 845 3617; baseline 0.004 -18"><span class='ocrx_word' id='word_1_358' title='bbox 121 3544 330 3617; x_wconf 87' lang='lat' dir='ltr'><strong>Propitiurnquc</strong></span> <span class='ocrx_word' id='word_1_359' title='bbox 345 3544 431 3601; x_wconf 86' lang='lat' dir='ltr'><strong>Deum</strong></span> <span class='ocrx_word' id='word_1_360' title='bbox 444 3546 573 3601; x_wconf 80' lang='lat' dir='ltr'><strong>Ecclesiae</strong></span> <span class='ocrx_word' id='word_1_361' title='bbox 590 3554 704 3603; x_wconf 88' lang='lat' dir='ltr'><strong>testetur</strong></span> <span class='ocrx_word' id='word_1_362' title='bbox 719 3549 747 3602; x_wconf 93' lang='grc'><strong>11</strong></span> <span class='ocrx_word' id='word_1_363' title='bbox 764 3550 845 3616; x_wconf 85' lang='lat' dir='ltr'><strong>liujus</strong></span> 
     </span>
     <span class='ocr_line' id='line_1_61' title="bbox 121 3637 862 3709; baseline 0.005 -17"><span class='ocrx_word' id='word_1_364' title='bbox 121 3637 248 3692; x_wconf 93' lang='lat' dir='ltr'><strong>Culmine</strong></span> <span class='ocrx_word' id='word_1_365' title='bbox 264 3638 421 3704; x_wconf 88' lang='lat' dir='ltr'><strong>monstrari,</strong></span> <span class='ocrx_word' id='word_1_366' title='bbox 434 3639 508 3709; x_wconf 91' lang='lat' dir='ltr'><strong>quod</strong></span> <span class='ocrx_word' id='word_1_367' title='bbox 525 3647 578 3693; x_wconf 93' lang='lat' dir='ltr'><strong>tam</strong></span> <span class='ocrx_word' id='word_1_368' title='bbox 593 3647 722 3695; x_wconf 89' lang='lat' dir='ltr'><strong>tractatur</strong></span> <span class='ocrx_word' id='word_1_369' title='bbox 735 3641 862 3696; x_wconf 90' lang='lat' dir='ltr'><strong>honeste.</strong></span> 
     </span>
     <span class='ocr_line' id='line_1_62' title="bbox 122 3729 825 3800; baseline 0.004 -16"><span class='ocrx_word' id='word_1_370' title='bbox 122 3729 190 3786; x_wconf 90' lang='lat' dir='ltr'><strong>lluic</strong></span> <span class='ocrx_word' id='word_1_371' title='bbox 205 3746 235 3785; x_wconf 90' lang='lat' dir='ltr'><strong>se</strong></span> <span class='ocrx_word' id='word_1_372' title='bbox 250 3731 411 3800; x_wconf 81' lang='lat' dir='ltr'><strong>subjiciens,</strong></span> <span class='ocrx_word' id='word_1_373' title='bbox 427 3731 573 3786; x_wconf 90' lang='lat' dir='ltr'><strong>famulatus</strong></span> <span class='ocrx_word' id='word_1_374' title='bbox 587 3733 679 3786; x_wconf 92' lang='lat' dir='ltr'><strong>omnis</strong></span> <span class='ocrx_word' id='word_1_375' title='bbox 693 3733 825 3789; x_wconf 90' lang='lat' dir='ltr'><strong>honorem</strong></span> 
     </span>
     <span class='ocr_line' id='line_1_63' title="bbox 121 3822 895 3894; baseline 0.004 -19"><span class='ocrx_word' id='word_1_376' title='bbox 121 3822 257 3894; x_wconf 86' lang='lat' dir='ltr'><strong>Spondet,</strong></span> <span class='ocrx_word' id='word_1_377' title='bbox 278 3831 305 3879; x_wconf 90' lang='lat' dir='ltr'><strong>et</strong></span> <span class='ocrx_word' id='word_1_378' title='bbox 318 3830 430 3880; x_wconf 85' lang='grc'>1111111</span> <span class='ocrx_word' id='word_1_379' title='bbox 441 3824 514 3894; x_wconf 92' lang='lat' dir='ltr'><strong>qnod</strong></span> <span class='ocrx_word' id='word_1_380' title='bbox 530 3838 593 3879; x_wconf 88' lang='lat' dir='ltr'><strong>cum</strong></span> <span class='ocrx_word' id='word_1_381' title='bbox 609 3840 665 3880; x_wconf 92' lang='lat' dir='ltr'><strong>non</strong></span> <span class='ocrx_word' id='word_1_382' title='bbox 680 3825 770 3880; x_wconf 83' lang='lat' dir='ltr'><strong>visere</strong></span> <span class='ocrx_word' id='word_1_383' title='bbox 785 3831 895 3880; x_wconf 86' lang='lat' dir='ltr'><strong>currat:</strong></span> 
     </span>
     <span class='ocr_line' id='line_1_64' title="bbox 121 3915 770 3989; baseline 0.006 -22"><span class='ocrx_word' id='word_1_384' title='bbox 121 3916 209 3987; x_wconf 83' lang='lat' dir='ltr'><strong>hique</strong></span> <span class='ocrx_word' id='word_1_385' title='bbox 218 3915 302 3971; x_wconf 87' lang='lat' dir='ltr'><strong>refert</strong></span> <span class='ocrx_word' id='word_1_386' title='bbox 311 3923 412 3989; x_wconf 74' lang='lat' dir='ltr'><strong>grates,</strong></span> <span class='ocrx_word' id='word_1_387' title='bbox 424 3916 498 3986; x_wconf 85' lang='lat' dir='ltr'><strong>quod</strong></span> <span class='ocrx_word' id='word_1_388' title='bbox 510 3916 537 3969; x_wconf 96' lang='lat' dir='ltr'><strong>in</strong></span> <span class='ocrx_word' id='word_1_389' title='bbox 554 3916 696 3971; x_wconf 89' lang='lat' dir='ltr'><strong>solaminis</strong></span> <span class='ocrx_word' id='word_1_390' title='bbox 709 3931 770 3971; x_wconf 83' lang='lat' dir='ltr'><strong>orsa</strong></span> 
     </span>
     <span class='ocr_line' id='line_1_65' title="bbox 120 4006 826 4078; baseline 0.001 -18"><span class='ocrx_word' id='word_1_391' title='bbox 120 4006 236 4073; x_wconf 85' lang='lat' dir='ltr'><strong>lliserit,</strong></span> <span class='ocrx_word' id='word_1_392' title='bbox 251 4006 396 4061; x_wconf 87' lang='lat' dir='ltr'><strong>insinuans</strong></span> <span class='ocrx_word' id='word_1_393' title='bbox 411 4006 487 4061; x_wconf 91' lang='lat' dir='ltr'><strong>illurn</strong></span> <span class='ocrx_word' id='word_1_394' title='bbox 503 4022 533 4061; x_wconf 90' lang='lat' dir='ltr'><strong>sc</strong></span> <span class='ocrx_word' id='word_1_395' title='bbox 547 4015 642 4078; x_wconf 88' lang='lat' dir='ltr'><strong>optare</strong></span> <span class='ocrx_word' id='word_1_396' title='bbox 663 4007 826 4073; x_wconf 81' lang='lat' dir='ltr'><strong>videndum,</strong></span> 
     </span>
    </p>

    <p class='ocr_par' dir='ltr' id='par_1_34' title="bbox 119 4097 886 4617">
     <span class='ocr_line' id='line_1_66' title="bbox 121 4097 828 4173; baseline 0.001 -22"><span class='ocrx_word' id='word_1_397' title='bbox 121 4098 151 4153; x_wconf 82' lang='lat' dir='ltr'><strong>Et</strong></span> <span class='ocrx_word' id='word_1_398' title='bbox 164 4114 195 4152; x_wconf 90' lang='lat' dir='ltr'><strong>se</strong></span> <span class='ocrx_word' id='word_1_399' title='bbox 211 4097 297 4167; x_wconf 87' lang='lat' dir='ltr'><strong>ipsius</strong></span> <span class='ocrx_word' id='word_1_400' title='bbox 313 4098 339 4151; x_wconf 92' lang='lat' dir='ltr'><strong>in</strong></span> <span class='ocrx_word' id='word_1_401' title='bbox 359 4113 503 4153; x_wconf 88' lang='lat' dir='ltr'><strong>occursum</strong></span> <span class='ocrx_word' id='word_1_402' title='bbox 521 4097 594 4169; x_wconf 87' lang='lat' dir='ltr'><strong>quorl</strong></span> <span class='ocrx_word' id='word_1_403' title='bbox 608 4099 701 4173; x_wconf 83' lang='lat' dir='ltr'><strong>signet</strong></span> <span class='ocrx_word' id='word_1_404' title='bbox 716 4098 828 4161; x_wconf 82' lang='lat' dir='ltr'><strong>iturum,</strong></span> 
     </span>
     <span class='ocr_line' id='line_1_67' title="bbox 121 4184 813 4258; baseline 0.004 -18"><span class='ocrx_word' id='word_1_405' title='bbox 121 4184 295 4258; x_wconf 85' lang='lat' dir='ltr'><strong>Prolicuique</strong></span> <span class='ocrx_word' id='word_1_406' title='bbox 310 4185 390 4242; x_wconf 85' lang='lat' dir='ltr'><strong>olicrt</strong></span> <span class='ocrx_word' id='word_1_407' title='bbox 403 4186 660 4242; x_wconf 89' lang='lat' dir='ltr'><strong>decoriscrcmentn</strong></span> <span class='ocrx_word' id='word_1_408' title='bbox 676 4187 813 4250; x_wconf 89' lang='lat' dir='ltr'><strong>daturum,</strong></span> 
     </span>
     <span class='ocr_line' id='line_1_68' title="bbox 120 4274 886 4345; baseline 0.003 -17"><span class='ocrx_word' id='word_1_409' title='bbox 120 4275 186 4340; x_wconf 82' lang='lat' dir='ltr'><strong>Ejus</strong></span> <span class='ocrx_word' id='word_1_410' title='bbox 204 4281 232 4329; x_wconf 92' lang='lat' dir='ltr'><strong>et</strong></span> <span class='ocrx_word' id='word_1_411' title='bbox 246 4275 280 4329; x_wconf 89' lang='lat' dir='ltr'><strong>ad</strong></span> <span class='ocrx_word' id='word_1_412' title='bbox 292 4283 387 4330; x_wconf 91' lang='lat' dir='ltr'><strong>nutnrn</strong></span> <span class='ocrx_word' id='word_1_413' title='bbox 402 4274 533 4345; x_wconf 84' lang='lat' dir='ltr'><strong>Stephani</strong></span> <span class='ocrx_word' id='word_1_414' title='bbox 548 4290 609 4329; x_wconf 88' lang='lat' dir='ltr'><strong>sese</strong></span> <span class='ocrx_word' id='word_1_415' title='bbox 625 4275 709 4330; x_wconf 91' lang='lat' dir='ltr'><strong>edere</strong></span> <span class='ocrx_word' id='word_1_416' title='bbox 722 4276 886 4345; x_wconf 67' lang='grc'>1111111111.</span> 
     </span>
     <span class='ocr_line' id='line_1_69' title="bbox 120 4366 774 4439; baseline 0.005 -19"><span class='ocrx_word' id='word_1_417' title='bbox 120 4367 265 4438; x_wconf 83' lang='lat' dir='ltr'><strong>Respcrsae</strong></span> <span class='ocrx_word' id='word_1_418' title='bbox 281 4366 409 4422; x_wconf 79' lang='lat' dir='ltr'><strong>Ecclesiae</strong></span> <span class='ocrx_word' id='word_1_419' title='bbox 424 4367 554 4437; x_wconf 66' lang='lat' dir='ltr'><strong>quaesitas</strong></span> <span class='ocrx_word' id='word_1_420' title='bbox 570 4367 670 4423; x_wconf 83' lang='lat' dir='ltr'><strong>robore</strong></span> <span class='ocrx_word' id='word_1_421' title='bbox 685 4368 774 4439; x_wconf 85' lang='lat' dir='ltr'><strong>poscit</strong></span> 
     </span>
     <span class='ocr_line' id='line_1_70' title="bbox 119 4455 777 4528; baseline 0.005 -19"><span class='ocrx_word' id='word_1_422' title='bbox 119 4455 231 4521; x_wconf 86' lang='lat' dir='ltr'><strong>liuniri,</strong></span> <span class='ocrx_word' id='word_1_423' title='bbox 247 4455 372 4523; x_wconf 87' lang='lat' dir='ltr'><strong>ejusdem</strong></span> <span class='ocrx_word' id='word_1_424' title='bbox 389 4457 473 4511; x_wconf 75' lang='lat' dir='ltr'><strong>vulsae</strong></span> <span class='ocrx_word' id='word_1_425' title='bbox 493 4472 527 4511; x_wconf 93' lang='lat' dir='ltr'><strong>nc</strong></span> <span class='ocrx_word' id='word_1_426' title='bbox 543 4457 654 4528; x_wconf 89' lang='lat' dir='ltr'><strong>quando</strong></span> <span class='ocrx_word' id='word_1_427' title='bbox 671 4457 777 4527; x_wconf 90' lang='lat' dir='ltr'><strong>rapinis</strong></span> 
     </span>
     <span class='ocr_line' id='line_1_71' title="bbox 119 4543 774 4617; baseline 0.002 -19"><span class='ocrx_word' id='word_1_428' title='bbox 119 4545 272 4599; x_wconf 85' lang='lat' dir='ltr'><strong>ilementur</strong></span> <span class='ocrx_word' id='word_1_429' title='bbox 284 4544 380 4610; x_wconf 77' lang='lat' dir='ltr'><strong>sacris,</strong></span> <span class='ocrx_word' id='word_1_430' title='bbox 397 4543 485 4600; x_wconf 87' lang='lat' dir='ltr'><strong>avidis</strong></span> <span class='ocrx_word' id='word_1_431' title='bbox 504 4545 683 4617; x_wconf 72' lang='lat' dir='ltr'><strong>praedonibus</strong></span> <span class='ocrx_word' id='word_1_432' title='bbox 697 4553 774 4602; x_wconf 74' lang='lat' dir='ltr'><strong>actae.</strong></span> 
     </span>
    </p>
   </div>
   <div class='ocr_carea' id='block_1_12' title="bbox 119 4635 795 4804">
    <p class='ocr_par' dir='ltr' id='par_1_35' title="bbox 119 4635 795 4804">
     <span class='ocr_line' id='line_1_72' title="bbox 119 4635 735 4711; baseline 0.003 -20"><span class='ocrx_word' id='word_1_433' title='bbox 119 4636 210 4711; x_wconf 76' lang='grc' dir='ltr'>111</span> <span class='ocrx_word' id='word_1_434' title='bbox 226 4635 365 4706; x_wconf 87' lang='lat' dir='ltr'><strong>pontilicis</strong></span> <span class='ocrx_word' id='word_1_435' title='bbox 379 4636 478 4691; x_wconf 81' lang='lat' dir='ltr'><strong>Christi</strong></span> <span class='ocrx_word' id='word_1_436' title='bbox 496 4637 629 4708; x_wconf 81' lang='lat' dir='ltr'><strong>testisque</strong></span> <span class='ocrx_word' id='word_1_437' title='bbox 645 4637 735 4693; x_wconf 89' lang='lat' dir='ltr'><strong>Calisti</strong></span> 
     </span>
     <span class='ocr_line' id='line_1_73' title="bbox 119 4729 795 4804; baseline 0.007 -20"><span class='ocrx_word' id='word_1_438' title='bbox 119 4729 244 4786; x_wconf 90' lang='lat' dir='ltr'><strong>llembra</strong></span> <span class='ocrx_word' id='word_1_439' title='bbox 258 4730 312 4786; x_wconf 92' lang='lat' dir='ltr'><strong>sihi</strong></span> <span class='ocrx_word' id='word_1_440' title='bbox 326 4731 414 4803; x_wconf 80' lang='lat' dir='ltr'><strong>signis</strong></span> <span class='ocrx_word' id='word_1_441' title='bbox 427 4732 525 4787; x_wconf 90' lang='lat' dir='ltr'><strong>collata</strong></span> <span class='ocrx_word' id='word_1_442' title='bbox 536 4731 635 4787; x_wconf 89' lang='lat' dir='ltr'><strong>abbate</strong></span> <span class='ocrx_word' id='word_1_443' title='bbox 650 4732 795 4804; x_wconf 77' lang='lat' dir='ltr'><strong>{lodulpho</strong></span> 
     </span>
    </p>
   </div>
   <div class='ocr_carea' id='block_1_13' title="bbox 118 4823 851 4987">
    <p class='ocr_par' dir='ltr' id='par_1_36' title="bbox 118 4823 851 4987">
     <span class='ocr_line' id='line_1_74' title="bbox 118 4823 851 4898; baseline 0.008 -22"><span class='ocrx_word' id='word_1_444' title='bbox 118 4823 187 4878; x_wconf 79' lang='lat' dir='ltr'><strong>Cum</strong></span> <span class='ocrx_word' id='word_1_445' title='bbox 203 4823 286 4878; x_wconf 90' lang='lat' dir='ltr'><strong>rebus</strong></span> <span class='ocrx_word' id='word_1_446' title='bbox 295 4830 391 4880; x_wconf 90' lang='lat' dir='ltr'><strong>sancto</strong></span> <span class='ocrx_word' id='word_1_447' title='bbox 399 4824 538 4895; x_wconf 90' lang='lat' dir='ltr'><strong>applicitis</strong></span> <span class='ocrx_word' id='word_1_448' title='bbox 548 4824 592 4891; x_wconf 79' lang='lat'><strong>,</strong></span> <span class='ocrx_word' id='word_1_449' title='bbox 608 4825 728 4881; x_wconf 86' lang='lat' dir='ltr'><strong>evellere</strong></span> <span class='ocrx_word' id='word_1_450' title='bbox 740 4826 851 4898; x_wconf 86' lang='lat' dir='ltr'><strong>qnidam</strong></span> 
     </span>
     <span class='ocr_line' id='line_1_75' title="bbox 118 4911 791 4987; baseline 0.004 -20"><span class='ocrx_word' id='word_1_451' title='bbox 118 4913 194 4979; x_wconf 78' lang='lat' dir='ltr'><strong>oeae</strong></span> <span class='ocrx_word' id='word_1_452' title='bbox 204 4911 353 4969; x_wconf 85' lang='lat' dir='ltr'><strong>nitebatur.</strong></span> <span class='ocrx_word' id='word_1_453' title='bbox 369 4912 460 4985; x_wconf 91' lang='lat' dir='ltr'><strong>Super</strong></span> <span class='ocrx_word' id='word_1_454' title='bbox 475 4913 653 4969; x_wconf 85' lang='lat' dir='ltr'><strong>liisconsulte</strong></span> <span class='ocrx_word' id='word_1_455' title='bbox 664 4915 791 4987; x_wconf 88' lang='lat' dir='ltr'><strong>requirit,</strong></span> 
     </span>
    </p>
   </div>
   <div class='ocr_carea' id='block_1_14' title="bbox 118 5003 832 5079">
    <p class='ocr_par' dir='ltr' id='par_1_37' title="bbox 118 5003 832 5079">
     <span class='ocr_line' id='line_1_76' title="bbox 118 5003 832 5079; baseline 0.007 -21"><span class='ocrx_word' id='word_1_456' title='bbox 118 5003 316 5075; x_wconf 74' lang='lat' dir='ltr'><strong>duritiamque</strong></span> <span class='ocrx_word' id='word_1_457' title='bbox 331 5005 411 5075; x_wconf 88' lang='lat' dir='ltr'><strong>petit,</strong></span> <span class='ocrx_word' id='word_1_458' title='bbox 428 5006 503 5076; x_wconf 85' lang='lat' dir='ltr'><strong>pravi</strong></span> <span class='ocrx_word' id='word_1_459' title='bbox 519 5008 648 5078; x_wconf 76' lang='lat' dir='ltr'><strong>quoium</strong></span> <span class='ocrx_word' id='word_1_460' title='bbox 663 5015 832 5079; x_wconf 91' lang='lat' dir='ltr'><strong>prementur.</strong></span> 
     </span>
    </p>
   </div>
   <div class='ocr_carea' id='block_1_15' title="bbox 983 3176 1792 3986">
    <p class='ocr_par' dir='ltr' id='par_1_38' title="bbox 985 3176 1792 3348">
     <span class='ocr_line' id='line_1_77' title="bbox 985 3176 1792 3261; baseline -0.017 -16"><span class='ocrx_word' id='word_1_461' title='bbox 985 3191 1034 3246; x_wconf 93' lang='lat' dir='ltr'><strong>llle</strong></span> <span class='ocrx_word' id='word_1_462' title='bbox 1049 3190 1177 3261; x_wconf 89' lang='lat' dir='ltr'><strong>rependit</strong></span> <span class='ocrx_word' id='word_1_463' title='bbox 1195 3189 1229 3242; x_wconf 92' lang='lat' dir='ltr'><strong>ad</strong></span> <span class='ocrx_word' id='word_1_464' title='bbox 1250 3189 1319 3250; x_wconf 84' lang='lat' dir='ltr'><strong>haec,</strong></span> <span class='ocrx_word' id='word_1_465' title='bbox 1340 3185 1470 3240; x_wconf 88' lang='lat' dir='ltr'><strong>studeant</strong></span> <span class='ocrx_word' id='word_1_466' title='bbox 1488 3179 1677 3237; x_wconf 86' lang='lat' dir='ltr'><strong>moderamina</strong></span> <span class='ocrx_word' id='word_1_467' title='bbox 1691 3176 1792 3233; x_wconf 88' lang='lat' dir='ltr'><strong>eurnmi</strong></span> 
     </span>
     <span class='ocr_line' id='line_1_78' title="bbox 987 3270 1602 3348; baseline -0.02 -14"><span class='ocrx_word' id='word_1_468' title='bbox 987 3280 1109 3334; x_wconf 80' lang='lat' dir='ltr'><strong>hectoris</strong></span> <span class='ocrx_word' id='word_1_469' title='bbox 1123 3278 1225 3348; x_wconf 91' lang='lat' dir='ltr'><strong>pariter</strong></span> <span class='ocrx_word' id='word_1_470' title='bbox 1238 3276 1330 3331; x_wconf 76' lang='lat' dir='ltr'><strong>verbis</strong></span> <span class='ocrx_word' id='word_1_471' title='bbox 1342 3273 1467 3329; x_wconf 89' lang='lat' dir='ltr'><strong>attollere</strong></span> <span class='ocrx_word' id='word_1_472' title='bbox 1481 3278 1509 3326; x_wconf 94' lang='lat' dir='ltr'><strong>ct</strong></span> <span class='ocrx_word' id='word_1_473' title='bbox 1523 3270 1602 3337; x_wconf 89' lang='lat' dir='ltr'><strong>actis,</strong></span> 
     </span>
    </p>

    <p class='ocr_par' dir='ltr' id='par_1_39' title="bbox 984 3362 1631 3440">
     <span class='ocr_line' id='line_1_79' title="bbox 984 3362 1631 3440; baseline -0.014 -17"><span class='ocrx_word' id='word_1_474' title='bbox 984 3369 1064 3423; x_wconf 82' lang='lat' dir='ltr'><strong>texte</strong></span> <span class='ocrx_word' id='word_1_475' title='bbox 1079 3369 1153 3440; x_wconf 89' lang='lat' dir='ltr'><strong>quod</strong></span> <span class='ocrx_word' id='word_1_476' title='bbox 1168 3368 1267 3424; x_wconf 90' lang='lat' dir='ltr'><strong>collata</strong></span> <span class='ocrx_word' id='word_1_477' title='bbox 1280 3365 1333 3420; x_wconf 91' lang='lat' dir='ltr'><strong>sihi</strong></span> <span class='ocrx_word' id='word_1_478' title='bbox 1350 3362 1607 3437; x_wconf 80' lang='lat' dir='ltr'><strong>fertgratiacnique</strong></span> <span class='ocrx_word' id='word_1_479' title='bbox 1624 3377 1631 3414; x_wconf 90' lang='lat'>:</span> 
     </span>
    </p>

    <p class='ocr_par' dir='ltr' id='par_1_40' title="bbox 985 3455 1599 3529">
     <span class='ocr_line' id='line_1_80' title="bbox 985 3455 1599 3529; baseline -0.015 -11"><span class='ocrx_word' id='word_1_480' title='bbox 985 3463 1110 3518; x_wconf 73' lang='lat' dir='ltr'><strong>laracni</strong></span> <span class='ocrx_word' id='word_1_481' title='bbox 1127 3461 1180 3517; x_wconf 91' lang='lat' dir='ltr'><strong>sub</strong></span> <span class='ocrx_word' id='word_1_482' title='bbox 1200 3478 1231 3517; x_wconf 88' lang='lat' dir='ltr'><strong>ce</strong></span> <span class='ocrx_word' id='word_1_483' title='bbox 1242 3461 1313 3515; x_wconf 79' lang='lat' dir='ltr'><strong>servi</strong></span> <span class='ocrx_word' id='word_1_484' title='bbox 1332 3459 1479 3529; x_wconf 86' lang='lat' dir='ltr'><strong>culpentur</strong></span> <span class='ocrx_word' id='word_1_485' title='bbox 1494 3455 1599 3510; x_wconf 89' lang='lat' dir='ltr'><strong>haberi.</strong></span> 
     </span>
    </p>

    <p class='ocr_par' dir='ltr' id='par_1_41' title="bbox 984 3547 1653 3625">
     <span class='ocr_line' id='line_1_81' title="bbox 984 3547 1653 3625; baseline -0.016 -15"><span class='ocrx_word' id='word_1_486' title='bbox 984 3554 1053 3618; x_wconf 81' lang='lat' dir='ltr'><strong>Quin</strong></span> <span class='ocrx_word' id='word_1_487' title='bbox 1069 3561 1207 3625; x_wconf 89' lang='lat' dir='ltr'><strong>aptospcr</strong></span> <span class='ocrx_word' id='word_1_488' title='bbox 1222 3569 1282 3607; x_wconf 91' lang='lat' dir='ltr'><strong>cern</strong></span> <span class='ocrx_word' id='word_1_489' title='bbox 1298 3547 1653 3605; x_wconf 82' lang='lat' dir='ltr'><strong>fructusafferrclahorent.</strong></span> 
     </span>
    </p>

    <p class='ocr_par' dir='ltr' id='par_1_42' title="bbox 984 3634 1693 3713">
     <span class='ocr_line' id='line_1_82' title="bbox 984 3634 1693 3713; baseline -0.02 -12"><span class='ocrx_word' id='word_1_490' title='bbox 984 3646 1080 3701; x_wconf 90' lang='lat' dir='ltr'><strong>illicita</strong></span> <span class='ocrx_word' id='word_1_491' title='bbox 1095 3644 1249 3707; x_wconf 82' lang='lat' dir='ltr'><strong>inhibeant,</strong></span> <span class='ocrx_word' id='word_1_492' title='bbox 1265 3634 1693 3713; x_wconf 70' lang='grc'>111111111111111111111111,</span> 
     </span>
    </p>

    <p class='ocr_par' dir='ltr' id='par_1_43' title="bbox 985 3731 1666 3806">
     <span class='ocr_line' id='line_1_83' title="bbox 985 3731 1666 3806; baseline -0.023 -11"><span class='ocrx_word' id='word_1_493' title='bbox 985 3741 1015 3795; x_wconf 85' lang='lat' dir='ltr'><strong>Et</strong></span> <span class='ocrx_word' id='word_1_494' title='bbox 1028 3739 1135 3795; x_wconf 90' lang='lat' dir='ltr'><strong>cunctis</strong></span> <span class='ocrx_word' id='word_1_495' title='bbox 1149 3736 1249 3792; x_wconf 84' lang='lat' dir='ltr'><strong>Christi</strong></span> <span class='ocrx_word' id='word_1_496' title='bbox 1264 3735 1374 3790; x_wconf 88' lang='lat' dir='ltr'><strong>famulis</strong></span> <span class='ocrx_word' id='word_1_497' title='bbox 1388 3731 1518 3806; x_wconf 80' lang='lat' dir='ltr'><strong>suffragia</strong></span> <span class='ocrx_word' id='word_1_498' title='bbox 1528 3732 1666 3801; x_wconf 81' lang='lat' dir='ltr'><strong>praestent.</strong></span> 
     </span>
    </p>

    <p class='ocr_par' dir='ltr' id='par_1_44' title="bbox 983 3822 1721 3986">
     <span class='ocr_line' id='line_1_84' title="bbox 983 3822 1672 3898; baseline -0.019 -17"><span class='ocrx_word' id='word_1_499' title='bbox 983 3827 1066 3898; x_wconf 84' lang='lat' dir='ltr'><strong>Cujus</strong></span> <span class='ocrx_word' id='word_1_500' title='bbox 1080 3826 1141 3897; x_wconf 86' lang='lat' dir='ltr'><strong>opis</strong></span> <span class='ocrx_word' id='word_1_501' title='bbox 1160 3822 1328 3894; x_wconf 90' lang='lat' dir='ltr'><strong>causacupit</strong></span> <span class='ocrx_word' id='word_1_502' title='bbox 1347 3822 1552 3891; x_wconf 77' lang='lat' dir='ltr'><strong>buiusnosccrc</strong></span> <span class='ocrx_word' id='word_1_503' title='bbox 1568 3830 1672 3879; x_wconf 89' lang='lat' dir='ltr'><strong>curam,</strong></span> 
     </span>
     <span class='ocr_line' id='line_1_85' title="bbox 983 3903 1721 3986; baseline -0.019 -17"><span class='ocrx_word' id='word_1_504' title='bbox 983 3914 1135 3986; x_wconf 87' lang='lat' dir='ltr'><strong>llcplorans</strong></span> <span class='ocrx_word' id='word_1_505' title='bbox 1154 3913 1267 3967; x_wconf 89' lang='lat' dir='ltr'><strong>miseras</strong></span> <span class='ocrx_word' id='word_1_506' title='bbox 1281 3911 1374 3967; x_wconf 89' lang='lat' dir='ltr'><strong>clades</strong></span> <span class='ocrx_word' id='word_1_507' title='bbox 1390 3910 1587 3978; x_wconf 87' lang='lat' dir='ltr'><strong>hominumque</strong></span> <span class='ocrx_word' id='word_1_508' title='bbox 1601 3903 1721 3968; x_wconf 88' lang='lat' dir='ltr'><strong>labores,</strong></span> 
     </span>
    </p>
   </div>
   <div class='ocr_carea' id='block_1_16' title="bbox 984 3997 1629 4172">
    <p class='ocr_par' dir='ltr' id='par_1_45' title="bbox 984 3997 1629 4172">
     <span class='ocr_line' id='line_1_86' title="bbox 984 3997 1592 4075; baseline -0.013 -15"><span class='ocrx_word' id='word_1_509' title='bbox 984 4006 1074 4062; x_wconf 88' lang='lat' dir='ltr'><strong>llostis</strong></span> <span class='ocrx_word' id='word_1_510' title='bbox 1088 4004 1229 4075; x_wconf 84' lang='lat' dir='ltr'><strong>etantiqni</strong></span> <span class='ocrx_word' id='word_1_511' title='bbox 1244 4003 1382 4074; x_wconf 89' lang='lat' dir='ltr'><strong>captantia</strong></span> <span class='ocrx_word' id='word_1_512' title='bbox 1397 4002 1468 4057; x_wconf 90' lang='lat' dir='ltr'><strong>retia</strong></span> <span class='ocrx_word' id='word_1_513' title='bbox 1479 3997 1592 4064; x_wconf 85' lang='lat' dir='ltr'><strong>fraudis,</strong></span> 
     </span>
     <span class='ocr_line' id='line_1_87' title="bbox 984 4091 1629 4172; baseline -0.014 -20"><span class='ocrx_word' id='word_1_514' title='bbox 984 4098 1049 4162; x_wconf 81' lang='lat' dir='ltr'><strong>Quis</strong></span> <span class='ocrx_word' id='word_1_515' title='bbox 1062 4113 1151 4172; x_wconf 86' lang='lat' dir='ltr'><strong>genus</strong></span> <span class='ocrx_word' id='word_1_516' title='bbox 1164 4097 1312 4151; x_wconf 91' lang='lat' dir='ltr'><strong>humanum</strong></span> <span class='ocrx_word' id='word_1_517' title='bbox 1325 4094 1430 4150; x_wconf 88' lang='lat' dir='ltr'><strong>crudeli</strong></span> <span class='ocrx_word' id='word_1_518' title='bbox 1443 4091 1545 4164; x_wconf 90' lang='lat' dir='ltr'><strong>pellicit</strong></span> <span class='ocrx_word' id='word_1_519' title='bbox 1559 4098 1629 4144; x_wconf 89' lang='lat' dir='ltr'><strong>estu.</strong></span> 
     </span>
    </p>
   </div>
   <div class='ocr_carea' id='block_1_17' title="bbox 984 4178 1790 4342">
    <p class='ocr_par' dir='ltr' id='par_1_46' title="bbox 984 4178 1790 4342">
     <span class='ocr_line' id='line_1_88' title="bbox 984 4178 1790 4254; baseline -0.016 -12"><span class='ocrx_word' id='word_1_520' title='bbox 984 4188 1052 4242; x_wconf 85' lang='grc'>11111</span> <span class='ocrx_word' id='word_1_521' title='bbox 1069 4188 1199 4254; x_wconf 71' lang='lat' dir='ltr'><strong>haereses</strong></span> <span class='ocrx_word' id='word_1_522' title='bbox 1220 4186 1283 4242; x_wconf 92' lang='lat' dir='ltr'><strong>hinc</strong></span> <span class='ocrx_word' id='word_1_523' title='bbox 1298 4184 1370 4241; x_wconf 92' lang='lat' dir='ltr'><strong>bella</strong></span> <span class='ocrx_word' id='word_1_524' title='bbox 1397 4199 1523 4251; x_wconf 80' lang='lat' dir='ltr'><strong>movens,</strong></span> <span class='ocrx_word' id='word_1_525' title='bbox 1550 4188 1577 4235; x_wconf 91' lang='grc'><strong>11</strong></span> <span class='ocrx_word' id='word_1_526' title='bbox 1594 4178 1790 4247; x_wconf 68' lang='grc'>1111111111-</span> 
     </span>
     <span class='ocr_line' id='line_1_89' title="bbox 1666 4269 1755 4342; baseline -0.022 -19"><span class='ocrx_word' id='word_1_527' title='bbox 1666 4269 1755 4342; x_wconf 84' lang='grc'>[(1111,</span> 
     </span>
    </p>
   </div>
   <div class='ocr_carea' id='block_1_18' title="bbox 941 4335 1671 4448">
    <p class='ocr_par' dir='ltr' id='par_1_47' title="bbox 941 4335 1671 4448">
     <span class='ocr_line' id='line_1_90' title="bbox 941 4335 1671 4448; baseline -0.016 -17"><span class='ocrx_word' id='word_1_528' title='bbox 941 4335 1122 4448; x_wconf 75' lang='lat' dir='ltr'><strong>DSanguine</strong></span> <span class='ocrx_word' id='word_1_529' title='bbox 1137 4374 1305 4440; x_wconf 78' lang='lat' dir='ltr'><strong>fervescens,</strong></span> <span class='ocrx_word' id='word_1_530' title='bbox 1322 4369 1551 4429; x_wconf 89' lang='lat' dir='ltr'><strong>odiorumlitibus</strong></span> <span class='ocrx_word' id='word_1_531' title='bbox 1561 4366 1671 4429; x_wconf 89' lang='lat' dir='ltr'><strong>ardens,</strong></span> 
     </span>
    </p>
   </div>
   <div class='ocr_carea' id='block_1_19' title="bbox 982 4463 1737 5086">
    <p class='ocr_par' dir='ltr' id='par_1_48' title="bbox 982 4463 1737 5086">
     <span class='ocr_line' id='line_1_91' title="bbox 982 4463 1717 4538; baseline -0.012 -19"><span class='ocrx_word' id='word_1_532' title='bbox 982 4468 1069 4538; x_wconf 77' lang='lat' dir='ltr'><strong>Atque</strong></span> <span class='ocrx_word' id='word_1_533' title='bbox 1080 4465 1230 4520; x_wconf 79' lang='lat' dir='ltr'><strong>orientales</strong></span> <span class='ocrx_word' id='word_1_534' title='bbox 1245 4466 1398 4519; x_wconf 79' lang='lat' dir='ltr'><strong>lrmrcseum</strong></span> <span class='ocrx_word' id='word_1_535' title='bbox 1412 4463 1561 4518; x_wconf 87' lang='lat' dir='ltr'><strong>schismate</strong></span> <span class='ocrx_word' id='word_1_536' title='bbox 1576 4473 1717 4530; x_wconf 87' lang='lat' dir='ltr'><strong>rumpens.</strong></span> 
     </span>
     <span class='ocr_line' id='line_1_92' title="bbox 982 4556 1664 4619; baseline -0.007 -8"><span class='ocrx_word' id='word_1_537' title='bbox 982 4557 1059 4612; x_wconf 86' lang='lat' dir='ltr'><strong>Unde</strong></span> <span class='ocrx_word' id='word_1_538' title='bbox 1074 4557 1233 4612; x_wconf 90' lang='lat' dir='ltr'><strong>sacerdotes</strong></span> <span class='ocrx_word' id='word_1_539' title='bbox 1247 4556 1391 4611; x_wconf 88' lang='lat' dir='ltr'><strong>suadendo</strong></span> <span class='ocrx_word' id='word_1_540' title='bbox 1404 4561 1573 4619; x_wconf 88' lang='lat' dir='ltr'><strong>commonet,</strong></span> <span class='ocrx_word' id='word_1_541' title='bbox 1588 4568 1664 4607; x_wconf 87' lang='lat' dir='ltr'><strong>arma</strong></span> 
     </span>
     <span class='ocr_line' id='line_1_93' title="bbox 982 4647 1691 4722; baseline -0.008 -17"><span class='ocrx_word' id='word_1_542' title='bbox 982 4651 1146 4721; x_wconf 76' lang='lat' dir='ltr'><strong>semipleni,</strong></span> <span class='ocrx_word' id='word_1_543' title='bbox 1162 4665 1309 4722; x_wconf 89' lang='lat' dir='ltr'><strong>arcamque</strong></span> <span class='ocrx_word' id='word_1_544' title='bbox 1324 4649 1417 4706; x_wconf 72' lang='lat' dir='ltr'><strong>levent</strong></span> <span class='ocrx_word' id='word_1_545' title='bbox 1430 4647 1591 4703; x_wconf 88' lang='lat' dir='ltr'><strong>discrimine</strong></span> <span class='ocrx_word' id='word_1_546' title='bbox 1606 4661 1691 4702; x_wconf 69' lang='lat' dir='ltr'><strong>saevo.</strong></span> 
     </span>
     <span class='ocr_line' id='line_1_94' title="bbox 982 4735 1737 4812; baseline -0.005 -19"><span class='ocrx_word' id='word_1_547' title='bbox 982 4738 1153 4795; x_wconf 74' lang='lat' dir='ltr'><strong>Conuenient</strong></span> <span class='ocrx_word' id='word_1_548' title='bbox 1165 4739 1249 4812; x_wconf 81' lang='lat' dir='ltr'><strong>igitur</strong></span> <span class='ocrx_word' id='word_1_549' title='bbox 1258 4738 1380 4793; x_wconf 89' lang='lat' dir='ltr'><strong>medinm</strong></span> <span class='ocrx_word' id='word_1_550' title='bbox 1395 4737 1448 4792; x_wconf 88' lang='lat' dir='ltr'><strong>sihi</strong></span> <span class='ocrx_word' id='word_1_551' title='bbox 1461 4752 1575 4810; x_wconf 90' lang='lat' dir='ltr'><strong>poscere</strong></span> <span class='ocrx_word' id='word_1_552' title='bbox 1590 4735 1737 4799; x_wconf 88' lang='lat' dir='ltr'><strong>Christum,</strong></span> 
     </span>
     <span class='ocr_line' id='line_1_95' title="bbox 984 4826 1724 4903; baseline -0.008 -17"><span class='ocrx_word' id='word_1_553' title='bbox 984 4830 1033 4895; x_wconf 79' lang='lat' dir='ltr'><strong>Qui</strong></span> <span class='ocrx_word' id='word_1_554' title='bbox 1045 4831 1171 4887; x_wconf 92' lang='lat' dir='ltr'><strong>consulte</strong></span> <span class='ocrx_word' id='word_1_555' title='bbox 1185 4832 1263 4897; x_wconf 91' lang='lat' dir='ltr'><strong>ferat,</strong></span> <span class='ocrx_word' id='word_1_556' title='bbox 1277 4831 1325 4887; x_wconf 91' lang='lat' dir='ltr'><strong>det</strong></span> <span class='ocrx_word' id='word_1_557' title='bbox 1336 4845 1429 4903; x_wconf 90' lang='lat' dir='ltr'><strong>opem,</strong></span> <span class='ocrx_word' id='word_1_558' title='bbox 1446 4827 1582 4900; x_wconf 86' lang='lat' dir='ltr'><strong>faciatque</strong></span> <span class='ocrx_word' id='word_1_559' title='bbox 1595 4826 1724 4883; x_wconf 88' lang='lat' dir='ltr'><strong>salutem.</strong></span> 
     </span>
     <span class='ocr_line' id='line_1_96' title="bbox 983 4921 1717 4996; baseline -0.005 -19"><span class='ocrx_word' id='word_1_560' title='bbox 983 4923 1022 4977; x_wconf 73' lang='lat' dir='ltr'><strong>ild</strong></span> <span class='ocrx_word' id='word_1_561' title='bbox 1032 4924 1105 4994; x_wconf 91' lang='lat' dir='ltr'><strong>quod</strong></span> <span class='ocrx_word' id='word_1_562' title='bbox 1121 4922 1281 4994; x_wconf 84' lang='lat' dir='ltr'><strong>pontificem</strong></span> <span class='ocrx_word' id='word_1_563' title='bbox 1297 4922 1396 4996; x_wconf 89' lang='lat' dir='ltr'><strong>rogitat</strong></span> <span class='ocrx_word' id='word_1_564' title='bbox 1410 4921 1580 4978; x_wconf 88' lang='lat' dir='ltr'><strong>contendere</strong></span> <span class='ocrx_word' id='word_1_565' title='bbox 1595 4927 1717 4976; x_wconf 85' lang='lat' dir='ltr'><strong>nostruin</strong></span> 
     </span>
     <span class='ocr_line' id='line_1_97' title="bbox 983 5010 1717 5086; baseline -0.001 -23"><span class='ocrx_word' id='word_1_566' title='bbox 983 5011 1107 5086; x_wconf 80' lang='lat' dir='ltr'><strong>llceingi,</strong></span> <span class='ocrx_word' id='word_1_567' title='bbox 1123 5027 1283 5084; x_wconf 88' lang='lat' dir='ltr'><strong>properare,</strong></span> <span class='ocrx_word' id='word_1_568' title='bbox 1298 5027 1390 5068; x_wconf 88' lang='lat' dir='ltr'><strong>moras</strong></span> <span class='ocrx_word' id='word_1_569' title='bbox 1404 5010 1578 5082; x_wconf 88' lang='lat' dir='ltr'><strong>disrumpere</strong></span> <span class='ocrx_word' id='word_1_570' title='bbox 1592 5014 1717 5071; x_wconf 86' lang='lat' dir='ltr'><strong>cunctas,</strong></span> 
     </span>
    </p>
   </div>
   <div class='ocr_carea' id='block_1_20' title="bbox 157 5094 1637 5171">
    <p class='ocr_par' dir='ltr' id='par_1_49' title="bbox 157 5094 1637 5171">
     <span class='ocr_line' id='line_1_98' title="bbox 157 5094 1637 5171; baseline 0.001 -21"><span class='ocrx_word' id='word_1_571' title='bbox 157 5094 190 5151; x_wconf 82' lang='lat' dir='ltr'><strong>Et</strong></span> <span class='ocrx_word' id='word_1_572' title='bbox 204 5095 270 5166; x_wconf 88' lang='lat' dir='ltr'><strong>quia</strong></span> <span class='ocrx_word' id='word_1_573' title='bbox 295 5103 477 5166; x_wconf 88' lang='lat' dir='ltr'><strong>compererat,</strong></span> <span class='ocrx_word' id='word_1_574' title='bbox 499 5099 619 5169; x_wconf 90' lang='lat' dir='ltr'><strong>quodam</strong></span> <span class='ocrx_word' id='word_1_575' title='bbox 635 5100 777 5156; x_wconf 90' lang='lat' dir='ltr'><strong>molimine</strong></span> <span class='ocrx_word' id='word_1_576' title='bbox 797 5117 931 5156; x_wconf 89' lang='lat' dir='ltr'><strong>summam</strong></span> <span class='ocrx_word' id='word_1_577' title='bbox 983 5099 1521 5171; x_wconf 72' lang='grc'>11111111111111111111111111111111</span> <span class='ocrx_word' id='word_1_578' title='bbox 1536 5097 1637 5153; x_wconf 91' lang='lat' dir='ltr'><strong>ruenti.</strong></span> 
     </span>
    </p>
   </div>
   <div class='ocr_carea' id='block_1_21' title="bbox 116 5185 767 5258">
    <p class='ocr_par' dir='ltr' id='par_1_50' title="bbox 116 5185 767 5258">
     <span class='ocr_line' id='line_1_99' title="bbox 116 5185 767 5258; baseline 0.003 -17"><span class='ocrx_word' id='word_1_579' title='bbox 116 5186 234 5241; x_wconf 80' lang='lat' dir='ltr'><strong>Turhari</strong></span> <span class='ocrx_word' id='word_1_580' title='bbox 250 5185 361 5253; x_wconf 77' lang='lat' dir='ltr'><strong>sedem,</strong></span> <span class='ocrx_word' id='word_1_581' title='bbox 376 5187 459 5258; x_wconf 90' lang='lat' dir='ltr'><strong>capiti</strong></span> <span class='ocrx_word' id='word_1_582' title='bbox 474 5203 525 5243; x_wconf 89' lang='grc'><strong>111</strong></span> <span class='ocrx_word' id='word_1_583' title='bbox 537 5189 669 5246; x_wconf 89' lang='lat' dir='ltr'><strong>condolet</strong></span> <span class='ocrx_word' id='word_1_584' title='bbox 683 5199 767 5258; x_wconf 89' lang='lat' dir='ltr'><strong>artus,</strong></span> 
     </span>
    </p>
   </div>
   <div class='ocr_carea' id='block_1_22' title="bbox 983 5188 1716 5265">
    <p class='ocr_par' dir='ltr' id='par_1_51' title="bbox 983 5188 1716 5265">
     <span class='ocr_line' id='line_1_100' title="bbox 983 5188 1716 5265; baseline -0.008 -18"><span class='ocrx_word' id='word_1_585' title='bbox 983 5193 1108 5250; x_wconf 87' lang='lat' dir='ltr'><strong>Christus</strong></span> <span class='ocrx_word' id='word_1_586' title='bbox 1122 5194 1159 5251; x_wconf 88' lang='lat' dir='ltr'><strong>sit</strong></span> <span class='ocrx_word' id='word_1_587' title='bbox 1172 5195 1226 5265; x_wconf 85' lang='lat' dir='ltr'><strong>via,</strong></span> <span class='ocrx_word' id='word_1_588' title='bbox 1242 5195 1298 5251; x_wconf 85' lang='lat' dir='ltr'><strong>dux</strong></span> <span class='ocrx_word' id='word_1_589' title='bbox 1311 5195 1442 5263; x_wconf 88' lang='lat' dir='ltr'><strong>Christus,</strong></span> <span class='ocrx_word' id='word_1_590' title='bbox 1456 5193 1567 5250; x_wconf 76' lang='lat' dir='ltr'><strong>uictoria</strong></span> <span class='ocrx_word' id='word_1_591' title='bbox 1582 5188 1716 5247; x_wconf 84' lang='lat' dir='ltr'><strong>Christus.</strong></span> 
     </span>
    </p>
   </div>
   <div class='ocr_carea' id='block_1_23' title="bbox 660 5347 1247 5407">
    <p class='ocr_par' dir='ltr' id='par_1_52' title="bbox 660 5347 1247 5407">
     <span class='ocr_line' id='line_1_101' title="bbox 660 5347 1247 5407; baseline 0.005 -5"><span class='ocrx_word' id='word_1_592' title='bbox 660 5347 796 5404; x_wconf 81' lang='lat' dir='ltr'><strong>GLOSSAE</strong></span> <span class='ocrx_word' id='word_1_593' title='bbox 818 5348 1026 5405; x_wconf 73' lang='lat' dir='ltr'><strong>annotantes</strong></span> <span class='ocrx_word' id='word_1_594' title='bbox 1045 5349 1247 5407; x_wconf 79' lang='lat' dir='ltr'><strong>lthlLLONll.</strong></span> 
     </span>
    </p>
   </div>
   <div class='ocr_carea' id='block_1_24' title="bbox 157 5429 569 5502">
    <p class='ocr_par' dir='ltr' id='par_1_53' title="bbox 157 5429 569 5502">
     <span class='ocr_line' id='line_1_102' title="bbox 157 5429 569 5502; baseline 0.017 -19"><span class='ocrx_word' id='word_1_595' title='bbox 157 5429 330 5502; x_wconf 61' lang='grc' dir='ltr'><strong>1111111111.</strong></span> <span class='ocrx_word' id='word_1_596' title='bbox 372 5430 407 5466; x_wconf 83' lang='lat'><strong></strong></span> <span class='ocrx_word' id='word_1_597' title='bbox 419 5434 569 5489; x_wconf 88' lang='lat' dir='ltr'><strong>concessis.</strong></span> 
     </span>
    </p>
   </div>
   <div class='ocr_carea' id='block_1_25' title="bbox 157 5625 532 5697">
    <p class='ocr_par' dir='ltr' id='par_1_54' title="bbox 157 5625 532 5697">
     <span class='ocr_line' id='line_1_103' title="bbox 157 5625 532 5697; baseline 0.013 -15"><span class='ocrx_word' id='word_1_598' title='bbox 157 5626 232 5697; x_wconf 75' lang='lat' dir='ltr'><strong>(lert</strong></span> <span class='ocrx_word' id='word_1_599' title='bbox 253 5625 328 5684; x_wconf 82' lang='lat' dir='ltr'><strong>noa.</strong></span> <span class='ocrx_word' id='word_1_600' title='bbox 343 5627 392 5684; x_wconf 80' lang='grc'><strong>11.</strong></span> <span class='ocrx_word' id='word_1_601' title='bbox 410 5647 448 5695; x_wconf 76' lang='lat' dir='ltr'><strong>a,</strong></span> <span class='ocrx_word' id='word_1_602' title='bbox 464 5648 488 5686; x_wconf 75' lang='lat' dir='ltr'><strong>a.</strong></span> <span class='ocrx_word' id='word_1_603' title='bbox 506 5631 532 5687; x_wconf 86' lang='lat' dir='ltr'><strong>r.</strong></span> 
     </span>
    </p>
   </div>
   <div class='ocr_carea' id='block_1_26' title="bbox 904 5539 1008 5596">
    <p class='ocr_par' dir='ltr' id='par_1_55' title="bbox 904 5539 1008 5596">
     <span class='ocr_line' id='line_1_104' title="bbox 904 5539 1008 5596; baseline 0.01 -3"><span class='ocrx_word' id='word_1_604' title='bbox 904 5539 1008 5596; x_wconf 72' lang='lat' dir='ltr'><strong>NO&#39;l&#39;AE.</strong></span> 
     </span>
    </p>
   </div>
   <div class='ocr_carea' id='block_1_27' title="bbox 1033 5642 1199 5710">
    <p class='ocr_par' dir='ltr' id='par_1_56' title="bbox 1033 5642 1199 5710">
     <span class='ocr_line' id='line_1_105' title="bbox 1033 5642 1199 5710; baseline 0.012 -13"><span class='ocrx_word' id='word_1_605' title='bbox 1033 5642 1107 5710; x_wconf 78' lang='lat'>(198)</span> <span class='ocrx_word' id='word_1_606' title='bbox 1128 5643 1199 5699; x_wconf 84' lang='lat' dir='ltr'><strong>thid.</strong></span> 
     </span>
    </p>
   </div>
   <div class='ocr_carea' id='block_1_28' title="bbox 0 0 1924 6102">
    <p class='ocr_par' dir='ltr' id='par_1_57' title="bbox 0 0 1924 6102">
     <span class='ocr_line' id='line_1_106' title="bbox 0 0 1924 6102; baseline 0 0"><span class='ocrx_word' id='word_1_607' title='bbox 0 0 1924 6102; x_wconf 95' lang='lat' dir='ltr'><strong> </strong></span> 
     </span>
    </p>
   </div>
  </div>
 </body>
</html>
