3840 6106
195 272 248 328 tas
743 271 933 330 elaborant
953 271 1106 329 canoaldi
1126 270 1301 328 hatthus.
1361 288 1367 304 ⁴
1810 269 1862 325 lbi

194 409 223 459 et
239 409 266 459 te
280 403 339 475 qui,
351 405 379 459 in
394 403 490 458 eadem
501 404 579 470 sede,
595 411 763 475 cooperante
776 404 842 470 Deo,
859 404 1003 461 ordinatus
1014 410 1039 477 Α
1053 402 1239 470 ordinatione,
1254 401 1374 458 ethdem
1391 417 1423 457 ac
1433 400 1587 457 doctrinam
1601 397 1686 466 illius,
1700 406 1863 472 atquecon-

194 511 235 559 os,
250 495 394 566 primatem
409 493 497 565 ipsius
512 493 643 551 dioecesis
658 512 729 563 esse,
740 512 803 552 curu
819 495 998 553 omnibusci-
1052 494 1234 550 versationem
1259 500 1287 547 et
1303 506 1405 557 mores,
1430 505 1462 547 ac
1482 490 1565 546 vitam
1587 489 1757 564 investiges;
1786 497 1816 545 nt
1838 491 1860 546 si

192 586 400 659 vitalibusque
425 575 590 659 abantiquo
609 595 733 659 tempore
749 589 876 645 ilamensi
893 598 998 645 metro·
1050 591 1132 655 aptus
1147 581 1227 638 luerit
1256 589 1286 637 et
1312 579 1461 655 dignusad
1481 578 1668 660 episcopalem
1697 578 1859 636 cathedram

193 675 249 746 poli
264 675 388 731 ecclesiae
403 674 534 745 subjectae
547 676 673 743 fuerunt,
699 685 783 750 atque
798 678 881 734 etiam
897 695 999 751 perpe·
1049 671 1259 747 gubernandam
1288 668 1443 740 expositam
1463 674 1491 723 et
1519 666 1715 737 conscriptam.
1732 670 1761 720 02
1775 678 1859 718 manu

191 762 246 818 tuis
260 763 433 834 temporibus
448 764 499 820 tibi
515 773 545 820 et
557 766 767 822 successoribus
784 768 838 822 tuis
846 767 882 823 sit
895 766 999 823 contir-
1049 781 1099 821 sua
1112 764 1225 836 propria
1249 760 1435 832 subscriptam
1451 759 1614 816 catholicam
1633 765 1661 813 et
1676 755 1859 813 orthodoxam

193 862 307 909 matum.
324 854 356 910 lit
368 856 422 911 hoc
432 856 642 924 interdicentes,
660 864 689 913 nt
703 858 796 915 nullus
816 858 999 928 audeatjuxta
1048 854 1132 910 hdcm
1143 870 1193 925 per
1207 852 1305 908 missos
1319 866 1384 907 suos
1402 866 1464 906 cum
1475 847 1575 905 litteris
1585 863 1617 902 ac
1637 844 1797 902 testimonio
1812 851 1859 900 tuo

189 952 350 999 sanctorum
365 960 504 1000 canonum
528 944 716 1013 traditionem,
746 961 778 1001 ex
807 946 861 1003 alio
888 947 1000 1019 episeo-
1048 963 1099 1002 seu
1113 945 1231 1001 aliorum
1246 944 1451 1015 episcoporum,
1467 956 1538 1013 quos
1553 947 1646 996 tecum
1661 955 1723 996 esse
1738 938 1858 993 manda·
1901 958 1905 964 ·

190 1043 256 1104 patu
269 1033 373 1090 ibidem
394 1036 565 1104 translatare,
582 1047 628 1092 aut
650 1037 820 1093 constituere
835 1039 998 1111 episcopum
1048 1039 1148 1106 vimus,
1168 1038 1203 1092 ad
1229 1051 1279 1092 nos
1302 1034 1414 1110 dirigat,
1443 1040 1474 1089 nt
1492 1032 1605 1104 pallium
1634 1030 1675 1086 illi
1703 1029 1858 1087 secundum

191 1137 337 1200 posttuam
362 1132 397 1187 de
424 1134 476 1189 hoe
502 1134 603 1190 saeculo
619 1134 820 1190 evocationem.
837 1134 931 1207 Neque
946 1136 998 1191 ali·
1048 1127 1280 1184 cousuetudinem
1296 1121 1769 1184 transmittamus.etordinationem
1784 1118 1860 1175 illius

190 1219 255 1290 quis
284 1227 346 1277 tuas
374 1223 528 1292 parochias,
553 1231 602 1279 aut
631 1223 774 1290 ecclesias,
801 1224 845 1280 uel
874 1223 998 1281 civitates
1049 1217 1155 1275 firmam
1171 1218 1416 1289 Judicemus,etin
1431 1217 1529 1272 eadent
1544 1220 1640 1271 sancta
1663 1211 1858 1269 ecclesiatic-

190 1307 364 1376 subtrahcre,
375 1326 466 1382 neque
478 1312 621 1368 diaecesim
630 1313 794 1368 llemansem
807 1313 863 1370 ullo
874 1330 997 1386 unquam
1047 1313 1164 1387 guntina
1179 1310 1417 1382 archiepiscopum
1439 1308 1623 1365 constitutum
1640 1321 1703 1361 esse
1713 1304 1857 1362 iaciamus.

192 1406 313 1470 tempore
327 1399 464 1472 dividere,
475 1404 523 1459 sed
540 1404 645 1479 integra
659 1412 779 1471 maneat,
795 1404 997 1476 sicutantiqui·
1048 1400 1196 1456 benevale
1226 1423 1237 1452 ι

190 1494 233 1541 tus
253 1487 314 1554 luit,
326 1500 354 1544 et
366 1490 436 1545 sacri
446 1507 568 1548 canones
592 1505 619 1549 et
635 1494 871 1565 praedeeessorum
888 1503 997 1552 nostro·
1081 1493 1131 1558 Qui
1149 1492 1250 1564 praesul
1258 1509 1302 1548 res
1318 1490 1445 1548 eeclesiae
1460 1490 1570 1546 diversa
1586 1505 1635 1562 per
1648 1490 1709 1546 loca
1721 1488 1857 1560 direptas.

190 1590 250 1630 rum
265 1575 394 1645 firmarit,
408 1586 436 1635 et
452 1590 545 1636 nostra
560 1579 650 1638 firmat
664 1582 824 1640 auctoritas.
848 1583 881 1640 Et
895 1593 932 1653 te,
949 1595 996 1641 aut
1046 1593 1101 1641 tarn
1114 1601 1164 1657 per
1177 1601 1206 1640 se
1220 1584 1294 1656 apud
1311 1583 1414 1659 regiam
1442 1583 1625 1652 majestatem,
1641 1597 1724 1655 quam
1741 1598 1792 1654 per
1805 1597 1856 1637 au-

189 1662 289 1719 futuris
316 1668 488 1737 temporibus
517 1669 679 1726 lismensem
705 1674 878 1744 episcopum,
895 1682 923 1729 et
938 1674 996 1745 pri·
1045 1673 1278 1738 ctoresecclesiae,
1295 1672 1419 1727 diuersos
1441 1672 1515 1742 apud
1528 1669 1638 1741 Judiccs
1649 1669 1761 1745 legibus
1778 1669 1856 1726 obti-

190 1761 290 1809 matem
301 1753 376 1810 illius
390 1756 529 1825 dioecasis,
550 1774 605 1814 non
622 1770 781 1830 praesumat,
800 1777 889 1834 noque
908 1762 998 1817 valeat
1011 1733 1036 1802 Β
1048 1766 1117 1832 nuit,
1138 1763 1361 1821 eteoclesiastico
1385 1762 1441 1832 juri
1454 1762 1575 1818 restituit
1595 1762 1794 1834 maximeque
1810 1778 1860 1833 per

190 1857 311 1914 unquam
323 1845 423 1917 aliquis
436 1846 471 1902 de
483 1848 645 1919 episcopatu
656 1849 776 1918 dejicere
787 1850 848 1905 sine
862 1851 997 1906 canonico
1047 1854 1195 1928 quemdam
1221 1853 1392 1919 hehahbum,
1419 1852 1466 1924 qui
1500 1859 1557 1907 tam
1581 1851 1609 1906 in
1629 1850 1755 1919 Francia,
1775 1867 1858 1924 quam

186 1932 305 2002 judicio,
321 1946 348 1992 et
375 1953 466 2010 neque
497 1938 525 1993 iu
555 1939 601 1995 illo
617 1940 677 2012 [ms.
693 1944 713 2008 i,
734 1942 800 2013 ullo]
814 1942 921 2011 iudicio
936 1943 997 1998 sine
1047 1945 1132 2000 etiam
1151 1952 1227 2000 trans
1242 1942 1360 2014 Ligerim
1383 1957 1431 2013 pro
1456 1941 1540 1997 rebus
1553 1940 1679 1997 ecelesia
1696 1935 1861 1996 revocandis

189 2030 328 2079 consensu
354 2027 469 2082 Romani
498 2027 648 2100 pontificis,
677 2031 701 2087 si
726 2032 761 2087 ad
791 2033 997 2089 hancsanctam
1047 2048 1164 2104 operose
1192 2031 1338 2097 laboravit,
1366 2037 1393 2085 et
1421 2038 1476 2085 tam
1501 2028 1605 2100 praedia
1620 2044 1703 2100 quam
1720 2028 1861 2100 mancipia

188 2116 284 2172 sedem
296 2118 456 2185 Romanam,
482 2137 544 2194 quae
557 2130 640 2195 caput
655 2139 715 2179 esse
734 2125 907 2198 dignoscitur
919 2124 997 2181 orbis
1048 2124 1134 2180 multa
1146 2123 1256 2199 legibus
1273 2121 1429 2178 evindicata
1453 2120 1575 2177 Ecclesia
1599 2119 1770 2176 reformauit.
1791 2120 1859 2177 Pos-

188 2217 278 2274 terrae,
292 2212 474 2282 appellaverit
489 2213 584 2285 inipso
596 2215 712 2287 iudicio.
729 2216 783 2271 Sed
799 2217 826 2271 in
838 2216 897 2273 sola
904 2216 998 2289 subje·
1047 2212 1221 2270 sessionibus
1238 2227 1350 2284 quoquc
1364 2211 1408 2264 vel
1424 2209 1570 2281 mancipiis
1582 2224 1599 2264 a
1613 2208 1781 2280 quibusdam
1795 2208 1858 2266 dato

189 2301 281 2356 ctione
307 2303 421 2360 Romani
453 2305 592 2378 pontilicis
617 2324 796 2380 permanens,
813 2309 957 2367 dioecesim
971 2318 998 2367 et
1047 2302 1136 2375 pretio
1155 2301 1301 2371 coemptis,
1318 2315 1363 2354 res
1389 2300 1501 2355 auxisse
1521 2298 1623 2370 praesul
1647 2298 1700 2353 isto
1721 2298 1859 2370 reperitur

189 2391 346 2462 parochiam
365 2393 538 2464 lismensem,
549 2396 698 2468 adjuvante
713 2399 840 2466 Domino,
858 2407 886 2456 et
903 2407 998 2457 nostra
1047 2394 1172 2451 ecclesie
1188 2411 1196 2460 ς
1209 2393 1406 2449 nonnullarum
1420 2407 1532 2464 quoque
1544 2392 1607 2461 iura
1621 2390 1749 2446 villarum
1761 2389 1861 2464 dispo-

188 2488 271 2550 atque
284 2481 314 2536 B.
330 2480 404 2537 Petri
417 2483 502 2541 fultus
514 2501 548 2541 ex
573 2486 732 2544 istasancta
742 2489 810 2544 sede
823 2489 997 2556 auctoritate,
1049 2487 1108 2542 sitis
1121 2485 1265 2542 ordinasse
1289 2486 1415 2541 coloniis.
1442 2483 1496 2540 Sed
1511 2491 1538 2540 et
1562 2500 1701 2539 sacrarum
1715 2484 1861 2541 codicibus

189 2571 341 2626 secundum
356 2581 466 2629 sanctos
479 2589 602 2630 canones
610 2583 638 2632 et
647 2577 729 2646 hujus
739 2585 840 2633 sanctae
848 2579 923 2634 sedis
938 2595 999 2650 pre·
1049 2571 1736 2648 scripturarum,quibusauhuealiquibusquoque
1746 2574 1860 2640 utirnur,

189 2663 342 2736 ceptiones,
358 2666 408 2722 tibi
423 2666 564 2736 subjectos
579 2669 617 2724 ita
636 2679 725 2725 certes
740 2672 1000 2748 etstudeasguber·
1050 2667 1122 2722 hane
1134 2665 1262 2720 instruxit
1277 2663 1439 2720 Ecclesiam.
1451 2665 1481 2717 ln
1493 2662 1622 2719 coenobio
1638 2662 1762 2734 denique
1772 2663 1861 2720 saneti

189 2762 266 2823 nare,
276 2756 385 2812 utillam
394 2757 607 2815 desiderabilem
616 2776 712 2817 vocem
720 2761 827 2817 bomini
837 2762 999 2820 nostrilesu
1052 2759 1168 2831 Remigii
1182 2757 1335 2813 monachos
1348 2755 1505 2822 ordinasse,
1520 2771 1553 2810 ac
1569 2753 1722 2811 monastica
1737 2753 1796 2809 vita
1811 2769 1860 2811 eos

187 2845 287 2902 Christi
299 2849 390 2906 valeas
408 2865 471 2906 cum
500 2851 596 2908 electis
615 2852 782 2921 eiusandira
799 2870 806 2907 :
822 2855 910 2921 nepe,
925 2868 1001 2909 serve
1052 2850 1337 2916 traditurinstituisse,
1354 2864 1415 2903 eum
1426 2847 1577 2904 canonicos
1591 2847 1669 2918 prius
1683 2845 1758 2902 idem
1767 2862 1861 2903 cosno-

111 2941 113 2944 ‘
191 2940 256 2994 borae
270 2945 294 2995 ct
316 2941 413 3010 fidelis,
439 2945 507 3012 quio
527 2946 557 2999 ia
580 2960 672 3015 pecco
691 2947 774 3013 sesti
786 2947 883 3015 tidelis,
913 2962 1000 3017 supra
1049 2941 1126 2996 bium
1142 2957 1158 2996 a
1174 2949 1298 3011 tempore
1327 2936 1477 2992 Gibehardi
1504 2936 1624 3002 abbatis,
1656 2936 1703 3007 qui
1732 2937 1859 2992 eamdem

190 3033 278 3087 multa
291 3035 316 3087 te
337 3035 498 3090 constituam
511 3051 519 3101 ;
532 3037 607 3090 intra
634 3038 814 3105 ingaudium
837 3038 942 3093 domini
956 3040 997 3093 tui
1048 3032 1303 3106 congregationem,
1317 3028 1353 3087 ob
1380 3045 1504 3085 amorem
1518 3028 1567 3084 liei
1597 3035 1625 3084 et
1639 3028 1726 3084 sancti
1744 3027 1862 3104 Remigii

191 3121 299 3188 (aaut.
316 3124 387 3192 xxv).
400 3123 432 3180 lit
447 3125 522 3197 quod
537 3125 572 3181 ad
587 3133 712 3182 nostram
727 3126 852 3184 notitiam
866 3106 1033 3199 perduxi-C
1047 3126 1184 3198 reperitur
1196 3140 1371 3200 aggregasse.
1389 3124 1422 3178 ad
1438 3123 1588 3194 hocusque
1602 3130 1713 3194 tempus
1729 3122 1861 3179 habuisse

190 3209 237 3277 sti,
253 3211 648 3286 qniaadaliosepiscoposde
664 3214 852 3286 ipsadioeccsi
868 3215 997 3272 ilamensi
1048 3218 1162 3274 seratur.
1193 3216 1376 3272 lmmunitatis
1405 3215 1528 3286 donique
1552 3214 1862 3287 praeceptumallarlo-

189 3301 302 3374 quidam
313 3304 487 3376 accipiebant
511 3305 711 3372 ordinationes,
727 3314 754 3362 et
765 3306 906 3362 habebant
920 3307 1000 3362 inde·
1049 3325 1150 3364 manno
1167 3324 1231 3384 rege
1246 3307 1304 3363 lilio
1320 3305 1440 3378 Pippini‚
1457 3306 1547 3378 primo
1564 3321 1626 3362 mox
1643 3306 1721 3381 regni
1735 3307 1862 3376 ejusdem

191 3390 251 3448 brta
265 3392 382 3468 refugia,
396 3395 484 3451 ethoo
494 3411 544 3466 per
554 3395 647 3451 omnia
663 3395 857 3467 prohibemus,
868 3397 916 3451 sed
928 3395 1000 3451 sicut
1049 3413 1132 3461 anno,
1144 3397 1269 3453 ecclesie
1290 3396 1419 3451 ilamensi
1450 3395 1580 3462 obtinuit,
1605 3396 1640 3450 ad
1655 3396 1798 3468 exemplar
1812 3397 1863 3452 im·

188 3497 266 3538 sacra
276 3482 357 3541 docet
369 3485 528 3552 auctoritas,
544 3496 571 3542 et
587 3487 615 3542 in
631 3488 745 3559 synodis
758 3487 1000 3558 comprovinciali·
1049 3489 1216 3546 munitatum
1243 3504 1313 3561 quas
1340 3487 1427 3559 ipsius
1455 3487 1675 3559 predecessores
1703 3503 1785 3562 reges
1799 3489 1863 3544 huic

190 3573 243 3629 bns
253 3576 441 3632 convocandis
457 3585 484 3633 et
512 3577 697 3646 iaciendis,et
717 3577 997 3645 inordinationibus,
1049 3582 1222 3638 contulerant
1248 3581 1397 3637 ecclesie:
1427 3596 1544 3652 quarum
1574 3579 1725 3636 ostendere
1750 3596 1862 3654 quoquc

191 3681 223 3720 ac
233 3666 492 3737 dijudicationibus,
517 3671 661 3727 llemensis
672 3671 800 3738 ecclesia,
819 3679 847 3727 et
860 3670 999 3743 archiepi-
1049 3673 1154 3730 curavit
1170 3675 1196 3729 ei
1218 3673 1389 3729 monimenta
1403 3691 1410 3738 ;
1422 3679 1453 3729 ut
1479 3673 1572 3728 nullus
1585 3672 1693 3729 scilicet
1704 3673 1794 3741 jndex
1808 3690 1859 3745 pn-

191 3770 302 3829 scnpus,
319 3759 367 3831 qui
387 3759 417 3815 in
431 3776 466 3816 ea
492 3760 658 3818 constitutus
675 3760 769 3830 luerit,
789 3761 872 3818 talem
897 3760 999 3817 habeat
1049 3763 1137 3818 blicns
1152 3763 1180 3818 in
1195 3764 1277 3833 hujus
1304 3762 1429 3818 ecclesiae
1459 3767 1546 3817 terras
1566 3763 1683 3818 auderet
1698 3763 1808 3837 ingredi
1823 3764 1876 3820 ad—

191 3850 393 3920 auctoritatem,
408 3852 482 3909 sicut
501 3855 572 3910 sacri
597 3869 730 3922 canorms,
748 3854 872 3924 ethujns
894 3860 997 3909 sanctae
1049 3854 1208 3909 mansiones
1234 3852 1398 3924 parandum,
1419 3851 1462 3907 vel
1489 3851 1622 3923 quaelibet
1633 3851 1739 3921 judicia
1756 3851 1857 3918 lacere,

191 3937 320 3996 Ecclesiae
338 3942 553 3999 constitutiones
575 3942 685 4000 docent.
702 3944 733 4000 Et
743 3944 836 4000 nullus
849 3959 899 4015 per
911 3942 997 3998 ullum
1048 3954 1095 4002 aut
1109 3945 1219 4016 penitus
1230 3944 1311 4000 xenia
1328 3943 1366 3998 ibi
1383 3943 1535 4015 requirere.
1547 3943 1602 3999 Sed
1613 3959 1799 4017 quacumque
1813 3961 1859 4000 an·

190 4043 312 4099 unquam
327 4037 438 4101 tempus
452 4031 513 4098 tibi,
524 4030 568 4088 vel
581 4032 708 4088 ilamensi
720 4033 903 4101 Ecclesiae,de
915 4031 998 4088 rebus
1048 4046 1202 4095 tecessores
1221 4038 1281 4106 eius
1302 4035 1393 4092 eidem
1420 4043 1623 4092 concesserant
1636 4036 1775 4106 acclesiae,
1792 4053 1856 4110 per·

189 4118 224 4173 ad
240 4119 314 4175 illam
329 4120 424 4176 debite
439 4122 645 4192 pertinentibus
659 4123 998 4181 divisionemvelviolen-
1048 4129 1195 4202 pecualiter
1218 4129 1322 4184 habere
1347 4128 1454 4185 valeret
1483 4128 1601 4185 indulta.
1628 4128 1726 4186 Postea
1746 4146 1858 4203 quoque

191 4207 268 4272 liam,
297 4209 368 4265 sicul
393 4218 473 4266 &⁰²⁰³
498 4211 601 4267 sactum
628 4210 689 4278 filil,
717 4211 807 4268 facere
836 4219 995 4283 lttaesumtl·
1047 4221 1129 4276 aliam
1144 4221 1269 4289 eiusdem
1286 4220 1411 4296 regisde
1426 4221 1551 4277 omnium
1566 4221 1740 4278 teloneorum
1757 4221 1858 4278 remis-

192 4295 259 4350 Nflm
273 4297 306 4365 Si,
329 4297 404 4371 (11¹0d
428 4313 484 4356 11⁰n
510 4301 660 4367 credimus,
676 4301 740 4372 quis
764 4301 811 4356 ille
838 4300 933 4368 fuerit,
949 4300 996 4373 (lui
1047 4309 1294 4381 sioneimpetrauit
1305 4309 1623 4381 praeceptionem;item,
1635 4309 1718 4364 aliam
1727 4309 1763 4366 de
1774 4317 1858 4382 ponte
1881 4373 1889 4388 ⁸

190 4395 287 4442 contra
302 4387 373 4444 hanc
396 4395 518 4444 nostram
533 4389 747 4461 praeceptionem
763 4389 912 4445 temerario
927 4405 996 4445 ausu
1047 4402 1229 4469 [immensu
1261 4403 1326 4458 item
1353 4403 1389 4457 de
1415 4402 1518 4457 chartis
1531 4403 1723 4471 concrematis,
1741 4418 1857 4474 quarum

190 4480 286 4536 venile
301 4481 459 4550 tentaverit»
471 4482 524 4538 ⁰i⁸i
535 4498 566 4539 ³⁰
580 4482 645 4550 ⁰51⁰,
659 4491 687 4540 θῑ
706 4484 826 4540 maxime
840 4489 903 4555 90⁸t
918 4475 1114 4550 c⁰1¹¹·1)tunc
1129 4492 1262 4564 temporis
1289 4508 1339 4563 per
1358 4489 1558 4565 negligentiam
1581 4490 1721 4546 acciderat
1736 4491 1857 4558 exustio,

189 4571 373 4629 monitionem
391 4574 553 4638 correxerit,
579 4577 648 4632 scial
662 4592 692 4632 Sd
711 4585 816 4634 aetel'nll
832 4575 997 4646 Deljlldlclo
1047 4593 1141 4651 utres,
1161 4593 1190 4639 et
1205 4583 1349 4640 facultates
1362 4582 1499 4649 ecclesiae,
1514 4598 1583 4655 quas
1596 4597 1629 4638 eo
1650 4591 1776 4652 tempore
1791 4599 1857 4654 ρος.

190 4661 374 4719 anathematis
393 4663 504 4719 vinculo
523 4679 585 4720 esse
608 4664 770 4722 innodatum
787 4667 833 4733 ;si
853 4667 917 4738 quis
931 4681 997 4722 vero
1046 4676 1164 4736 sitiebat,
1180 4677 1218 4732 ita
1241 4683 1436 4748 permanerent
1458 4674 1565 4747 absque
1586 4674 1775 4730 diminutione
1789 4690 1856 4731 oon·

188 4752 340 4824 apostolica
357 4753 507 4808 servaverit
529 4761 717 4826 praeceptam
737 4771 861 4812 normam
879 4761 999 4812 rectaeet
1047 4761 1160 4820 firmatae
1184 4764 1237 4836 ipsi
1269 4763 1394 4821 ecclesiae
1424 4779 1475 4834 per
1504 4763 1608 4837 regiam
1628 4763 1689 4832 eius
1704 4763 1858 4820 auctorita·

189 4844 350 4902 orthodoxae
364 4843 429 4900 fidei
444 4843 688 4913 lueritassecutns,
710 4847 915 4905 benedictionis
932 4863 997 4922 gra·
1048 4863 1125 4925 tem3
1157 4858 1222 4913 item
1252 4857 1288 4913 de
1320 4856 1467 4922 militibus,
1492 4856 1540 4927 qui
1569 4856 1596 4910 in
1622 4855 1687 4912 villa
1713 4855 1857 4912 luviniaco

191 4933 256 4989 liam
271 4946 466 5008 consequatur·
497 4938 589 4994 Haect
613 4938 828 4996 nobisdiffinita
847 4954 897 5011 per
915 4940 997 5009 hujus
1047 4949 1201 5005 residentes
1228 4957 1307 5005 erant
1330 4964 1416 5020 super
1440 4955 1543 5003 terram
1570 4954 1672 5004 sanctae
1705 4946 1806 5011 ltlariae,
1828 4954 1858 5004 et
1899 4948 1904 4959 ‘

190 5034 290 5085 nostre
304 5027 521 5087 confirmationis
535 5032 675 5108 paginam,
691 5033 720 5087 in
740 5032 913 5089 tuaecclesia
928 5049 995 5104 per·
1046 5042 1133 5098 sancti
1162 5040 1290 5117 Remigii,
1318 5055 1460 5105 concessa,
1491 5039 1660 5111 remissaque
1691 5038 1759 5109 ipsis
1780 5038 1857 5095 omni

190 5122 280 5193 petuis
292 5124 466 5195 temporibus
482 5125 998 5197 prosuiconfirmationeeonservanda
1047 5146 1129 5202 quam
1139 5129 1282 5186 debebant
1300 5128 1444 5185 exactione
1455 5127 1570 5184 militiae.
1588 5129 1668 5194 Item,
1684 5126 1760 5183 alind
1771 5127 1807 5183 de
1817 5127 1859 5183 his

190 5230 252 5271 esse
267 5219 439 5275 mandamus.
458 5219 631 5294 iujungimus
642 5220 724 5276 etiam
737 5219 951 5290 fraternatituae,
967 5228 997 5278 ut
1046 5222 1093 5294 qui
1110 5222 1137 5277 in
1152 5222 1328 5290 cruciniano,
1359 5219 1452 5276 Gurba
1472 5217 1547 5287 villa,
1571 5221 1614 5275 vel
1643 5219 1671 5275 in
1692 5218 1767 5276 omni
1785 5234 1859 5295 pago

189 5307 255 5379 quia
277 5308 312 5364 de
324 5311 500 5367 ordinatione
525 5312 661 5384 episcopi.
677 5312 791 5369 nomine
821 5313 878 5380 bul,
895 5321 998 5370 sancte
1046 5310 1215 5366 Tardonensi
1230 5310 1301 5366 inlra
1325 5318 1426 5367 terram
1446 5309 1591 5365 hamensis
1605 5308 1731 5366 ecelesiae
1752 5307 1860 5364 reside-

189 5396 356 5472 lloguntinae
371 5398 501 5456 Ecclesiae
523 5401 557 5457 ad
580 5417 632 5459 nos
655 5403 781 5475 quaedam
800 5412 996 5473 pervenerunt,
1048 5401 1125 5461 bant.
1142 5402 1222 5457 lledit
1241 5403 1322 5458 etiam
1342 5404 1416 5458 idem
1441 5402 1642 5458 llarlomannus
1670 5415 1716 5455 reu
1737 5399 1789 5454 sub
1806 5399 1861 5456 hoc

191 5487 340 5559 assumptis
361 5494 452 5545 tecum
481 5489 612 5568 Viomago
625 5500 653 5547 et
677 5507 837 5563 possessore
847 5493 996 5566 episcopis,
1048 5489 1179 5565 pontifice
1192 5507 1242 5563 per
1252 5492 1405 5548 chartarum
1417 5493 1612 5556 instrumenta,
1631 5507 1680 5561 pro
1693 5489 1861 5560 loeosepul-

190 5587 218 5636 et
237 5581 330 5637 missis
348 5581 460 5657 gloriosi
489 5599 522 5640 ac
545 5583 679 5657 spiritalis
712 5584 762 5641 filii
795 5586 881 5644 nostri
909 5586 996 5644 llaroli
1049 5585 1171 5640 turaevel
1188 5583 1311 5640 remedio
1330 5582 1510 5650 animaesuae,
1526 5583 1617 5639 villam
1634 5581 1815 5637 Norilliacum
1831 5581 1861 5635 in

190 5665 358 5726 Francomm
373 5669 456 5744 rogis,
472 5671 620 5749 diligenter
635 5674 761 5748 inquiras
771 5675 862 5732 omnia
873 5675 908 5731 de
923 5675 998 5732 illius
1049 5673 1237 5750 pagoUrtinse
1252 5672 1414 5739 sitam‚cum
1425 5670 1739 5730 omnihusterminisrel
1749 5684 1862 5741 appen-
