3848 6106
386 198 551 296 ntsrnuun
568 239 734 297 scetere
752 241 918 298 asnensis
937 243 1025 300 irunt
1046 244 1207 310 onarunn.
1221 277 1257 287 -
1277 245 1340 302 trs.
1364 249 1406 303 rv.

60 237 115 292 stt
1676 252 1729 310 318

62 392 130 430 uam
146 377 214 432 sitas
224 376 259 432 ab
271 376 407 433 ddelardo
433 377 536 434 abbate
557 380 591 434 ad
606 379 679 435 idem
695 380 800 437 dudum
814 398 872 439 mo·
883 385 910 457 Α
920 400 983 440 eurn
997 384 1106 441 clericis
1121 385 1247 452 recessit,
1259 392 1286 440 et
1302 385 1328 440 in
1345 387 1514 443 eminentem
1542 389 1614 445 villae
1639 392 1729 447 conti·

61 467 215 524 amieriam
244 468 331 536 datas,
357 470 492 539 provilla
518 471 628 527 Gerlani
655 479 759 541 moute,
785 490 870 545 super
920 490 1000 547 guam
1016 489 1112 544 rupem
1127 473 1319 528 conscendens
1343 491 1403 530 sese
1428 477 1456 531 in
1487 494 1611 549 praeecps
1640 480 1727 548 dedit,

61 557 201 612 Mosellam
225 557 398 627 conjacente,
431 560 556 615 multivii·
587 561 627 615 bd
655 578 740 632 titiam
766 563 869 630 villam,
920 571 1013 640 sieque
1029 568 1138 624 attritus
1148 566 1244 636 iacuit,
1261 576 1423 625 utmortuus
1437 572 1479 625 val
1493 571 1572 627 morti
1586 571 1729 628 videretur

60 649 126 704 dum
141 649 287 705 sanciendi
314 650 367 706 sibi
395 667 488 719 causa,
510 651 649 723 proficisci
665 653 762 708 tratres
788 656 871 724 hujus
920 660 1072 731 proximus,
1089 659 1210 729 indeque
1226 660 1351 714 sublatus
1363 667 1426 715 aute
1437 663 1742 734 sancticorporisprm'

61 742 286 817 congregationis
313 745 501 814 precepisset,
519 745 558 799 illi
582 752 754 801 assumentes
773 763 869 802 secum
920 751 1036 805 sentiam
1053 759 1095 805 est
1109 749 1505 821 deportatus,ibiquetandem
1523 752 1728 824 secnlpabilcm

62 836 170 906 patroni
185 835 241 899 sni,
256 835 351 891 domni
367 835 496 892 videlicet
507 836 643 892 balderici
657 839 794 902 membra,
805 855 871 910 pro·
921 843 1051 908 reddens,
1068 842 1206 913 insperate
1221 849 1346 909 sanatus,
1376 849 1404 898 et
1418 843 1534 918 integrae
1551 845 1578 900 in
1594 846 1669 902 brevi
1683 862 1727 901 rc-

60 918 122 975 lecti
134 930 201 976 sunt
216 922 329 994 exsequi
340 924 482 990 jassaoui
496 924 560 979 dum
578 925 611 979 ad
631 925 800 998 villamqnae
817 928 871 982 be-
920 934 1031 990 stitutus
1041 941 1082 990 ost
1095 935 1232 1006 sospitati.

60 1029 92 1068 va
112 1013 147 1084 ij,
164 1014 249 1085 bena]
271 1015 382 1082 dicitur,
416 1017 618 1087 pervenissent,
647 1025 724 1074 tanto
745 1020 869 1087 pondere
955 1028 1022 1082 ltem
1039 1027 1104 1082 dum
1121 1028 1614 1099 nuperadpraememoratamvillam
1628 1029 1729 1084 Wasli-

59 1112 155 1158 &⁰0²³
168 1102 259 1159 defixo
271 1113 337 1160 ⁵⁰⁰²
349 1105 475 1178 Pissss⁰iar
503 1114 533 1162 ul
547 1109 677 1181 ptOgt‘edi
693 1126 869 1182 nequaquam
919 1120 989 1175 ciam
1005 1119 1086 1187 hujus
1099 1121 1186 1175 sancti
1204 1120 1328 1175 membra
1343 1120 1429 1175 relata
1453 1119 1582 1185 luissent,
1597 1121 1728 1192 quoniam

58 1192 186 1248 valerent
197 1194 356 1249 ulteriusea
375 1192 507 1260 ferentes,
520 1196 644 1267 initoque
660 1199 822 1266 consiliunt
834 1200 868 1254 ad
919 1209 1086 1265 codofridus
1101 1209 1237 1280 principis
1251 1208 1361 1264 ilenriei
1383 1225 1478 1266 comcs
1492 1209 1586 1281 palatii
1602 1208 1729 1264 equidem

60 1282 208 1338 ecclesiam
223 1284 397 1340 deferrentur
410 1285 587 1356 ipsiust'illae‚
601 1288 653 1343 sub
669 1290 869 1348 honoresanoti
920 1305 1076 1370 pervaserat
1088 1299 1191 1363 villam,
1217 1299 1329 1369 quidam
1349 1299 1512 1354 clericorum
1526 1298 1613 1353 sancti
1631 1297 1730 1353 Baldo·

59 1377 168 1431 llartini
179 1378 308 1443 dicatam,
324 1378 481 1450 perferendi
494 1380 633 1452 recipiunt
644 1383 866 1452 possibilitatem.
919 1386 968 1441 rici
983 1387 1018 1440 ad
1045 1387 1174 1442 eumdem
1197 1386 1376 1442 Godclridum
1404 1389 1526 1457 probae
1553 1403 1637 1442 causa
1667 1403 1730 1458 per-

59 1466 119 1531 Quo
133 1467 249 1536 perlatis
263 1467 437 1541 pignoribus,
455 1470 720 1539 utpostoratinnem
737 1471 867 1527 abeccle-
920 1486 1068 1543 rexerunt3
1090 1477 1189 1543 eticum
1218 1478 1321 1533 nullam
1343 1479 1454 1544 dianam
1485 1479 1640 1550 potuissent
1655 1477 1729 1550 apud

59 1556 100 1611 sia
115 1564 159 1611 est
170 1557 318 1626 perlatum,
343 1558 443 1613 iterum
470 1560 557 1615 saneti
586 1570 751 1634 aggravatur
766 1579 869 1634 corpu·
920 1583 983 1622 eum
1000 1567 1144 1639 percipere
1161 1567 1381 1637 responsionem,
1406 1583 1458 1622 ncc
1476 1568 1606 1642 mugisse
1622 1583 1672 1638 pro
1688 1567 1729 1622 cis

58 1648 167 1703 sculum
191 1665 199 1715 ;
222 1649 445 1722 mirantibusque
473 1652 592 1717 eunctis,
617 1660 645 1707 et
677 1655 759 1724 quod·
774 1655 868 1727 aliqua
920 1659 985 1713 inde
999 1675 1081 1730 quam
1111 1675 1159 1730 pro
1188 1674 1239 1715 suo
1262 1677 1331 1715 cane
1358 1660 1494 1715 facturum
1526 1659 1726 1730 respondisset,

60 1742 129 1796 inibi
147 1744 221 1798 Deus
236 1760 285 1815 pro
304 1745 391 1800 sancti
412 1747 456 1800 sui
474 1746 675 1818 glorificatione
690 1750 770 1823 signa
784 1751 868 1806 vellet
919 1751 1037 1806 clericus
1048 1750 1160 1822 quidam
1177 1766 1209 1804 ex
1225 1751 1437 1806 lrisintentando
1448 1751 1576 1820 subjecit,
1585 1750 1729 1822 quodcali·

60 1831 213 1887 ostendere
241 1832 407 1903 quibusdam
427 1833 592 1903 serentibus,
617 1836 639 1890 si
663 1837 710 1907 qui
738 1838 868 1893 adessent
919 1842 984 1896 dnm
1005 1843 1122 1913 proinde
1151 1842 1281 1897 sudorem
1312 1843 1460 1897 sudaturus
1485 1851 1567 1910 esset,
1585 1841 1728 1897 neccanis

61 1922 131 1977 lorte
144 1920 266 1988 debiles,
280 1932 324 1977 cst
338 1923 511 1994 requisitum.
536 1925 755 1982 Advenientibus
776 1935 868 1984 autem
918 1949 985 1988 suus
1000 1934 1144 2002 adjuturus
1157 1952 1220 1990 eum
1237 1935 1314 1990 leret.
1331 1937 1378 1991 lllc
1390 1936 1556 1992 furibundus
1566 1937 1599 1990 ad
1612 1936 1728 1991 baeoeos

60 2013 134 2068 laesis
149 2013 301 2084 aliquibus,
318 2015 510 2085 atquedelatis
521 2017 868 2091 quibusdam,i·irquidam
918 2042 993 2081 asuo
1009 2026 1133 2098 praecipit
1146 2028 1209 2095 ejici
1225 2037 1387 2099 conspeetu.
1413 2030 1518 2094 Quibus
1532 2029 1729 2083 recedentibus

61 2104 176 2159 claudus
184 2103 310 2176 erigitur,
325 2110 353 2159 et
366 2103 469 2160 lentina
482 2106 608 2177 quaedam
626 2109 743 2163 brachiis
759 2110 869 2166 abacto
919 2116 979 2187 ipse
995 2116 1156 2170 moadivina
1172 2116 1575 2188 plectiturultionc,validaque
1585 2125 1729 2188 correptus

60 2202 132 2249 retro
147 2193 232 2248 annis
262 2201 403 2249 eontracta
431 2194 586 2258 resolvitur,
612 2196 730 2267 dumque
756 2196 869 2252 leminae
918 2202 996 2259 lehre
1012 2205 1095 2274 coepit
1121 2205 1282 2276 gravissime
1311 2206 1414 2270 vexari,
1431 2205 1580 2275 nimiisque
1597 2203 1728 2258 succendi

59 2296 218 2340 eaeeaesunt
245 2284 417 2351 illuminata,
439 2294 466 2341 et
495 2285 587 2342 inians
612 2297 869 2360 annorumscptem
919 2293 1065 2347 ardoribus
1092 2300 1174 2364 atque
1204 2292 1412 2348 ferventissimis
1438 2293 1727 2347 elllueresudoribus.

60 2387 152 2433 mutus
166 2377 244 2449 loqui
259 2377 400 2449 eoepit.1n
416 2394 471 2450 quo
486 2378 546 2435 loco
560 2394 626 2434 crux
646 2380 681 2435 ab
697 2380 869 2451 ipsiusvillae
920 2380 1028 2434 Mittens
1054 2380 1137 2453 igitur
1160 2380 1193 2433 ad
1217 2381 1378 2450 episcopum
1409 2379 1601 2435 coloniensem
1618 2378 1729 2433 Wiclri-

57 2471 868 2543 bominibuspositaest,ubiposteaduaelemiuaelumen
919 2466 996 2532 dum,
1017 2468 1184 2522 huncodse
1209 2469 1304 2524 tenire
1331 2470 1419 2539 petiit,
1449 2469 1531 2540 eique
1562 2484 1617 2522 rem
1636 2468 1729 2523 retulit

58 2562 203 2617 oculorum
220 2568 396 2631 receperunt,
409 2569 437 2617 et
449 2563 572 2618 eandelae
584 2564 720 2620 divinitus
735 2580 867 2630 accensae,
918 2569 1002 2632 atque
1016 2560 1042 2614 id
1058 2560 1092 2615 ab
1109 2578 1141 2616 co
1155 2562 1263 2617 consilii
1290 2563 1425 2633 percepit,
1437 2573 1466 2616 ut
1481 2563 1515 2616 ad
1528 2561 1656 2633 praelatos
1672 2564 1730 2615 elc-

60 2655 198 2726 multique
212 2654 330 2710 diversis
344 2655 457 2712 suntab
472 2655 683 2712 infirmitatibus
693 2656 815 2712 liberati.

373 2761 478 2816 carui
490 2760 570 2816 XLll.

94 2854 131 2906 oe
143 2851 255 2906 eccesia
267 2855 356 2907 stracti
365 2855 486 2916 Romani,
495 2858 520 2907 et
528 2854 671 2909 miraculis
684 2856 835 2912 tudetiani

324 2923 357 2995 U,
377 2924 497 2994 Gelani]
514 2930 611 2980 monte.

920 2649 991 2705 rieos
1008 2651 1137 2717 mitteret,
1152 2665 1256 2720 cosque
1272 2651 1306 2704 ad
1321 2665 1350 2704 se
1365 2650 1460 2704 venire
1472 2649 1586 2714 lacieuS,
1601 2656 1628 2702 et
1638 2657 1728 2703 errata

921 2741 1073 2813 corrigens,
1090 2740 1125 2794 ab
1141 2741 1181 2794 eis
1199 2741 1234 2794 do
1249 2738 1466 2795 suaintirmitate
1481 2738 1628 2795 concilium
1641 2744 1668 2791 ct
1684 2751 1729 2806 pa·

922 2830 988 2885 riter
1002 2831 1133 2884 auxilium
1148 2839 1293 2901 quaereret.
1309 2829 1386 2894 Quod
1398 2829 1444 2884 illc
1464 2827 1626 2888 obaudiens,
1652 2834 1679 2881 et
1694 2826 1729 2880 ad

920 2936 969 2975 eos
980 2920 1101 2986 mittens,
1117 2919 1151 2973 ad
1163 2936 1193 2974 sc
1222 2920 1316 2975 venire
1340 2918 1534 2973 mandavisti
1557 2918 1658 2971 missus
1669 2915 1729 2982 ejus

96 3014 246 3071 Ecclesiam
262 3016 350 3071 sancti
364 3017 490 3083 Romani,
503 3018 531 3072 in
552 3017 665 3088 praelata
684 3019 748 3074 villa
763 3019 868 3076 Gellani
920 3017 1003 3087 typho
1018 3016 1225 3071 ceuvidcbatur
1248 3016 1360 3070 inllatus
1374 3015 1523 3086 superbiae,
1539 3011 1632 3081 coepit,
1648 3017 1678 3063 ut
1694 3009 1729 3064 ad

63 3108 483 3176 monteeoustruetam,dudum
507 3108 571 3164 ltito
604 3109 869 3180 praeposituseano-
917 3125 997 3163 suum
1009 3108 1152 3164 dominum
1167 3125 1229 3164 mox
1244 3108 1336 3163 clerici
1362 3113 1521 3182 pergerent,
1544 3101 1728 3174 imperitando

61 3197 186 3253 uicorum
202 3199 284 3270 hujus
302 3199 355 3256 loci
383 3201 417 3255 ab
447 3201 488 3256 eis
511 3200 656 3256 auferebat
680 3201 867 3272 :quamdam
919 3197 1079 3267 precipere.
1091 3197 1195 3261 Quibus
1210 3196 1402 3264 renuentibus,
1425 3195 1473 3249 scd
1485 3210 1547 3248 cum
1564 3191 1729 3247 charitatem

60 3287 168 3343 Besom
182 3288 286 3343 comite
313 3289 367 3344 sibi
396 3306 457 3344 earn
482 3289 615 3345 reddente
642 3290 820 3360 recepissent,
840 3298 868 3346 et
918 3306 1011 3345 seeum
1028 3290 1117 3344 lacere
1130 3289 1301 3361 rogantibus,
1322 3289 1368 3344 illc
1384 3288 1561 3358 contempsit,
1577 3300 1667 3356 eoque
1687 3297 1731 3336 re-

61 3380 146 3435 saucti
163 3379 299 3435 balderici
314 3381 438 3436 membra
452 3381 518 3436 illuc
536 3382 705 3448 retulissent,
723 3382 869 3437 audientes
919 3383 1046 3448 cedente,
1060 3381 1160 3452 inipso
1175 3395 1288 3455 egressu
1306 3395 1395 3451 equus
1406 3379 1465 3447 ejus
1485 3377 1612 3431 incitatus
1624 3375 1659 3429 ab
1671 3373 1729 3444 ipso

62 3469 136 3523 multi
153 3468 190 3523 ad
207 3469 295 3539 ipsius
307 3480 452 3542 ceperunt
464 3470 604 3527 eonllucre
620 3471 783 3540 patrocinia.
795 3472 869 3526 Inter
919 3472 1070 3543 prosiliens
1085 3471 1149 3536 ruit,
1164 3478 1192 3525 ct
1210 3469 1283 3526 collo
1299 3469 1386 3525 fracto
1402 3469 1571 3524 interiit.Sie
1588 3464 1731 3521 illeliurni-

62 3578 129 3633 quos
142 3562 208 3617 duae
229 3576 309 3617 caecae
329 3562 438 3618 nobiles
464 3562 574 3618 lemine
596 3561 723 3617 deductae
743 3571 818 3625 suut,
842 3570 869 3617 et
919 3564 1001 3618 liatus
1016 3563 1050 3617 ad
1066 3562 1164 3618 iratres
1189 3562 1281 3628 rediit,
1308 3562 1473 3617 charitatem
1490 3576 1572 3631 (quam
1588 3563 1732 3630 spreverat

62 3651 186 3722 quaedam
200 3651 306 3722 perlata
319 3653 490 3723 paupercula
513 3652 644 3708 omnibus
664 3651 720 3707 lere
736 3652 869 3707 membris
919 3652 986 3724 egit,
1001 3661 1028 3707 ct
1048 3651 1085 3706 ita
1100 3658 1241 3707 correctus
1258 3652 1384 3706 recessit.
1403 3646 1729 3716 llineitorum,tcrtioqnc

63 3751 211 3798 eontracta.
237 3740 321 3797 Nocte
346 3757 411 3798 vero
439 3742 595 3816 vigiliarum
622 3742 709 3797 sancti
741 3743 866 3808 Romani,
918 3743 1007 3797 vocati
1030 3749 1112 3813 atquc
1134 3741 1222 3812 petiti,
1257 3742 1340 3809 hujus
1363 3739 1474 3794 tandem
1502 3739 1551 3792 viri
1582 3735 1731 3807 compertis

65 3833 124 3889 dnm
138 3834 175 3889 de
191 3848 269 3888 more
287 3832 438 3907 pervigiles
464 3833 491 3886 iu
517 3832 635 3889 ecclesia
661 3833 870 3889 celebrarentur
920 3833 1115 3898 incommodis,
1132 3831 1165 3886 ad
1182 3848 1245 3885 cum
1263 3841 1317 3885 tum
1335 3816 1445 3885 demum
1458 3830 1582 3895 veniunt,
1600 3825 1730 3898 patientis

65 3922 196 3988 excubie,
220 3922 313 3979 subito
341 3929 446 3979 onium
468 3923 626 3978 caelitusest
646 3922 869 3978 lumeneffusum
919 3923 1126 3994 compatiuntur
1141 3921 1320 3988 cruciatibus,
1350 3929 1377 3975 et
1391 3920 1568 3975 confitentem
1586 3925 1729 3988 peecatum

67 3997 198 4066 atomuia
212 4026 274 4081 quae
297 4009 406 4065 inerant
426 4026 542 4065 accensa
568 4009 709 4066 videretur
723 4011 869 4066 luminaria
920 4031 1009 4078 suum,
1025 4011 1307 4081 emendationemque
1320 4009 1524 4081 promittentem
1535 4008 1731 4079 precibussuis

67 4103 308 4172 superaredltarc
332 4109 549 4174 tantum,supra
572 4104 647 4175 quod
673 4105 762 4159 sancti
791 4113 870 4159 eraut
920 4108 1063 4162 absolvere
1087 4105 1207 4160 student.
1239 4105 1271 4158 tlt
1291 4102 1336 4158 illc
1361 4102 1451 4157 statim
1468 4118 1497 4156 se
1513 4101 1613 4156 melius
1628 4101 1728 4155 habere

70 4205 120 4246 ossa
128 4191 269 4262 deposita,
298 4191 384 4247 densa
406 4192 461 4264 tegi
476 4193 623 4248 videbatur
634 4194 745 4259 nebula,
762 4193 869 4264 ipsum·
921 4199 1072 4270 professus,
1083 4198 1129 4252 ubi
1146 4211 1285 4251 recessere
1312 4194 1421 4262 iratres,
1438 4194 1588 4256 convaluit,
1605 4208 1650 4247 res
1663 4208 1731 4263 quas

71 4300 112 4353 ue
131 4285 203 4341 sacri
227 4284 353 4356 pignoris
379 4284 458 4356 qnasi
478 4285 582 4340 moveri
593 4285 758 4340 cernebatur
776 4293 869 4359 gosta—
922 4293 1057 4346 invasorat
1072 4289 1203 4356 reddidit,
1215 4304 1247 4344 ac
1267 4287 1449 4358 deincepsab
1466 4303 1560 4341 aarum
1572 4302 1601 4340 so
1617 4285 1730 4340 laesione

70 4376 404 4446 min-CUffloePessffluna
427 4391 562 4431 ⁰ae⁰³sl¹¹¹¹
588 4377 718 4448 Plifflssmr
747 4392 866 4448 moxque
919 4385 1064 4440 coritinuit.
1096 4383 1194 4437 Verum
1221 4388 1299 4436 tanta
1319 4382 1417 4436 doinus
1445 4380 1506 4447 ejus
1532 4377 1629 4433 allecta
1653 4377 1730 4432 clade

68 4467 330 4525 dtcraseseviderc
363 4470 543 4541 proclamant.
570 4470 637 4525 Tum
668 4443 1007 4536 mediajatccnleuisso
1034 4471 1205 4543 perhibetur,
1233 4477 1264 4524 ut
1288 4470 1331 4524 vix
1364 4470 1449 4540 aliqui
1477 4467 1661 4523 remanserint
1682 4466 1730 4537 qui

62 4557 371 4630 fflsslfflfflrssbicoettil
403 4558 532 4623 clamare,
563 4558 870 4628 auxiliufflqwfleirel
920 4565 1026 4620 eisdem
1039 4565 1122 4619 rebus
1145 4562 1188 4617 usi
1210 4561 1411 4634 lueraut3ipsi
1431 4560 1513 4615 etiarm
1532 4559 1731 4630 cquicteanes

59 4649 144 4704 ancti
161 4647 296 4702 Balderiei
316 4647 471 4718 deprecari,
488 4648 621 4719 paulatim
640 4647 795 4713 resolvitur,
813 4647 870 4718 pri·
921 4652 1085 4718 interierint,
1097 4659 1125 4706 et
1152 4652 1211 4722 ipso
1225 4665 1368 4720 pervasor,
1390 4648 1505 4720 perditis
1530 4664 1591 4702 cum
1606 4657 1669 4702 cute
1683 4663 1730 4702 ca-

50 4745 130 4795 inum
152 4739 401 4806 praenoscendo
414 4740 576 4812 poplitibus,
592 4740 681 4795 donec
696 4739 870 4795 erectastetit
920 4741 1004 4813 pillis,
1020 4748 1048 4796 et
1062 4739 1187 4813 ungulis,
1200 4739 1244 4795 six
1259 4737 1389 4793 evaserit.

48 4819 83 4888 ln
96 4832 230 4904 pedibus.
246 4832 309 4897 buae
323 4831 498 4903 postmodum
511 4829 693 4897 sanaellceta,
705 4829 868 4885 clericorum
1222 4849 1326 4904 pqppp
1335 4847 1424 4902 qpqp

38 4923 126 4995 ⁸tipe
144 4924 201 4978 buc
215 4937 302 4993 osque
311 4928 490 4977 sustentatur.
509 4922 594 4996 igitur
605 4921 670 4975 dum
686 4919 798 4991 praelato
812 4935 869 4975 mo
1025 4927 1063 4978 De
1076 4923 1208 4977 miraculo
1222 4924 1251 4974 rit
1265 4922 1357 4976 Rbeno
1377 4921 1487 4988 {termine
1500 4921 1620 4988 patrato.

39 5012 226 5068 retentoria
240 5012 406 5068 loeoclerici
434 5028 496 5067 cum
508 5012 623 5086 pignore
650 5027 739 5075 sacro,
753 5011 870 5085 contigit
953 5016 1028 5069 Tunc
1044 5014 1080 5070 ob
1098 5013 1301 5068 infestationem
1311 5012 1512 5086 ilungarorum,
1527 5026 1588 5081 qaue
1603 5006 1729 5078 primitus

36 5103 176 5171 quadarn
194 5116 310 5172 vespera
325 5116 388 5156 cum
403 5102 484 5157 simul
501 5103 665 5170 residerent,
681 5109 710 5157 ut
725 5102 867 5170 eujusdam
919 5118 952 5158 co
968 5110 1092 5172 tempore
1106 5102 1133 5156 in
1149 5101 1202 5157 boc
1218 5111 1368 5157 emerserat
1388 5117 1514 5175 regnum,
1527 5099 1645 5155 coneilio
1659 5097 1729 5150 inito

36 5178 371 5263 hilonisamicibomo,
391 5196 525 5252 ebrietate
554 5195 868 5268 atqueluroresueccn·
918 5192 1043 5247 canonici
1059 5192 1147 5246 sancti
1176 5192 1310 5247 Baldcrici
1332 5192 1533 5245 Rhenumcuru
1550 5187 1728 5243 dominosuo

37 5285 255 5356 tuscoepisset
280 5286 315 5340 ad
344 5302 392 5341 eos
406 5285 510 5354 dicere,
525 5286 593 5358 quid
622 5285 660 5340 ibi
685 5283 818 5351 lacerent,
842 5291 869 5340 ct
918 5290 1099 5339 transmeant.
1128 5284 1194 5338 lude
1226 5284 1346 5356 quadam
1374 5298 1490 5353 rcspcra
1512 5286 1676 5343 remeantes,
1701 5278 1728 5330 in

40 5384 142 5447 quare
158 5378 187 5433 iu
202 5378 297 5433 villam
312 5378 421 5434 llilonis
432 5378 548 5453 ingrcssi
561 5377 679 5434 luissent
689 5377 703 5431 i
714 5377 869 5442 Quibnsre-
919 5371 1041 5427 lluutinis
1055 5371 1148 5427 medie
1164 5388 1261 5426 navem
1280 5371 1362 5441 jactis
1377 5370 1503 5444 defigunt
1518 5368 1656 5424 atrebaris.
1674 5367 1728 5420 lte-

45 5469 265 5538 sspondentibus
292 5470 367 5541 quod
394 5471 483 5526 saneti
522 5467 657 5524 Balderici
680 5482 734 5522 non
761 5465 868 5520 llilouis
919 5463 1201 5535 lictisqucpaneisin
1232 5464 1369 5518 navicum
1393 5479 1471 5518 sacro
1493 5463 1608 5533 pignore
1636 5467 1727 5513 custo·

46 5558 162 5612 eaedem
180 5573 226 5613 res
240 5565 355 5624 essent;
372 5558 476 5630 illoque
505 5556 712 5613 contradicente
726 5556 800 5628 quod
811 5569 880 5628 nou,
919 5554 1011 5620 dibus,
1025 5554 1078 5624 ipsi
1087 5554 1120 5607 ad
1129 5553 1288 5624 praedictam
1305 5568 1435 5621 scapnam
1444 5557 1592 5622 properant
1602 5560 1725 5614 surepos·

53 5637 193 5704 batderici
220 5649 270 5704 scd
300 5646 408 5706 llilonis
425 5649 606 5716 haberentur,
630 5645 865 5705 comminantibus
914 5646 1047 5704 sessionis
1066 5646 1156 5702 villain
1172 5645 1247 5718 isaii.
1271 5643 1446 5714 Wastitiauri.
1462 5636 1723 5709 'lrcsveroquldum
