3840 6106
119 229 169 287 tto
463 289 469 299 ,
662 222 852 278 utoootttut
873 221 1026 279 cauoutct
1046 218 1219 277 REMENSlS.
1730 221 1781 277 {80

118 366 217 431 potens
241 355 289 428 qui
314 352 378 409 lecit
401 366 574 425 quaecunque
593 350 690 417 uoluit,
717 352 827 408 dicente
853 352 926 408 Scri·
937 357 962 424 Α
976 352 1088 407 rodunt.
1105 349 1194 406 Facile
1222 356 1325 417 autem,
1354 349 1501 419 adiuvante
1525 349 1656 417 Domino,
1672 360 1781 422 portare

120 458 200 523 ptura
217 445 332 503 :Omnia
364 458 538 516 quaecunque
567 442 801 498 voluitbominus
820 442 925 499 fecitin
975 439 1085 506 valebo,
1115 439 1181 511 qnia
1205 447 1233 493 et
1262 437 1329 493 mihi
1354 455 1472 510 paucum
1497 446 1625 511 superest
1649 443 1782 512 temporis

121 541 232 598 coeloet
256 539 284 592 in
310 543 392 602 terra,
415 535 444 589 in
471 534 539 590 mari
569 544 597 590 et
623 535 653 589 in
675 534 805 590 omnibns
819 533 927 605 abyssis
976 532 1106 603 spatium,
1138 537 1166 585 et
1191 529 1214 585 si
1238 528 1312 585 inter
1340 528 1413 586 filios
1439 530 1577 599 Ecclesiae,
1603 532 1782 603 permittente

121 633 205 701 (Psoi.
219 629 340 700 cxxxiv).
368 627 400 683 Et
424 627 489 682 item
509 643 515 680 :
534 627 563 681 ln
592 626 733 682 uoluntate
754 633 812 692 tua,
835 625 927 683 bomi·
977 624 1043 690 lieo,
1056 623 1084 676 in
1094 638 1138 677 me
1153 620 1312 692 acceperint
1333 627 1498 692 potestatem
1516 623 1700 695 corporaliter
1713 623 1783 681 aidi·

122 736 167 787 ne,
181 725 281 774 cuncta
303 724 367 772 sunt
392 715 491 787 posita,
521 723 548 770 et
562 728 617 770 non
632 722 674 770 est
700 715 748 786 qui
773 715 858 786 possit
873 721 926 770 tuae
976 715 1072 789 gendi,
1086 714 1180 770 divina
1195 712 1291 789 'gratia
1314 714 1471 783 adjuvante,
1488 716 1660 773 exercebunt
1674 718 1783 790 patien-

123 807 251 863 resistere
282 804 418 861 voluntati
455 803 560 873 (Esther
591 803 650 871 xm)
684 819 691 857 :
717 802 740 856 si
770 802 928 858 decreveris
977 807 1054 863 tiam.
1070 805 1123 860 Sed
1138 803 1190 860 etsi
1213 801 1403 859 tantummodo
1426 804 1496 858 male
1523 805 1673 863 sentiendo
1688 807 1783 863 aduer-

121 898 227 954 salvare
250 912 312 963 nos,
341 894 474 951 continuo
502 893 694 950 liberabimur.
710 893 792 963 uicit,
812 894 885 967 quod
900 903 928 950 et
976 896 1124 958 sabuntur,
1143 893 1312 949 exercebunt
1339 894 1782 967 quantulamcunquescientiam,

122 993 231 1042 ueteres
252 981 491 1038 Praedestinatiani
528 980 667 1045 dixerunt,
693 981 768 1054 quod
793 997 849 1037 non
878 996 928 1053 pro
978 983 1144 1040 ctutetiam
1174 982 1280 1038 inimici
1312 982 1465 1038 secundum
1488 993 1657 1056 praeceptum
1675 986 1781 1042 bomini

123 1073 208 1129 totius
220 1071 316 1126 mundi
328 1069 530 1142 redemptione,
546 1068 573 1123 id
587 1076 629 1124 est
640 1082 689 1139 pro
699 1067 823 1124 omnium
840 1067 929 1124 homi·
979 1073 1130 1145 diligantur
1145 1072 1251 1139 (blatto.
1268 1086 1296 1139 u,
1305 1071 1360 1142 tt),
1370 1071 1538 1128 exercebunt
1549 1073 1782 1130 benevolentiam.

124 1178 191 1217 num
203 1161 291 1216 salute
310 1165 337 1215 et
346 1157 536 1229 redemptione
551 1156 682 1212 [lominus
697 1163 725 1211 et
738 1156 861 1212 Salvator
874 1170 928 1212 no·
980 1163 1125 1219 Ppaefatum
1150 1170 1242 1219 autem
1277 1161 1497 1230 Gothescatcunq
1524 1163 1548 1218 si
1574 1174 1667 1220 vestra
1691 1174 1784 1221 aucto.

124 1264 180 1312 ster
198 1257 278 1311 lesus
301 1254 424 1309 Christus
451 1253 487 1307 sit
510 1249 657 1308 crucifixus
675 1258 703 1306 et
729 1261 863 1318 mortuus,
880 1253 929 1308 sed
980 1255 1046 1311 ritas
1075 1254 1143 1309 mihi
1170 1253 1324 1325 scripserit,
1351 1262 1382 1310 nt
1405 1270 1470 1310 eum
1486 1271 1501 1310 a
1515 1256 1642 1311 custodia
1670 1257 1782 1323 solvam,

126 1354 230 1402 tantum
246 1360 296 1417 pro
316 1345 361 1399 his
384 1344 432 1414 qui
457 1342 608 1398 salvantur.
624 1341 694 1398 uicit
720 1358 832 1415 quoque
848 1343 930 1399 modo
980 1353 1066 1403 etant
1091 1352 1121 1401 ut
1148 1346 1182 1400 ad
1209 1360 1259 1401 vos
1274 1345 1370 1412 eundi,
1396 1354 1426 1402 ut
1451 1361 1564 1418 pervus
1589 1348 1651 1416 ejus
1679 1348 1783 1418 doctri·

126 1437 229 1510 dispari
253 1436 413 1503 traditione,
435 1434 527 1506 separi
554 1448 659 1501 errore,
685 1433 759 1505 quod
778 1440 805 1489 ct
824 1442 932 1489 veteres
981 1454 1043 1493 nam
1057 1436 1250 1509 experiamini,
1276 1445 1324 1493 aut
1351 1437 1385 1493 ad
1409 1453 1606 1513 quemcunque
1621 1456 1654 1496 ex
1674 1442 1786 1497 nomine

127 1529 361 1586 Praedestinatiani
377 1527 664 1597 dixemnt,exponens
683 1525 848 1580 sententiam
864 1540 932 1596 apo·
981 1527 1155 1602 designatum
1170 1527 1303 1601 pergendi
1320 1526 1460 1583 licentiam
1475 1528 1586 1595 donem,
1600 1528 1668 1600 quia
1683 1534 1714 1584 ut
1727 1546 1786 1585 me-

126 1617 384 1675 stoliPetrialium
409 1615 456 1687 qui
486 1613 555 1670 emit
568 1629 627 1681 eos,
657 1613 802 1670 Dominum
826 1629 931 1688 negan—
981 1614 1035 1671 lius
1052 1615 1104 1686 ipsi
1128 1614 1215 1682 scitis,
1237 1614 1308 1670 sicut
1333 1615 1461 1672 absolute
1479 1615 1599 1688 quisque
1624 1615 1787 1690 regulariter

127 1721 169 1767 tes
200 1712 250 1777 (li
276 1712 339 1765 Pctr
382 1708 423 1778 u),
451 1706 593 1778 baptismi,
626 1705 727 1776 inquit,
761 1672 1174 1762 sacramentossordinarinon
1198 1703 1281 1771 valet,
1315 1704 1352 1759 ita
1381 1704 1433 1759 nisi
1461 1719 1494 1759 ex
1520 1703 1608 1775 ipsius
1635 1719 1785 1772 consensu,

126 1798 267 1865 eosemit,
292 1804 454 1852 nontamen
483 1809 534 1866 pro
556 1794 597 1849 eis
624 1809 734 1849 crucem
763 1793 859 1857 subiit,
882 1809 933 1849 ne·
982 1795 1062 1864 cujus
1090 1812 1151 1852 esse
1176 1794 1356 1871 dignoscitur,
1380 1802 1463 1850 certae
1491 1812 1616 1866 personae
1643 1812 1786 1854 commen-

128 1907 183 1962 quc
197 1896 315 1945 mortem
331 1887 454 1960 pertulit,
468 1902 560 1958 neque
585 1885 748 1960 sangninem
763 1884 844 1941 iudit.
856 1885 934 1951 Quod
983 1883 1145 1951 dandus,et
1172 1884 1205 1939 ad
1232 1892 1337 1939 certum
1358 1885 1447 1940 locum
1463 1886 1625 1951 monachus,
1655 1888 1789 1960 x'olquis-

128 1987 220 2035 autern
233 1976 363 2049 baptismi
397 1976 539 2047 perceptio
565 1974 721 2046 redemptio
746 1983 933 2045 nuncupatur,
985 1992 1039 2049 que
1072 1975 1123 2032 snb
1148 1974 1243 2050 regula
1271 1975 1444 2042 constitutus,
1475 1992 1491 2031 a
1522 1976 1583 2032 loco
1612 1992 1664 2033 suo
1688 1976 1790 2034 absolvi

129 2069 226 2125 doctor
249 2066 375 2141 gentium
413 2062 558 2119 manifeste
585 2061 706 2119 latetur:
724 2061 813 2118 Nolite
832 2063 935 2118 contri·
982 2071 1059 2141 juxta
1075 2071 1184 2145 regulas
1207 2086 1300 2126 sacras
1323 2087 1380 2127 non
1394 2070 1478 2138 valet,
1503 2069 1602 2125 restris
1617 2069 1791 2140 jussionibus

128 2170 211 2224 stare,
227 2157 328 2229 inquit,
343 2156 475 2228 Spiritum
499 2163 624 2210 sanctum
647 2154 707 2220 Dei,
723 2154 751 2208 in
764 2168 820 2225 quo
835 2154 935 2227 signati
986 2162 1061 2217 nullo
1075 2160 1158 2217 modo
1170 2160 1319 2217 resultabo.
1333 2162 1447 2217 Tantum
1470 2169 1499 2217 ut
1531 2160 1726 2218 auctoritatem
1742 2177 1790 2217 ve-

130 2250 234 2307 estisin
257 2250 303 2304 die
332 2247 532 2318 redemptionis
556 2246 667 2317 (Epiros.
695 2251 739 2311 ιι).
767 2246 799 2301 at
813 2245 860 2300 iila
874 2262 935 2318 quae
985 2259 1067 2306 stram
1080 2248 1206 2315 trabeam,
1226 2265 1262 2305 ne
1286 2257 1423 2305 tantomm
1450 2250 1643 2321 episcoporum
1656 2248 1791 2318 iudicium

130 2341 241 2414 propria
266 2349 294 2396 ct
325 2338 456 2412 specialis
481 2345 524 2393 est
550 2339 672 2393 solorum
692 2337 817 2393 omniurn
831 2336 937 2394 electo·
987 2341 1275 2412 meapraesumptione
1302 2341 1620 2412 parvipenderevidear.
1644 2341 1704 2398 Non
1718 2342 1791 2396 enim

130 2447 202 2497 rum,
239 2444 321 2502 quam
345 2427 386 2484 eis
408 2426 599 2483 tantummodo
636 2422 785 2480 crucifixus
811 2421 936 2494 imperti·
986 2429 1059 2485 illius
1083 2428 1216 2496 delector,
1240 2445 1321 2500 quarn
1362 2429 1437 2499 juste
1465 2429 1581 2485 sustinet
1613 2430 1793 2501 pertinaciter

130 2519 171 2580 v'tt
199 2522 263 2594 pius
285 2521 455 2592 Redemptor
491 2519 626 2591 ipsorum,
656 2517 728 2573 siout
761 2532 777 2570 a
810 2515 937 2586 praeteri·
986 2529 1145 2588 contumax,
1161 2522 1405 2593 quantulacunque
1418 2521 1581 2577 reclusionis
1593 2522 1734 2590 molestia,
1744 2522 1792 2577 sed

129 2616 173 2683 tis,
187 2616 225 2670 ita
237 2613 367 2669 nimirum
393 2621 420 2667 et
450 2627 465 2665 a
489 2607 676 2681 praesentibus
705 2615 794 2674 natos,
826 2614 853 2662 et
882 2622 935 2661 na·
987 2610 1166 2682 doteoaqua
1192 2610 1315 2665 revocari
1343 2617 1504 2680 nonpotest
1534 2609 1688 2681 perfidiam.
1706 2611 1792 2677 Quem

129 2704 258 2766 scituros,
286 2702 364 2757 vivos
383 2706 411 2754 et
439 2705 575 2760 mortuos,
599 2697 728 2753 uidelicet
755 2712 852 2752 omnes
884 2711 936 2767 pa·
987 2702 1010 2757 si
1024 2703 1180 2774 cuicunque
1208 2702 1458 2759 commendandum
1482 2703 1737 2760 vestraauctoritas
1755 2704 1794 2758 ri-

131 2796 197 2850 riter
220 2795 322 2850 electos
348 2792 487 2859 redemit,
521 2790 613 2856 eruit,
637 2788 781 2861 abluitque
807 2788 935 2860 peccatis.
988 2791 1071 2860 derit,
1082 2792 1133 2848 hoc
1154 2792 1182 2845 in
1209 2792 1451 2849 commendatione
1472 2793 1554 2848 etiam
1583 2793 1753 2864 providebit,
1765 2800 1795 2848 ut

130 2882 186 2954 ipsi
217 2896 340 2952 prorsus,
370 2880 423 2952 ipsi
446 2887 511 2935 sunt
527 2877 658 2946 mundus,
688 2891 736 2946 pro
762 2893 817 2948 quo
842 2892 939 2948 passus
988 2881 1033 2936 cni
1057 2881 1296 2938 commendabitur
1326 2882 1477 2938 catholicus
1502 2883 1547 2947 sit,
1576 2890 1604 2938 et
1631 2882 1794 2953 gravitatem

131 2982 172 3030 est
206 2973 363 3041 Dominus,
391 2980 421 3028 ut
440 2972 500 3044 ipsc
532 2972 602 3027 dixit
629 2989 635 3026 ι
666 2974 748 3029 Panis
781 2989 858 3043 quem
890 2985 937 3040 eqo
988 2972 1239 3029 ecclesiasticemet
1262 2973 1384 3047 vigorem
1408 2990 1441 3029 ac
1472 2973 1673 3044 Scripturarum
1703 2974 1795 3030 scien·

118 3067 235 3134 'dedere
262 3079 324 3120 coro
351 3080 411 3120 mea
438 3069 477 3120 est
501 3080 552 3134 pro
574 3065 672 3119 mundi
696 3067 754 3120 uilo
778 3066 867 3132 (loco.
897 3042 969 3131 an
984 3061 1049 3116 tiam
1074 3061 1186 3130 habeat,
1201 3063 1268 3135 quia
1292 3079 1347 3119 non
1361 3064 1451 3120 solum
1479 3064 1633 3134 Scripturas
1662 3063 1697 3118 ad
1713 3079 1792 3119 suum

130 3155 188 3226 52).
217 3155 248 3210 Et
273 3153 340 3210 item
368 3152 434 3209 alibi
464 3153 538 3209 idem
581 3152 777 3209 Gothescalcus
802 3153 900 3209 scribit
926 3170 933 3206 ι
984 3170 1096 3210 sensum
1111 3155 1248 3212 violenter
1263 3156 1388 3227 inflexas,
1403 3158 1452 3213 sed
1467 3166 1495 3212 et
1505 3157 1705 3213 catholicorum
1723 3156 1793 3213 dicta

131 3245 416 3318 Absitproculamc,
442 3252 472 3300 ut
502 3244 545 3299 vel
571 3244 640 3298 illud
662 3243 935 3300 solummodorelim
985 3249 1146 3305 detruncata
1165 3265 1215 3320 per
1244 3256 1330 3306 totum
1360 3250 1433 3306 diem
1461 3251 1522 3306 sine
1546 3249 1730 3321 respiratione
1744 3249 1795 3305 ali·

131 3338 281 3403 somniare,
306 3337 408 3393 nedum
424 3335 509 3391 semel
523 3351 680 3402 susurrare,
696 3344 726 3391 ut
738 3336 824 3391 nilum
839 3351 934 3391 eorum
985 3355 1040 3411 qua
1059 3337 1189 3410 prevalet
1216 3338 1376 3395 memoriter
1401 3339 1549 3396 decantare
1576 3339 1654 3395 Unde
1675 3354 1732 3395 non
1748 3354 1794 3395 so·

131 3426 331 3498 perpetualiter
344 3441 438 3481 secum
454 3424 608 3495 periturum
628 3425 759 3497 antiquus
775 3441 870 3497 rapere
883 3441 934 3480 va·
985 3428 1041 3484 lum
1057 3427 1156 3484 idiotas
1175 3429 1206 3484 iu
1231 3428 1443 3485 admirationem
1468 3430 1509 3485 sui
1531 3428 1679 3492 abducere,
1698 3446 1793 3486 rernm

130 3519 185 3574 leat
197 3518 307 3592 anguis,
330 3533 379 3588 pro
405 3515 507 3588 quibus
533 3516 702 3571 redimendis
731 3523 784 3572 tam
797 3516 937 3587 pretiosus
985 3518 1127 3574 etsciolos
1156 3523 1183 3572 et
1211 3517 1336 3574 incautos
1359 3525 1443 3589 atque
1467 3516 1556 3573 zelum
1584 3517 1644 3587 Dei,
1669 3522 1793 3580 sednon

132 3606 271 3662 bcoPatri
299 3606 408 3663 bomini
436 3606 483 3661 bei
513 3606 601 3662 nostri
626 3605 686 3660 lilii
715 3606 769 3671 sni,
795 3605 872 3660 susus
895 3613 937 3661 cst
984 3606 1136 3663 secundum
1167 3607 1310 3662 scientiam
1336 3606 1471 3662 habentes
1485 3610 1569 3679 tuom.
1590 3628 1617 3678 x,
1632 3612 1671 3679 2),
1689 3613 1794 3668 insen·

130 3700 254 3776 sanguis.
271 3701 367 3754 amen.
396 3699 428 3755 ttt
455 3699 521 3754 item
534 3697 652 3770 loquens
671 3698 705 3753 ad
721 3698 806 3753 Deum
825 3696 936 3753 :Claret
986 3701 1098 3756 tentiam
1123 3716 1200 3755 suam
1230 3701 1328 3756 solitus
1342 3707 1401 3755 erat
1416 3701 1571 3758 traducere.
1589 3703 1685 3760 Etnou
1703 3707 1791 3762 solum

130 3793 223 3866 itaque
242 3793 309 3848 satis
332 3799 439 3864 aperte,
461 3791 536 3862 quod
562 3790 653 3847 nullus
681 3790 730 3846 tibi
754 3790 836 3863 perit,
857 3789 936 3861 qnis-
985 3795 1253 3850 doctorumsuorum
1270 3796 1366 3851 doctor
1389 3794 1476 3849 videri
1500 3797 1615 3867 appetit,
1630 3796 1722 3855 sedet
1742 3801 1793 3855 boc

129 3883 192 3954 quis
202 3883 363 3953 redemptus
372 3890 414 3937 est
433 3897 484 3953 pet
498 3881 662 3957 sanguinem
678 3879 768 3936 erucis
780 3886 844 3935 luae·
985 3888 1102 3943 solerter
1115 3887 1183 3941 satis
1208 3886 1336 3953 intendit,
1364 3893 1394 3941 ut
1420 3902 1513 3942 secum
1543 3888 1691 3959 loquentes
1706 3891 1749 3945 vel
1766 3889 1792 3946 in

165 3971 242 4037 Quod
262 3969 501 4028 Praedestinatiani
519 3977 628 4025 ueteres
657 3983 712 4024 non
726 3968 867 4035 dixerunt,
884 3967 935 4023 istc
985 3990 1113 4031 sermone
1135 3990 1234 4045 capere
1257 3975 1355 4029 valeat.
1373 3974 1404 4030 Et
1424 3975 1498 4030 side
1527 3977 1642 4031 ver-tuate
1669 3993 1728 4034 110„
1743 3994 1794 4051 po.

129 4069 159 4118 nt
174 4063 318 4129 audacius,
341 4060 613 4132 iiaeiiterssissiffiius
626 4059 703 4126 dicii,
725 4059 854 4115 deitatem
870 4076 935 4114 ⁸³¹¹·
985 4067 1057 4135 terit,
1074 4067 1272 4124 inuincibiliter
1300 4068 1480 4124 sacramentis
1509 4068 1648 4126 affirmare
1672 4071 1790 4137 curabit,

129 4151 327 4206 ctarTrinitatis
351 4151 448 4205 trinam
474 4164 546 4204 csse.
577 4148 645 4202 Sunt
671 4146 775 4215 etalio,
798 4148 934 4218 quaeipse
984 4169 1119 4211 easecum
1148 4156 1295 4227 loquentes
1322 4157 1434 4225 dixisse,
1476 4174 1537 4230 quae
1567 4158 1635 4215 forte
1663 4176 1719 4216 non
1747 4161 1791 4216 di·

128 4238 212 4293 otalii
228 4238 323 4310 plures
347 4237 376 4291 in
398 4237 459 4292 istis
484 4235 611 4307 partibus
636 4235 741 4303 dicunt,
769 4252 830 4307 quae
853 4237 934 4293 uobis
984 4253 1133 4310 xcrant,ut
1158 4247 1216 4317 ipse
1245 4265 1336 4316 verax,
1365 4250 1433 4305 etei
1453 4251 1500 4321 qui
1532 4250 1569 4304 illi
1596 4253 1792 4309 contradicunt

127 4343 201 4382 8³1¹ae
216 4324 281 4381 fidei
301 4326 440 4381 adversati
468 4324 606 4390 videnlur.
623 4340 684 4397 (111ae
706 4325 835 4396 damper
850 4326 932 4381 alium
984 4333 1138 4404 probentur
1151 4351 1213 4391 esse
1227 4338 1386 4405 mendaces,
1402 4346 1430 4394 et
1444 4339 1578 4395 aduersus
1592 4355 1670 4395 suam
1685 4341 1790 4398 doctri·

128 4433 210 4489 quam
233 4433 283 4489 per
310 4417 457 4473 utilitatem
487 4432 558 4472 meae
577 4433 702 4488 personae
730 4407 1048 4480 auctoritasrc·Dnam
1065 4426 1207 4484 docentes.

127 4517 183 4565 stra
197 4510 367 4584 cognoverit,
398 4508 468 4567 torte
496 4510 621 4565 attendet
644 4510 785 4580 solertius,
816 4519 844 4568 et
872 4529 934 4586 quae
1304 4500 1409 4556 CAPUT
1427 4501 1470 4556 XV

127 4602 192 4659 inde
208 4605 328 4659 tenenda
348 4610 413 4659 sunt
432 4604 531 4660 docere
544 4603 668 4659 studebit
686 4605 861 4675 quantocius.
877 4606 933 4662 Erit
1018 4589 1139 4644 Delibl'l'i
1150 4591 1404 4660 quosidempraesul
1419 4592 1584 4647 mummi
1595 4596 1753 4663 ⁰0mP⁰⁸1¹5b

126 4696 237 4752 enimin
248 4696 372 4770 proximo
403 4696 467 4752 inde
488 4696 737 4768 necessitas3quia
762 4697 931 4754 etsieomm
1018 4696 1132 4769 Scripsit
1154 4697 1365 4769 etiampraeiato
1392 4715 1469 4770 papae
1491 4700 1603 4757 Nicolao
1637 4699 1703 4758 iidei
1732 4719 1789 4758 suae

125 4786 208 4842 corda
222 4786 249 4840 in
275 4784 383 4840 insania
410 4784 533 4856 perversi
547 4800 645 4841 sensus
669 4785 818 4853 ebulliunt,
834 4789 932 4843 ortho-
981 4786 1171 4857 depromendo
1187 4796 1322 4854 tenorem,
1339 4796 1367 4842 et
1381 4803 1459 4843 suam
1472 4796 1568 4844 contra
1582 4791 1791 4860 praeclatius

126 4877 188 4933 doxi
204 4884 298 4934 tamen
318 4876 391 4950 regis
419 4877 507 4933 nostri
529 4884 664 4947 tempore,
682 4893 775 4948 praua,
792 4895 931 4950 quaesen-
981 4879 1109 4934 thesealci
1125 4896 1256 4950 ermrem,
1272 4899 1355 4955 quam
1376 4882 1441 4938 lidei
1468 4883 1609 4939 catholicae
1630 4883 1792 4955 dependere

125 4967 208 5035 liunt,
229 4966 322 5039 eloqui
350 4982 405 5022 non
438 4974 609 5039 praesumunt
632 4968 930 5040 itautapertevidea-
980 4973 1132 5046 satagebat,
1166 4976 1369 5032 defensionem.
1399 4976 1514 5047 Scripsit
1542 4975 1790 5046 praetereamulta.

125 5072 186 5111 mus
205 5055 312 5127 impleri
338 5055 413 5127 qnod
437 5056 568 5126 scriptum
597 5064 658 5111 est:
674 5058 845 5125 Conpreqoas
861 5061 931 5116 sicut
981 5061 1219 5135 Libramquoque
1241 5066 1387 5120 collectum
1418 5080 1450 5119 ex
1466 5065 1683 5121 orthodoxorum
1711 5063 1793 5120 dictis

123 5146 306 5217 inutrelms„
325 5145 433 5217 utrem]
449 5147 725 5216 aquaemorisiPsol.
743 5148 835 5217 xxxu).
852 5149 928 5220 Aqua
980 5152 1088 5209 Petrum
1104 5155 1138 5209 ad
1154 5152 1225 5210 filios
1250 5154 1377 5210 Ecclesiae
1393 5170 1459 5221 suae,
1479 5154 1554 5225 quod
1583 5153 1684 5208 divinae
1698 5154 1789 5211 Trini-

124 5237 198 5292 euim
227 5238 310 5293 maris
342 5237 413 5292 sicut
446 5236 474 5291 in
496 5243 557 5293 utre
579 5245 745 5314 congregata
773 5246 837 5294 cst:
863 5241 928 5311 quia
977 5242 1041 5297 tatis
1056 5242 1145 5298 deitas
1160 5243 1230 5298 trina
1256 5258 1312 5298 non
1332 5243 1368 5298 sit
1387 5242 1516 5311 dicenda,
1541 5258 1603 5297 curn
1632 5242 1668 5298 sit
1698 5243 1786 5315 ipsius

122 5344 214 5384 amara
222 5327 540 5384 haereticorumscientia
548 5327 685 5401 quidquid
695 5329 815 5385 hodiein
828 5330 879 5385 isto
887 5346 927 5386 re·
978 5346 1091 5385 summae
1102 5330 1241 5386 Trinitatis
1255 5331 1357 5398 unitas,
1381 5331 1416 5386 ad
1443 5330 1610 5387 refellendas
1620 5347 1787 5402 praememo-

120 5419 926 5495 gnosiliircstridomnillaroliprauumscntit;inpect0ra
977 5423 1027 5477 rati
1051 5423 1221 5479 Gotltescalci
1251 5422 1439 5496 blasphemias
1463 5442 1471 5490 ;
1500 5424 1565 5479 item
1592 5423 1627 5477 ad
1656 5423 1784 5480 llarolum

120 5513 287 5585 comprimit,
315 5518 343 5567 ct
357 5520 452 5583 aperte
475 5511 569 5566 dicere
593 5524 648 5566 non
672 5512 823 5583 praesumit.
838 5513 923 5569 licam
976 5529 1069 5587 rogem
1091 5513 1241 5584 superbae
1266 5515 1363 5570 eadem
1389 5531 1417 5570 re
1433 5514 1532 5570 librum
1560 5529 1656 5568 unum.
1671 5513 1785 5585 Scripsit

118 5619 229 5677 quoque
239 5602 418 5681 exiguitatem
444 5610 472 5660 et
499 5604 606 5662 occulte
629 5603 730 5662 canino
757 5604 841 5662 dente
861 5620 922 5663 cor·
973 5614 1001 5661 et
1015 5604 1050 5661 ad
1064 5605 1192 5663 eumdem
1208 5606 1334 5665 llarolum
1350 5623 1443 5683 regern
1462 5623 1533 5680 opus
1547 5606 1688 5679 quoddam
1703 5621 1783 5682 egre-
