3848 6106
79 287 128 343 tat
383 283 426 339 hh
444 281 574 341 cuutstt
592 283 772 341 tuthsttttts
791 285 877 342 acub
896 284 1031 341 ttattth
1050 283 1140 341 tthltt
1158 283 1224 340 xlv.
1245 313 1276 358 ·.·
1298 284 1361 340 tlh,
1382 283 1438 341 vlt.
1697 285 1750 342 72⁴.)

77 412 226 465 formento
242 408 367 483 erigitur.
383 423 440 480 quo
459 407 580 464 carmine
597 415 671 464 tauta
686 418 798 482 rogatur
900 410 987 482 AQui
1001 411 1066 466 dum
1078 409 1381 482 scitacapitcmdisque
1396 411 1488 467 edicta
1499 410 1611 467 litandae

76 501 140 555 Tam
156 500 216 554 dira
228 506 289 554 acta
301 498 390 567 dedit,
405 497 483 554 divos
498 514 552 570 qua
562 497 659 554 fraudo
674 498 787 574 refregit
939 504 1041 559 Obvius
1055 502 1160 559 addicit
1172 509 1329 574 promptum
1344 518 1374 558 se
1388 502 1422 558 ad
1434 520 1520 574 regna
1532 506 1638 560 tenenti

79 613 93 643 a
108 593 167 647 Non
183 591 336 657 malefacta,
350 590 450 663 inquit,
466 598 540 658 sunt,
562 599 590 646 at
604 590 675 646 hene
686 590 756 647 facta
766 593 887 649 tonantis
938 592 1021 649 Odert
1032 594 1116 651 exitio
1130 592 1465 664 currensapprehendcre
1485 594 1602 664 palmam
1620 612 1627 650 :

77 681 138 735 Non
152 679 312 735 lraecfraude
325 679 418 754 vigent
428 677 495 751 quin
509 679 589 734 laude
603 679 883 753 heiomnipoteutisa
937 685 1061 755 -Atque
1075 698 1138 757 ego,
1159 682 1325 754 proclamat,
1339 680 1394 756 legi
1409 682 1565 737 summittar
1577 683 1669 738 eidem

77 770 183 826 Censor
198 771 263 826 item
280 771 352 843 legat
365 768 499 824 vertenda
513 767 548 824 ad
561 766 625 825 fana
638 770 747 824 beatum
763 788 770 825 ·.
938 777 995 842 Qua
1012 776 1082 832 nitet
1097 775 1142 831 hic
1160 775 1265 841 senior,
1275 774 1478 846 hominumque
1491 776 1582 846 ipsum
1596 777 1657 832 colo
1669 776 1746 832 Chri·

78 865 110 917 At
122 876 158 916 ne
172 861 243 917 forte
254 859 315 917 solo
327 858 409 915 solito
422 875 500 916 sacra
515 859 591 915 arida
600 866 691 934 cogat,
1038 870 1043 888 ·
1593 867 1709 938 [atums

75 957 142 1017 lluae
154 949 234 1005 viridi
250 949 323 1024 vigel
335 949 471 1004 mislesss
487 949 578 1005 radice
591 948 704 1013 8300110.
939 959 985 1014 llis
1000 958 1106 1031 rapitur
1120 957 1201 1015 dietis
1216 964 1244 1014 et
1258 964 1353 1014 sancta
1363 973 1414 1029 per
1423 959 1518 1014 oscula
1528 959 1640 1024 iunctus

74 1044 187 1098 Arboris
199 1042 319 1098 orandas
334 1039 448 1097 frondes
458 1048 485 1097 et
501 1039 600 1097 robora
615 1038 737 1096 mandat.
931 1048 1029 1104 Felicis
1043 1047 1122 1119 parili
1134 1048 1242 1103 meritis
1257 1046 1311 1103 snb
1330 1047 1554 1119 stragejngatnr,

72 1136 123 1189 ΙΙΙο
138 1150 233 1205 preces
245 1131 332 1189 effusa
345 1141 441 1190 censet
456 1133 588 1189 radicitus
602 1133 683 1189 arbos
932 1141 963 1195 fit
977 1137 1058 1192 simul
1079 1145 1206 1193 exsectus
1216 1138 1349 1192 coetorum
1364 1135 1400 1191 ad
1419 1135 1520 1207 gaudia
1534 1137 1622 1208 surgit
1638 1156 1646 1202 ;

71 1224 187 1279 Corrnat
202 1233 329 1280 evertens
347 1223 430 1298 longo
444 1230 522 1280 sacra
536 1230 663 1295 tempore
678 1230 761 1291 tecta,
934 1229 1019 1296 liuius
1030 1233 1092 1299 post
1102 1241 1204 1282 nomen
1220 1227 1285 1298 quia
1299 1225 1442 1281 nescivere
1461 1226 1579 1282 minoris

69 1317 195 1387 Amplius
210 1318 254 1372 hic
267 1317 347 1372 vanis
361 1332 397 1372 ne
412 1314 587 1387 decipiantur
601 1317 709 1382 inanes,
932 1317 971 1373 Ob
986 1316 1072 1372 decus
1084 1316 1179 1371 infusae
1194 1316 1314 1372 vocitant
1329 1315 1436 1371 virtutis
1451 1316 1612 1372 Adsuetum.

71 1406 130 1460 lma
145 1413 243 1476 petens
256 1405 341 1461 robur
354 1415 441 1477 paret,
456 1413 594 1477 praecepta
603 1404 725 1474 facessit,
931 1408 1060 1481 Aggressi
1077 1408 1157 1463 tacita
1169 1407 1238 1477 justi
1250 1407 1304 1462 suh
1319 1416 1402 1464 noete
1414 1408 1539 1464 lahorem

71 1498 157 1553 Obvia
173 1497 237 1553 fana
251 1499 314 1554 terit
327 1497 454 1571 quatiens
469 1507 609 1570 vastaque
628 1499 793 1572 premitque,
932 1500 990 1565 Qua
1005 1508 1110 1556 vastum
1125 1501 1257 1558 convulsa
1272 1500 1363 1555 sinum
1379 1500 1548 1570 patefecerat
1560 1501 1643 1557 arbos

72 1591 162 1662 Atque
175 1590 331 1646 minutatim
347 1606 483 1664 spargens
497 1591 613 1661 protrita
629 1590 747 1657 revellit,
935 1587 1054 1659 Corpora
1067 1590 1182 1645 humant
1194 1589 1372 1662 conduntque
1389 1589 1425 1659 pii
1442 1589 1541 1644 tellure
1554 1589 1686 1662 triumphi
1706 1607 1714 1656 ;

68 1685 204 1760 Cognitor
218 1685 276 1739 hae
286 1699 400 1739 sumens
410 1683 491 1752 jubet
507 1685 581 1738 huuc
597 1685 684 1741 ultore
700 1684 788 1740 subiri
933 1680 1090 1736 labescens
1102 1680 1188 1736 livore
1204 1681 1284 1756 nigro
1298 1697 1397 1737 manus
1412 1680 1539 1751 improba
1554 1687 1640 1736 tentat

69 1775 153 1840 Ense,
169 1774 289 1846 ferisque
302 1772 373 1840 dari,
389 1771 618 1842 communiajura
634 1775 738 1846 negari.
898 1734 1041 1825 Bfellere
1057 1770 1182 1841 deposita
1197 1769 1300 1844 insigni
1315 1771 1349 1825 de
1366 1786 1430 1824 rure
1444 1769 1558 1836 talenta,

67 1863 308 1919 Tramitodecreto
321 1871 421 1918 metam
438 1862 589 1919 scandebat
608 1863 706 1937 agonis
934 1862 1040 1934 Quique
1050 1871 1133 1918 ruunt
1147 1861 1225 1933 operi
1248 1860 1327 1918 furiis
1347 1867 1489 1931 raptantur
1502 1860 1600 1914 Averni

72 1954 164 2008 tatus
180 1960 207 2008 et
218 1952 376 2009 accelerans
389 1958 467 2024 parta
480 1952 602 2026 gaudere
615 1968 719 2008 corona
932 1951 1068 2025 Tempore
1082 1969 1137 2025 qua
1150 1953 1226 2025 pacis
1241 1953 1372 2009 fabricata
1386 1951 1514 2008 educitur
1529 1952 1593 2006 aula

69 2049 102 2100 At
116 2046 206 2123 magis
220 2053 250 2101 nt
264 2043 349 2101 niteat
363 2045 468 2102 socium
484 2044 557 2100 bens
569 2043 689 2116 applicat
699 2054 809 2111 auctum
933 2050 1079 2121 Martyrum
1094 2056 1121 2103 et
1136 2047 1237 2104 illustri
1257 2050 1388 2120 praeeulta
1407 2054 1510 2120 tropaea
1525 2048 1618 2104 nitela.

827 2193 932 2250 CAPUT
956 2194 988 2248 Χ.

608 2313 647 2372 he
661 2323 764 2373 sancto
778 2314 971 2390 Cin-propono
990 2323 1016 2373 et
1031 2315 1203 2374 alnostasio.

69 2453 278 2527 Chrysogonum
293 2451 321 2506 in
332 2450 431 2506 vinclis
441 2451 583 2506 Anasusta
598 2450 707 2507 fovebat
936 2453 967 2508 Et
981 2452 1038 2509 fera
1051 2453 1178 2529 belligeri
1190 2453 1267 2510 fauce
1284 2454 1367 2511 incita
1382 2454 1468 2510 dabra
1478 2456 1607 2512 draeonls

71 2542 200 2597 Pluribus
216 2543 274 2596 haec
287 2539 369 2595 etiam
383 2539 479 2595 solatia
492 2541 570 2611 plura
586 2539 711 2604 ferebat;
936 2546 994 2601 Uno
1009 2547 1139 2617 praecepti
1155 2547 1287 2618 reprimet
1306 2563 1433 2604 sermone
1444 2549 1536 2604 relisa.

74 2637 140 2690 h'am
156 2635 200 2689 vir
214 2634 258 2689 hic
272 2650 417 2690 asservans
431 2649 520 2689 annos
533 2634 670 2709 ergastula
680 2633 763 2689 binos
935 2636 1016 2712 Ergo,
1031 2636 1115 2691 maris
1127 2637 1202 2692 velut
1218 2638 1245 2691 iu
1261 2636 1365 2704 medio,
1377 2638 1513 2708 patienter
1525 2639 1642 2694 adorans

68 2725 193 2780 Plurima
209 2723 370 2794 perpetitur,
385 2723 482 2779 Christi
493 2722 547 2778 suh
561 2723 684 2789 nomine,
695 2727 791 2779 victor.
934 2728 1052 2799 Expecta
1071 2729 1218 2785 bominum
1238 2745 1299 2785 cum
1316 2737 1410 2785 sancto
1425 2739 1518 2786 mente
1533 2734 1679 2802 propheta,

67 2819 189 2888 tnsnper
204 2826 232 2871 et
246 2813 343 2871 Rufum
359 2815 503 2870 custodem
515 2814 634 2887 acquirit
647 2824 674 2871 ct
688 2815 748 2884 ejus
932 2817 1108 2873 Proclamaus
1124 2836 1131 2873 z
1147 2819 1214 2891 quid
1227 2834 1272 2874 me
1290 2819 1404 2875 turbans
1418 2819 1509 2874 anima
1526 2836 1597 2894 aegra
1619 2822 1716 2891 fatigas
1729 2824 1743 2876 l

65 2917 191 2983 Quaeque
205 2916 314 2981 reperta
329 2909 460 2965 clientela
475 2917 517 2964 est
536 2923 646 2964 servare
667 2917 791 2979 penates,
933 2909 998 2965 fide
1010 2917 1056 2966 tuo
1070 2911 1096 2965 in
1112 2912 1240 2979 homino,
1257 2927 1358 2983 nempe
1384 2911 1474 2983 ipsum
1498 2928 1594 2982 pressa
1610 2913 1718 2969 fatebor
1733 2933 1739 2970 :

65 3004 133 3058 Cum
154 3019 211 3075 qua
230 2994 411 3058 vincit'ovans
438 3000 572 3058 Dominus
591 3001 743 3057 ceramina
763 3007 878 3057 nractus.
932 3001 993 3073 lpse
1009 3003 1062 3058 mni
1079 3005 1212 3075 praeclara
1227 3004 1311 3072 salus,
1324 3004 1448 3078 etgloria
1462 3004 1563 3059 vultus.

63 3091 240 3147 Anastasiam
252 3091 363 3161 conjux,
378 3107 414 3147 ue
429 3091 548 3148 invisere
562 3091 650 3162 possit
930 3091 1051 3148 Muneris
1068 3093 1182 3148 aetherei
1196 3092 1340 3167 geminum
1352 3092 1547 3162 amplexabere
1560 3092 1663 3148 donum
1681 3112 1688 3149 :

62 3184 231 3242 Carcerihus
244 3185 349 3256 positos
363 3199 433 3256 quos
459 3184 557 3240 Christi
572 3191 602 3239 ut
617 3183 741 3239 membra
756 3184 876 3249 colebat,
930 3183 995 3237 Cum
1011 3182 1061 3237 tihi
1072 3180 1222 3237 reddentur
1241 3190 1359 3246 terrena,
1375 3197 1496 3252 superna
1514 3180 1653 3248 ferentur;

64 3275 199 3330 obscuris
212 3275 298 3329 solam
313 3274 439 3339 injiciens
446 3273 634 3345 penetralibus
646 3273 732 3329 abdit.
931 3276 1053 3347 Namque
1069 3274 1132 3330 ideo
1148 3273 1280 3330 honrinus
1295 3275 1408 3348 longum
1435 3274 1509 3330 bona
1530 3276 1663 3343 protrahit
1677 3277 1745 3338 alta,

64 3363 202 3419 f‘raeclara
218 3363 275 3418 haec
286 3371 348 3418 ortu
363 3362 476 3428 celebri,
492 3361 649 3433 preclarior
663 3368 737 3429 actu,
931 3364 969 3419 lle
984 3362 1083 3418 sitvile
1094 3363 1169 3434 quod
1180 3362 1311 3434 impertit,
1326 3363 1380 3417 cita
1396 3377 1449 3417 neu
1465 3364 1528 3417 data
1543 3364 1663 3437 migrent
1680 3383 1687 3430 ;

66 3458 145 3513 Sava·
166 3455 278 3512 addicta
290 3457 362 3524 viro,
378 3455 449 3513 uotis
463 3463 491 3513 at
504 3457 596 3512 dedita
610 3456 727 3524 Christo,
931 3456 986 3511 Nec
997 3454 1119 3519 turbere,
1130 3455 1183 3526 piis
1196 3454 1272 3527 quod
1291 3453 1431 3525 quondam
1445 3455 1563 3508 adversa
1576 3465 1739 3526 sequautur,

66 3550 157 3606 lfaeret
169 3555 264 3605 mente
279 3549 343 3622 piis,
357 3550 439 3607 caecis
448 3550 563 3607 obsessa
577 3550 700 3607 latebris.
932 3548 978 3602 llis
992 3547 1122 3619 equidem
1132 3561 1224 3618 neque
1235 3545 1376 3617 deciperis
1390 3545 1457 3617 quin
1474 3543 1527 3599 lixa
1542 3547 1678 3614 probaris.

69 3639 246 3717 Chrysogono
260 3641 309 3698 sed
324 3657 379 3698 unu
392 3644 489 3717 gemla
507 3643 553 3715 pia
567 3651 718 3716 grammata
738 3645 844 3719 legans,
933 3639 1007 3694 llaud
1023 3639 1072 3695 tibi
1095 3655 1144 3710 pier
1158 3638 1300 3695 homiuem
1317 3646 1425 3694 constat
1439 3638 1566 3695 defensio
1582 3646 1661 3694 tuta:

75 3727 167 3801 Signat
179 3729 220 3785 uti
235 3745 345 3801 paruam
362 3731 465 3787 sacrari
480 3732 607 3803 prestitit
623 3733 705 3788 undis
894 3711 996 3786 Citam
1013 3731 1177 3786 maledictus
1188 3731 1271 3786 homo
1287 3728 1468 3785 inhominem
1484 3746 1561 3801 spem
1575 3746 1680 3800 ponere
1696 3730 1742 3786 ni-

75 3814 155 3873 haten
169 3834 243 3883 eam,
260 3817 395 3891 divaque
406 3820 552 3894 relligione
566 3822 681 3878 nitebat>
1624 3824 1707 3895 heus,

79 3907 149 3979 Cujus
165 3922 230 3984 post
244 3915 369 3987 requiem
384 3915 462 3971 infidi
470 3918 537 3989 juga
550 3915 610 3971 dira
624 3917 713 3974 mariti
931 3913 962 3969 Et
981 3911 1144 3969 benedictus
1171 3911 1255 3967 homo
1278 3909 1307 3965 in
1323 3909 1438 3967 homino
1460 3925 1537 3980 spem
1560 3911 1643 3986 ligere
1671 3930 1741 3984 gau-

80 3998 235 4075 Sumpserit,
253 4010 281 4059 et
295 4020 383 4060 nexus
396 4005 522 4062 morbum
536 4006 649 4062 mentita
663 4008 772 4074 refutet,
1617 4005 1705 4076 [tiens.

80 4087 152 4150 Nocte
165 4093 215 4150 die
224 4094 332 4150 bomini
346 4094 506 4166 amplexans
519 4096 637 4171 vestigia
649 4096 714 4152 lesu
731 4114 739 4161 3
933 4097 1057 4169 Denique
1071 4102 1169 4153 cuncta
1180 4109 1247 4152 cave
1260 4095 1338 4170 vigili
1349 4092 1508 4167 peccamina
1523 4101 1627 4151 mente.

78 4176 191 4239 hircum
206 4184 349 4256 sacutcgis
359 4185 420 4254 eius
433 4186 600 4257 patrimonia
613 4193 732 4250 casana,
933 4188 1029 4245 Christi
1037 4189 1113 4261 jussa
1132 4195 1221 4255 tenes,
1232 4187 1400 4257 ejussolatia
1414 4201 1518 4260 quare,

73 4268 105 4326 Se
120 4275 244 4332 tenebris
258 4292 375 4332 mersam
387 4277 575 4349 penetralibus
590 4279 677 4353 egerit
692 4278 757 4334 atris
933 4276 1346 4351 lllecitoaspicietplacitosibi
1359 4285 1603 4348 temperaremus,

73 4357 119 4419 llis
131 4383 243 4440 quoque
262 4383 424 4441 corpoream
437 4369 551 4437 iamiam
562 4367 702 4424 dimittere
717 4369 801 4425 vitam
933 4371 995 4426 Post
1008 4369 1097 4426 noctis
1111 4369 1242 4426 tenebras
1257 4368 1385 4424 florentia
1396 4367 1501 4423 lumina
1519 4382 1649 4422 cernens.

68 4451 209 4526 lutumst,
220 4459 256 4514 oh
273 4459 407 4515 Christum
421 4459 546 4534 gaudeus
560 4473 641 4529 quam
663 4475 766 4529 ponere
782 4459 877 4524 mahta
930 4466 993 4521 l‘ost
1008 4466 1107 4521 hiemis
1116 4465 1244 4541 glaciem,
1261 4465 1354 4519 horare
1368 4472 1430 4535 post
1440 4464 1527 4539 frigus
1539 4464 1676 4530 abactum,

67 4539 205 4607 Tristetur
216 4551 265 4607 sed
277 4567 357 4622 opes,
377 4552 448 4608 coelo
463 4567 532 4624 quas
546 4551 620 4607 vovit
633 4551 668 4606 ad
682 4567 772 4606 assem
929 4560 1017 4613 Aurea
1031 4572 1115 4610 verna
1130 4555 1180 4609 tihi
1196 4555 1307 4621 cedent,
1323 4553 1496 4626 spirantibus
1510 4554 1610 4609 austris
1626 4571 1633 4608 :

67 4631 181 4710 Virtuti,
198 4644 294 4700 invisis
312 4644 447 4700 scelerum
461 4643 630 4700 famulentur
642 4644 748 4699 amicis.
929 4645 994 4700 Tum
1006 4644 1108 4715 pressis
1117 4643 1169 4699 sub
1183 4658 1275 4698 amore
1290 4643 1339 4698 [tei
1362 4641 1508 4713 presentia
1519 4642 1646 4713 praehens

67 4747 83 4769 ⁸¹
103 4734 199 4802 Quare,
216 4751 296 4790 serve
311 4734 370 4801 hei,
381 4733 497 4806 supplex
509 4745 536 4788 te
549 4733 692 4804 deprecor,
709 4733 807 4804 inquit,
933 4732 1125 4803 Neronemque
1140 4731 1235 4787 leuans
1248 4730 1382 4786 solamine
1398 4729 1507 4784 vincula
1521 4729 1634 4796 blando,

65 4813 140 4878 Ores
152 4825 287 4880 instanter
297 4823 441 4879 hominum
451 4824 494 4878 vel
506 4823 588 4878 corda
600 4821 703 4897 jugalis
931 4824 1047 4879 Siderea
1061 4822 1182 4894 accipies
1197 4828 1225 4878 et
1239 4820 1295 4877 fine
1309 4821 1431 4877 carentia
1446 4821 1529 4876 dona.
1548 4841 1559 4870 ι

67 4908 206 4995 subjuget
221 4919 282 4991 ipse
296 4919 361 4986 sibi,
375 4918 420 4975 vel
432 4919 454 4974 si
469 4919 544 4973 videt
559 4919 624 4993 igne
637 4916 800 4982 vorandum,
931 4914 1016 4989 Erigit
1029 4913 1073 4969 his
1085 4914 1208 4969 animum
1223 4914 1341 4988 ealigine
1354 4913 1446 4971 clausa
1460 4912 1565 4988 virago,

71 4994 153 5063 1'erre
166 5009 258 5064 locum
270 5007 379 5077 iubeat,
394 5007 480 5063 satius
494 5006 568 5080 qnod
582 5006 665 5087 eredo
675 5020 786 5078 negare,
931 5004 1033 5059 humen
1050 5011 1079 5058 ut
1090 5003 1208 5059 interius
1223 5010 1364 5075 nequeant
1378 5001 1486 5058 fuscare
1499 4999 1622 5057 tenebre
1640 5017 1647 5054 :
1752 5001 1757 5014 '

70 5088 158 5156 Quam
172 5101 317 5158 hominnm
332 5099 492 5171 fontemque
507 5113 617 5153 manere
632 5095 877 5159 fatentibusillum,
929 5099 1036 5155 Fortior
1053 5102 1082 5152 at
1093 5098 1178 5168 pollet
1190 5097 1336 5169 pressuris,
1346 5097 1450 5173 gaudet
1464 5111 1564 5170 agone,

67 5176 287 5247 TesisChristns
301 5190 380 5246 adest
393 5189 480 5262 quod.
493 5189 550 5257 iam
564 5187 587 5241 si
601 5186 687 5240 libera
702 5187 811 5257 degam,
929 5188 1043 5262 Angitur
1056 5186 1153 5242 infelix
1165 5188 1268 5256 socius,
1284 5190 1459 5260 cumulatque
1470 5186 1590 5243 furorem
1608 5202 1615 5250 ;

68 5264 232 5335 Sanetomm
247 5279 361 5335 haerebo
372 5277 491 5350 pedihus
502 5291 652 5346 curamque
664 5274 771 5345 piorum
929 5285 1026 5340 Atterit
1038 5284 1182 5339 obsessam
1198 5291 1320 5356 potuque
1333 5284 1453 5356 ciboque
1468 5290 1568 5355 negato
1585 5298 1593 5347 ;

66 5349 159 5424 ¹²¹¹st
172 5369 249 5425 *²¹⁰1
265 5367 338 5439 ‘still
354 5366 430 5442 Vlssffi
445 5380 575 5420 ⁰¹0l⁶⁰f⁰
590 5363 725 5420 ¹³b⁰f⁰¹¹¹·
744 5384 756 5414 ¹²
930 5379 977 5432 Vix
988 5377 1124 5449 impendit
1134 5393 1245 5450 aquam,
1257 5386 1429 5450 consumptae
1443 5383 1571 5431 utmorte
1582 5373 1685 5447 iugalis

68 5443 209 5517 Rauenna
224 5461 356 5533 precibus
369 5460 437 5515 fusis
446 5457 592 5514 confessor
602 5458 636 5512 cd
653 5458 704 5512 ista
719 5474 726 5510 τ
930 5466 1055 5520 hiberius
1068 5465 1227 5521 dominetur
1236 5480 1321 5538 opum
1332 5481 1401 5538 quas
1413 5465 1522 5519 deserat
1536 5463 1593 5518 illa.

65 5544 316 5606 ¹Turbinibustibi
329 5548 435 5605 nutanti
447 5547 598 5619 mundique
609 5545 739 5618 procellis
930 5562 994 5626 pnae
1005 5560 1090 5633 recipi
1105 5561 1204 5630 sejam
1221 5577 1335 5632 sperans
1348 5561 1406 5616 haec
1424 5573 1486 5614 ossa
1501 5556 1605 5632 relegat

62 5631 205 5700 Adl'ffllssl
223 5657 342 5715 propere
354 5641 484 5714 Clssdlffllss
502 5656 586 5712 ⁸¹¹f‘0r
608 5655 720 5712 ²0¹l¹¹⁰f³
733 5640 786 5694 ¹3¹¹?
789 5639 857 5694 1⁵²¹¹⁸
870 5654 878 5701 i
931 5653 1099 5712 Consolatori
1115 5671 1122 5709 τ
1140 5679 1153 5703 v
1165 5654 1239 5711 Finis
1251 5653 1320 5710 mihi
1334 5666 1457 5723 corpeus
1471 5650 1574 5706 instat:
