<?xml version="1.0" encoding="UTF-8"?>
<!DOCTYPE html PUBLIC "-//W3C//DTD XHTML 1.0 Transitional//EN"
    "http://www.w3.org/TR/xhtml1/DTD/xhtml1-transitional.dtd">
<html xmlns="http://www.w3.org/1999/xhtml" xml:lang="en" lang="en">
 <head>
  <title>
</title>
<meta http-equiv="Content-Type" content="text/html;charset=utf-8" />
  <meta name='ocr-system' content='tesseract 3.04.00' />
  <meta name='ocr-capabilities' content='ocr_page ocr_carea ocr_par ocr_line ocrx_word'/>
</head>
<body>
  <div class='ocr_page' id='page_1' title='image "./patrologiaecurs08migngoog/patrologiaecurs08migngoog_0090.png"; bbox 0 0 3840 6106; ppageno 0'>
   <div class='ocr_carea' id='block_1_1' title="bbox 69 233 1735 304">
    <p class='ocr_par' dir='ltr' id='par_1_1' title="bbox 69 233 1735 304">
     <span class='ocr_line' id='line_1_1' title="bbox 69 233 1735 304; baseline 0.002 -7"><span class='ocrx_word' id='word_1_1' title='bbox 69 241 121 300; x_wconf 75' lang='lat' dir='ltr'><strong>tta</strong></span> <span class='ocrx_word' id='word_1_2' title='bbox 298 253 310 266; x_wconf 73' lang='lat'><strong><em>‘</em></strong></span> <span class='ocrx_word' id='word_1_3' title='bbox 395 233 560 293; x_wconf 80' lang='lat' dir='ltr'><strong>fltstottlAE</strong></span> <span class='ocrx_word' id='word_1_4' title='bbox 578 234 745 292; x_wconf 72' lang='lat' dir='ltr'><strong>scelesta</strong></span> <span class='ocrx_word' id='word_1_5' title='bbox 763 234 926 292; x_wconf 78' lang='lat' dir='ltr'><strong>aauausts</strong></span> <span class='ocrx_word' id='word_1_6' title='bbox 946 234 1035 291; x_wconf 82' lang='lat' dir='ltr'><strong>ttaut</strong></span> <span class='ocrx_word' id='word_1_7' title='bbox 1054 236 1218 302; x_wconf 76' lang='lat' dir='ltr'><strong>Quartus.</strong></span> <span class='ocrx_word' id='word_1_8' title='bbox 1230 268 1266 281; x_wconf 93' lang='lat'><em>-</em></span> <span class='ocrx_word' id='word_1_9' title='bbox 1285 238 1349 300; x_wconf 79' lang='lat' dir='ltr'><strong>tte.</strong></span> <span class='ocrx_word' id='word_1_10' title='bbox 1360 240 1395 297; x_wconf 88' lang='lat' dir='ltr'><strong>tlt</strong></span> <span class='ocrx_word' id='word_1_11' title='bbox 1682 246 1735 304; x_wconf 77' lang='lat' dir='ltr'><strong>teo</strong></span> 
     </span>
    </p>
   </div>
   <div class='ocr_carea' id='block_1_2' title="bbox 62 374 1739 2822">
    <p class='ocr_par' dir='ltr' id='par_1_2' title="bbox 62 374 1739 2822">
     <span class='ocr_line' id='line_1_2' title="bbox 67 374 1734 454; baseline 0.004 -19"><span class='ocrx_word' id='word_1_12' title='bbox 67 380 169 446; x_wconf 87' lang='lat' dir='ltr'><strong>luerat,</strong></span> <span class='ocrx_word' id='word_1_13' title='bbox 181 376 250 445; x_wconf 88' lang='lat' dir='ltr'><strong>visa,</strong></span> <span class='ocrx_word' id='word_1_14' title='bbox 265 377 326 432; x_wconf 85' lang='lat' dir='ltr'><strong>luca</strong></span> <span class='ocrx_word' id='word_1_15' title='bbox 353 389 502 432; x_wconf 73' lang='lat' dir='ltr'><strong>coruscans</strong></span> <span class='ocrx_word' id='word_1_16' title='bbox 514 374 676 431; x_wconf 88' lang='lat' dir='ltr'><strong>clarissima.</strong></span> <span class='ocrx_word' id='word_1_17' title='bbox 690 374 723 431; x_wconf 86' lang='lat' dir='ltr'><strong>tlt</strong></span> <span class='ocrx_word' id='word_1_18' title='bbox 743 374 790 430; x_wconf 90' lang='lat' dir='ltr'><strong>ille</strong></span> <span class='ocrx_word' id='word_1_19' title='bbox 801 381 877 431; x_wconf 87' lang='lat' dir='ltr'><strong>tanto</strong></span> <span class='ocrx_word' id='word_1_20' title='bbox 888 377 917 445; x_wconf 79' lang='grc' dir='ltr'>Α</span> <span class='ocrx_word' id='word_1_21' title='bbox 928 374 976 448; x_wconf 92' lang='lat' dir='ltr'><strong>qni</strong></span> <span class='ocrx_word' id='word_1_22' title='bbox 996 374 1037 430; x_wconf 91' lang='lat' dir='ltr'><strong>sic</strong></span> <span class='ocrx_word' id='word_1_23' title='bbox 1050 374 1105 430; x_wconf 92' lang='lat' dir='ltr'><strong>sibi</strong></span> <span class='ocrx_word' id='word_1_24' title='bbox 1120 374 1222 432; x_wconf 88' lang='lat' dir='ltr'><strong>lectum</strong></span> <span class='ocrx_word' id='word_1_25' title='bbox 1235 377 1343 434; x_wconf 80' lang='lat' dir='ltr'><strong>solebat</strong></span> <span class='ocrx_word' id='word_1_26' title='bbox 1353 385 1490 449; x_wconf 88' lang='lat' dir='ltr'><strong>sternere,</strong></span> <span class='ocrx_word' id='word_1_27' title='bbox 1506 395 1589 454; x_wconf 93' lang='lat' dir='ltr'><strong>quem</strong></span> <span class='ocrx_word' id='word_1_28' title='bbox 1605 382 1734 440; x_wconf 89' lang='lat' dir='ltr'><strong>novimus</strong></span> 
     </span>
     <span class='ocr_line' id='line_1_3' title="bbox 66 462 1734 544; baseline 0.004 -20"><span class='ocrx_word' id='word_1_29' title='bbox 66 467 247 525; x_wconf 72' lang='lat' dir='ltr'><strong>tremefactus</strong></span> <span class='ocrx_word' id='word_1_30' title='bbox 264 464 425 539; x_wconf 83' lang='lat' dir='ltr'><strong>splendore,</strong></span> <span class='ocrx_word' id='word_1_31' title='bbox 442 462 569 537; x_wconf 77' lang='lat' dir='ltr'><strong>nihilque</strong></span> <span class='ocrx_word' id='word_1_32' title='bbox 581 462 632 519; x_wconf 84' lang='lat' dir='ltr'><strong>lari</strong></span> <span class='ocrx_word' id='word_1_33' title='bbox 651 479 745 531; x_wconf 90' lang='lat' dir='ltr'><strong>ausus,</strong></span> <span class='ocrx_word' id='word_1_34' title='bbox 761 462 877 519; x_wconf 89' lang='lat' dir='ltr'><strong>lumini·</strong></span> <span class='ocrx_word' id='word_1_35' title='bbox 927 465 993 522; x_wconf 92' lang='lat' dir='ltr'><strong>olim</strong></span> <span class='ocrx_word' id='word_1_36' title='bbox 1009 463 1140 521; x_wconf 81' lang='lat' dir='ltr'><strong>arumnis</strong></span> <span class='ocrx_word' id='word_1_37' title='bbox 1150 463 1278 522; x_wconf 82' lang='lat' dir='ltr'><strong>affectum</strong></span> <span class='ocrx_word' id='word_1_38' title='bbox 1293 467 1321 522; x_wconf 93' lang='lat' dir='ltr'><strong>in</strong></span> <span class='ocrx_word' id='word_1_39' title='bbox 1335 468 1514 540; x_wconf 89' lang='lat' dir='ltr'><strong>pauperrimo</strong></span> <span class='ocrx_word' id='word_1_40' title='bbox 1524 485 1635 544; x_wconf 91' lang='lat' dir='ltr'><strong>quoque</strong></span> <span class='ocrx_word' id='word_1_41' title='bbox 1647 478 1734 530; x_wconf 89' lang='lat' dir='ltr'><strong>stratu</strong></span> 
     </span>
     <span class='ocr_line' id='line_1_4' title="bbox 67 553 1734 634; baseline 0.001 -17"><span class='ocrx_word' id='word_1_42' title='bbox 67 563 120 617; x_wconf 88' lang='lat' dir='ltr'><strong>bus</strong></span> <span class='ocrx_word' id='word_1_43' title='bbox 134 560 164 615; x_wconf 91' lang='lat' dir='ltr'><strong>in</strong></span> <span class='ocrx_word' id='word_1_44' title='bbox 174 568 277 616; x_wconf 89' lang='lat' dir='ltr'><strong>terram</strong></span> <span class='ocrx_word' id='word_1_45' title='bbox 287 554 750 628; x_wconf 82' lang='lat' dir='ltr'><strong>demissisvidebaturstupefactus</strong></span> <span class='ocrx_word' id='word_1_46' title='bbox 760 554 876 611; x_wconf 88' lang='lat' dir='ltr'><strong>haerere.</strong></span> <span class='ocrx_word' id='word_1_47' title='bbox 927 553 1042 610; x_wconf 89' lang='lat' dir='ltr'><strong>obiisse.</strong></span> <span class='ocrx_word' id='word_1_48' title='bbox 1067 555 1107 610; x_wconf 88' lang='lat' dir='ltr'><strong>lta</strong></span> <span class='ocrx_word' id='word_1_49' title='bbox 1134 555 1283 612; x_wconf 90' lang='lat' dir='ltr'><strong>deterritus</strong></span> <span class='ocrx_word' id='word_1_50' title='bbox 1297 558 1385 631; x_wconf 78' lang='lat' dir='ltr'><strong>surgit</strong></span> <span class='ocrx_word' id='word_1_51' title='bbox 1406 559 1603 633; x_wconf 85' lang='lat' dir='ltr'><strong>propriamque</strong></span> <span class='ocrx_word' id='word_1_52' title='bbox 1624 561 1734 634; x_wconf 80' lang='lat' dir='ltr'><strong>cuipam</strong></span> 
     </span>
     <span class='ocr_line' id='line_1_5' title="bbox 66 642 1734 724; baseline 0.001 -17"><span class='ocrx_word' id='word_1_53' title='bbox 66 650 266 721; x_wconf 82' lang='lat' dir='ltr'><strong>Quem¹beatus</strong></span> <span class='ocrx_word' id='word_1_54' title='bbox 294 649 466 723; x_wconf 85' lang='lat' dir='ltr'><strong>compellans</strong></span> <span class='ocrx_word' id='word_1_55' title='bbox 490 647 653 724; x_wconf 80' lang='lat' dir='ltr'><strong>Remigius:</strong></span> <span class='ocrx_word' id='word_1_56' title='bbox 670 647 750 716; x_wconf 79' lang='lat' dir='ltr'><strong>Quid,</strong></span> <span class='ocrx_word' id='word_1_57' title='bbox 776 647 876 720; x_wconf 90' lang='lat' dir='ltr'><strong>iuquit,</strong></span> <span class='ocrx_word' id='word_1_58' title='bbox 927 642 1080 711; x_wconf 77' lang='lat' dir='ltr'><strong>consessus,</strong></span> <span class='ocrx_word' id='word_1_59' title='bbox 1113 644 1233 700; x_wconf 87' lang='lat' dir='ltr'><strong>scamnis</strong></span> <span class='ocrx_word' id='word_1_60' title='bbox 1259 646 1362 716; x_wconf 84' lang='lat' dir='ltr'><strong>tapetia</strong></span> <span class='ocrx_word' id='word_1_61' title='bbox 1385 648 1485 717; x_wconf 91' lang='lat' dir='ltr'><strong>reddit,</strong></span> <span class='ocrx_word' id='word_1_62' title='bbox 1518 658 1546 705; x_wconf 93' lang='lat' dir='ltr'><strong>et</strong></span> <span class='ocrx_word' id='word_1_63' title='bbox 1582 650 1734 709; x_wconf 90' lang='lat' dir='ltr'><strong>Dominum</strong></span> 
     </span>
     <span class='ocr_line' id='line_1_6' title="bbox 66 739 1735 814; baseline 0 -11"><span class='ocrx_word' id='word_1_64' title='bbox 66 764 118 804; x_wconf 90' lang='lat' dir='ltr'><strong>nos</strong></span> <span class='ocrx_word' id='word_1_65' title='bbox 133 748 189 803; x_wconf 92' lang='lat' dir='ltr'><strong>huc</strong></span> <span class='ocrx_word' id='word_1_66' title='bbox 197 745 338 802; x_wconf 87' lang='lat' dir='ltr'><strong>advocasti</strong></span> <span class='ocrx_word' id='word_1_67' title='bbox 355 743 370 798; x_wconf 80' lang='lat' dir='ltr'><strong>t</strong></span> <span class='ocrx_word' id='word_1_68' title='bbox 386 744 484 800; x_wconf 89' lang='lat' dir='ltr'><strong>Nonne</strong></span> <span class='ocrx_word' id='word_1_69' title='bbox 499 743 577 800; x_wconf 90' lang='lat' dir='ltr'><strong>vides</strong></span> <span class='ocrx_word' id='word_1_70' title='bbox 590 742 731 799; x_wconf 89' lang='lat' dir='ltr'><strong>dominam</strong></span> <span class='ocrx_word' id='word_1_71' title='bbox 756 748 877 797; x_wconf 90' lang='lat' dir='ltr'><strong>nostram</strong></span> <span class='ocrx_word' id='word_1_72' title='bbox 927 740 1074 810; x_wconf 86' lang='lat' dir='ltr'><strong>superbae</strong></span> <span class='ocrx_word' id='word_1_73' title='bbox 1094 739 1271 812; x_wconf 73' lang='lat' dir='ltr'><strong>correptione</strong></span> <span class='ocrx_word' id='word_1_74' title='bbox 1293 756 1343 796; x_wconf 90' lang='lat' dir='ltr'><strong>sua</strong></span> <span class='ocrx_word' id='word_1_75' title='bbox 1361 741 1478 814; x_wconf 77' lang='lat' dir='ltr'><strong>eiusque</strong></span> <span class='ocrx_word' id='word_1_76' title='bbox 1497 744 1635 802; x_wconf 87' lang='lat' dir='ltr'><strong>collaudat</strong></span> <span class='ocrx_word' id='word_1_77' title='bbox 1649 746 1735 803; x_wconf 87' lang='lat' dir='ltr'><strong>Geni-</strong></span> 
     </span>
     <span class='ocr_line' id='line_1_7' title="bbox 65 829 1735 908; baseline 0.004 -16"><span class='ocrx_word' id='word_1_78' title='bbox 65 839 114 894; x_wconf 84' lang='lat' dir='ltr'><strong>bei</strong></span> <span class='ocrx_word' id='word_1_79' title='bbox 134 836 303 893; x_wconf 84' lang='lat' dir='ltr'><strong>Genitricem</strong></span> <span class='ocrx_word' id='word_1_80' title='bbox 318 841 345 891; x_wconf 89' lang='lat' dir='ltr'><strong>te</strong></span> <span class='ocrx_word' id='word_1_81' title='bbox 367 831 523 891; x_wconf 81' lang='lat' dir='ltr'><strong>confortare</strong></span> <span class='ocrx_word' id='word_1_82' title='bbox 546 839 669 904; x_wconf 89' lang='lat' dir='ltr'><strong>paratam</strong></span> <span class='ocrx_word' id='word_1_83' title='bbox 684 830 778 904; x_wconf 80' lang='lat' dir='ltr'><strong>iquid</strong></span> <span class='ocrx_word' id='word_1_84' title='bbox 794 829 876 887; x_wconf 91' lang='lat' dir='ltr'><strong>dubi·</strong></span> <span class='ocrx_word' id='word_1_85' title='bbox 925 831 1033 888; x_wconf 88' lang='lat' dir='ltr'><strong>tricem.</strong></span> <span class='ocrx_word' id='word_1_86' title='bbox 1051 832 1125 890; x_wconf 84' lang='lat' dir='ltr'><strong>Hanc</strong></span> <span class='ocrx_word' id='word_1_87' title='bbox 1152 841 1244 890; x_wconf 90' lang='lat' dir='ltr'><strong>autem</strong></span> <span class='ocrx_word' id='word_1_88' title='bbox 1269 834 1409 890; x_wconf 87' lang='lat' dir='ltr'><strong>dominam</strong></span> <span class='ocrx_word' id='word_1_89' title='bbox 1432 850 1494 908; x_wconf 83' lang='lat' dir='ltr'><strong>quae</strong></span> <span class='ocrx_word' id='word_1_90' title='bbox 1517 853 1549 892; x_wconf 89' lang='lat' dir='ltr'><strong>sa</strong></span> <span class='ocrx_word' id='word_1_91' title='bbox 1575 838 1735 898; x_wconf 78' lang='lat' dir='ltr'><strong>visitaverat</strong></span> 
     </span>
     <span class='ocr_line' id='line_1_8' title="bbox 66 919 1735 996; baseline 0.002 -14"><span class='ocrx_word' id='word_1_92' title='bbox 66 934 128 982; x_wconf 89' lang='lat' dir='ltr'><strong>taus</strong></span> <span class='ocrx_word' id='word_1_93' title='bbox 153 924 247 982; x_wconf 86' lang='lat' dir='ltr'><strong>tardas</strong></span> <span class='ocrx_word' id='word_1_94' title='bbox 268 922 401 980; x_wconf 90' lang='lat' dir='ltr'><strong>accedere</strong></span> <span class='ocrx_word' id='word_1_95' title='bbox 425 921 460 977; x_wconf 92' lang='lat' dir='ltr'><strong>ad</strong></span> <span class='ocrx_word' id='word_1_96' title='bbox 484 919 582 977; x_wconf 77' lang='lat' dir='ltr'><strong>illumi</strong></span> <span class='ocrx_word' id='word_1_97' title='bbox 596 921 643 976; x_wconf 87' lang='lat' dir='ltr'><strong>llis</strong></span> <span class='ocrx_word' id='word_1_98' title='bbox 671 920 753 977; x_wconf 88' lang='lat' dir='ltr'><strong>dietis</strong></span> <span class='ocrx_word' id='word_1_99' title='bbox 774 929 877 976; x_wconf 89' lang='lat' dir='ltr'><strong>tremor</strong></span> <span class='ocrx_word' id='word_1_100' title='bbox 925 922 1107 996; x_wconf 85' lang='lat' dir='ltr'><strong>nonagnovit</strong></span> <span class='ocrx_word' id='word_1_101' title='bbox 1126 940 1134 989; x_wconf 89' lang='grc'><strong>;</strong></span> <span class='ocrx_word' id='word_1_102' title='bbox 1150 938 1166 978; x_wconf 90' lang='lat' dir='ltr'><strong>a</strong></span> <span class='ocrx_word' id='word_1_103' title='bbox 1180 923 1263 980; x_wconf 91' lang='lat' dir='ltr'><strong>beata</strong></span> <span class='ocrx_word' id='word_1_104' title='bbox 1286 923 1369 980; x_wconf 89' lang='lat' dir='ltr'><strong>llaria</strong></span> <span class='ocrx_word' id='word_1_105' title='bbox 1383 931 1475 980; x_wconf 89' lang='lat' dir='ltr'><strong>tamen</strong></span> <span class='ocrx_word' id='word_1_106' title='bbox 1496 922 1582 982; x_wconf 84' lang='lat' dir='ltr'><strong>luisse</strong></span> <span class='ocrx_word' id='word_1_107' title='bbox 1595 928 1735 985; x_wconf 88' lang='lat' dir='ltr'><strong>credimus</strong></span> 
     </span>
     <span class='ocr_line' id='line_1_9' title="bbox 64 1010 1735 1092; baseline 0.002 -19"><span class='ocrx_word' id='word_1_108' title='bbox 64 1017 202 1082; x_wconf 83' lang='lat' dir='ltr'><strong>abscedit,</strong></span> <span class='ocrx_word' id='word_1_109' title='bbox 220 1015 355 1072; x_wconf 77' lang='lat' dir='ltr'><strong>allevatur</strong></span> <span class='ocrx_word' id='word_1_110' title='bbox 375 1013 495 1082; x_wconf 90' lang='lat' dir='ltr'><strong>animus,</strong></span> <span class='ocrx_word' id='word_1_111' title='bbox 509 1013 676 1086; x_wconf 88' lang='lat' dir='ltr'><strong>elevansque</strong></span> <span class='ocrx_word' id='word_1_112' title='bbox 690 1010 788 1068; x_wconf 86' lang='lat' dir='ltr'><strong>ocutos</strong></span> <span class='ocrx_word' id='word_1_113' title='bbox 802 1010 876 1066; x_wconf 91' lang='lat' dir='ltr'><strong>vires</strong></span> <span class='ocrx_word' id='word_1_114' title='bbox 926 1013 1047 1069; x_wconf 87' lang='lat' dir='ltr'><strong>missam.</strong></span> <span class='ocrx_word' id='word_1_115' title='bbox 1064 1014 1196 1072; x_wconf 86' lang='lat' dir='ltr'><strong>Novimus</strong></span> <span class='ocrx_word' id='word_1_116' title='bbox 1226 1016 1309 1071; x_wconf 90' lang='lat' dir='ltr'><strong>etiam</strong></span> <span class='ocrx_word' id='word_1_117' title='bbox 1337 1015 1473 1089; x_wconf 91' lang='lat' dir='ltr'><strong>quosdam</strong></span> <span class='ocrx_word' id='word_1_118' title='bbox 1496 1016 1622 1088; x_wconf 86' lang='lat' dir='ltr'><strong>devotos,</strong></span> <span class='ocrx_word' id='word_1_119' title='bbox 1650 1028 1735 1092; x_wconf 87' lang='lat' dir='ltr'><strong>atque</strong></span> 
     </span>
     <span class='ocr_line' id='line_1_10' title="bbox 65 1101 1736 1190; baseline 0.001 -24"><span class='ocrx_word' id='word_1_120' title='bbox 65 1109 184 1182; x_wconf 89' lang='lat' dir='ltr'><strong>recepit,</strong></span> <span class='ocrx_word' id='word_1_121' title='bbox 210 1116 238 1165; x_wconf 90' lang='lat' dir='ltr'><strong>et</strong></span> <span class='ocrx_word' id='word_1_122' title='bbox 264 1112 329 1163; x_wconf 85' lang='lat' dir='ltr'><strong>ante</strong></span> <span class='ocrx_word' id='word_1_123' title='bbox 357 1107 445 1179; x_wconf 90' lang='lat' dir='ltr'><strong>pedes</strong></span> <span class='ocrx_word' id='word_1_124' title='bbox 467 1104 633 1163; x_wconf 78' lang='lat' dir='ltr'><strong>beatissimae</strong></span> <span class='ocrx_word' id='word_1_125' title='bbox 653 1103 775 1160; x_wconf 83' lang='lat' dir='ltr'><strong>llomiuae</strong></span> <span class='ocrx_word' id='word_1_126' title='bbox 792 1101 877 1158; x_wconf 82' lang='lat' dir='ltr'><strong>irater</strong></span> <span class='ocrx_word' id='word_1_127' title='bbox 927 1107 1079 1178; x_wconf 90' lang='lat' dir='ltr'><strong>promissos</strong></span> <span class='ocrx_word' id='word_1_128' title='bbox 1106 1125 1121 1163; x_wconf 88' lang='lat' dir='ltr'><strong>a</strong></span> <span class='ocrx_word' id='word_1_129' title='bbox 1168 1110 1332 1180; x_wconf 88' lang='lat' dir='ltr'><strong>parentibus</strong></span> <span class='ocrx_word' id='word_1_130' title='bbox 1376 1109 1405 1164; x_wconf 90' lang='lat' dir='ltr'><strong>iu</strong></span> <span class='ocrx_word' id='word_1_131' title='bbox 1436 1110 1487 1166; x_wconf 89' lang='lat' dir='ltr'><strong>hac</strong></span> <span class='ocrx_word' id='word_1_132' title='bbox 1518 1109 1642 1190; x_wconf 33' lang='lat' dir='ltr'><strong>&#39;ecclesia</strong></span> <span class='ocrx_word' id='word_1_133' title='bbox 1676 1110 1736 1168; x_wconf 84' lang='lat' dir='ltr'><strong>lore</strong></span> 
     </span>
     <span class='ocr_line' id='line_1_11' title="bbox 64 1191 1737 1270; baseline 0.001 -15"><span class='ocrx_word' id='word_1_134' title='bbox 64 1197 261 1255; x_wconf 87' lang='lat' dir='ltr'><strong>illecorruisse</strong></span> <span class='ocrx_word' id='word_1_135' title='bbox 285 1211 316 1252; x_wconf 89' lang='lat' dir='ltr'><strong>se</strong></span> <span class='ocrx_word' id='word_1_136' title='bbox 330 1195 411 1252; x_wconf 92' lang='lat' dir='ltr'><strong>vidit.</strong></span> <span class='ocrx_word' id='word_1_137' title='bbox 436 1195 521 1260; x_wconf 82' lang='lat' dir='ltr'><strong>Quem</strong></span> <span class='ocrx_word' id='word_1_138' title='bbox 543 1210 627 1250; x_wconf 90' lang='lat' dir='ltr'><strong>mauu</strong></span> <span class='ocrx_word' id='word_1_139' title='bbox 655 1193 715 1267; x_wconf 90' lang='lat' dir='ltr'><strong>ipsa</strong></span> <span class='ocrx_word' id='word_1_140' title='bbox 728 1193 821 1249; x_wconf 88' lang='lat' dir='ltr'><strong>levare</strong></span> <span class='ocrx_word' id='word_1_141' title='bbox 834 1191 877 1247; x_wconf 93' lang='lat' dir='ltr'><strong>di·</strong></span> <span class='ocrx_word' id='word_1_142' title='bbox 928 1193 1047 1263; x_wconf 83' lang='lat' dir='ltr'><strong>Christo,</strong></span> <span class='ocrx_word' id='word_1_143' title='bbox 1076 1197 1192 1270; x_wconf 88' lang='lat' dir='ltr'><strong>ejusque</strong></span> <span class='ocrx_word' id='word_1_144' title='bbox 1218 1197 1351 1254; x_wconf 82' lang='lat' dir='ltr'><strong>Genitriei</strong></span> <span class='ocrx_word' id='word_1_145' title='bbox 1388 1197 1548 1255; x_wconf 90' lang='lat' dir='ltr'><strong>servituros.</strong></span> <span class='ocrx_word' id='word_1_146' title='bbox 1579 1199 1657 1264; x_wconf 79' lang='lat' dir='ltr'><strong>Quod</strong></span> <span class='ocrx_word' id='word_1_147' title='bbox 1687 1214 1737 1256; x_wconf 91' lang='lat' dir='ltr'><strong>vo·</strong></span> 
     </span>
     <span class='ocr_line' id='line_1_12' title="bbox 64 1285 1736 1367; baseline 0.001 -22"><span class='ocrx_word' id='word_1_148' title='bbox 64 1297 161 1367; x_wconf 86' lang='lat' dir='ltr'><strong>gnata,</strong></span> <span class='ocrx_word' id='word_1_149' title='bbox 177 1288 261 1345; x_wconf 84' lang='lat' dir='ltr'><strong>tronti</strong></span> <span class='ocrx_word' id='word_1_150' title='bbox 281 1287 392 1363; x_wconf 81' lang='lat' dir='ltr'><strong>signum</strong></span> <span class='ocrx_word' id='word_1_151' title='bbox 412 1287 502 1343; x_wconf 89' lang='lat' dir='ltr'><strong>crucis</strong></span> <span class='ocrx_word' id='word_1_152' title='bbox 517 1286 646 1358; x_wconf 83' lang='lat' dir='ltr'><strong>imponit,</strong></span> <span class='ocrx_word' id='word_1_153' title='bbox 664 1292 692 1342; x_wconf 92' lang='lat' dir='ltr'><strong>et</strong></span> <span class='ocrx_word' id='word_1_154' title='bbox 707 1285 771 1342; x_wconf 88' lang='lat' dir='ltr'><strong>talia</strong></span> <span class='ocrx_word' id='word_1_155' title='bbox 782 1299 878 1356; x_wconf 88' lang='lat' dir='ltr'><strong>prose·</strong></span> <span class='ocrx_word' id='word_1_156' title='bbox 928 1289 985 1342; x_wconf 91' lang='lat' dir='ltr'><strong>tum</strong></span> <span class='ocrx_word' id='word_1_157' title='bbox 1002 1286 1067 1342; x_wconf 89' lang='lat' dir='ltr'><strong>dum</strong></span> <span class='ocrx_word' id='word_1_158' title='bbox 1091 1287 1196 1343; x_wconf 87' lang='lat' dir='ltr'><strong>vellent</strong></span> <span class='ocrx_word' id='word_1_159' title='bbox 1219 1296 1314 1359; x_wconf 91' lang='lat' dir='ltr'><strong>postea</strong></span> <span class='ocrx_word' id='word_1_160' title='bbox 1341 1293 1449 1345; x_wconf 90' lang='lat' dir='ltr'><strong>mutare</strong></span> <span class='ocrx_word' id='word_1_161' title='bbox 1473 1293 1613 1360; x_wconf 89' lang='lat' dir='ltr'><strong>parentes.</strong></span> <span class='ocrx_word' id='word_1_162' title='bbox 1648 1289 1736 1360; x_wconf 88' lang='lat' dir='ltr'><strong>prolis</strong></span> 
     </span>
     <span class='ocr_line' id='line_1_13' title="bbox 65 1372 1737 1452; baseline 0.001 -18"><span class='ocrx_word' id='word_1_163' title='bbox 65 1379 180 1452; x_wconf 89' lang='lat' dir='ltr'><strong>quitur:</strong></span> <span class='ocrx_word' id='word_1_164' title='bbox 206 1376 246 1434; x_wconf 86' lang='lat' dir='ltr'><strong>Ne</strong></span> <span class='ocrx_word' id='word_1_165' title='bbox 268 1376 376 1446; x_wconf 88' lang='lat' dir='ltr'><strong>timeas,</strong></span> <span class='ocrx_word' id='word_1_166' title='bbox 408 1392 499 1450; x_wconf 91' lang='lat' dir='ltr'><strong>neque</strong></span> <span class='ocrx_word' id='word_1_167' title='bbox 519 1376 684 1448; x_wconf 84' lang='lat' dir='ltr'><strong>desperes:</strong></span> <span class='ocrx_word' id='word_1_168' title='bbox 712 1372 822 1431; x_wconf 86' lang='lat' dir='ltr'><strong>confide</strong></span> <span class='ocrx_word' id='word_1_169' title='bbox 847 1373 876 1428; x_wconf 93' lang='lat' dir='ltr'><strong>in</strong></span> <span class='ocrx_word' id='word_1_170' title='bbox 926 1383 991 1433; x_wconf 90' lang='lat' dir='ltr'><strong>sunt</strong></span> <span class='ocrx_word' id='word_1_171' title='bbox 1013 1376 1101 1434; x_wconf 89' lang='lat' dir='ltr'><strong>coacti</strong></span> <span class='ocrx_word' id='word_1_172' title='bbox 1142 1379 1274 1451; x_wconf 82' lang='lat' dir='ltr'><strong>languore</strong></span> <span class='ocrx_word' id='word_1_173' title='bbox 1304 1393 1382 1433; x_wconf 89' lang='lat' dir='ltr'><strong>suam</strong></span> <span class='ocrx_word' id='word_1_174' title='bbox 1409 1377 1624 1449; x_wconf 86' lang='lat' dir='ltr'><strong>promissionem</strong></span> <span class='ocrx_word' id='word_1_175' title='bbox 1646 1379 1737 1436; x_wconf 89' lang='lat' dir='ltr'><strong>adim-</strong></span> 
     </span>
     <span class='ocr_line' id='line_1_14' title="bbox 65 1465 1014 1543; baseline -0.002 -16"><span class='ocrx_word' id='word_1_176' title='bbox 65 1472 186 1528; x_wconf 85' lang='lat' dir='ltr'><strong>bomine</strong></span> <span class='ocrx_word' id='word_1_177' title='bbox 197 1471 262 1543; x_wconf 89' lang='lat' dir='ltr'><strong>quia</strong></span> <span class='ocrx_word' id='word_1_178' title='bbox 274 1469 414 1542; x_wconf 87' lang='lat' dir='ltr'><strong>percipies</strong></span> <span class='ocrx_word' id='word_1_179' title='bbox 436 1469 541 1526; x_wconf 91' lang='lat' dir='ltr'><strong>donum</strong></span> <span class='ocrx_word' id='word_1_180' title='bbox 564 1467 678 1540; x_wconf 90' lang='lat' dir='ltr'><strong>abipso</strong></span> <span class='ocrx_word' id='word_1_181' title='bbox 701 1466 805 1530; x_wconf 89' lang='lat' dir='ltr'><strong>salutis,</strong></span> <span class='ocrx_word' id='word_1_182' title='bbox 833 1465 875 1520; x_wconf 93' lang='lat' dir='ltr'><strong>si·</strong></span> <span class='ocrx_word' id='word_1_183' title='bbox 925 1468 1014 1542; x_wconf 88' lang='lat' dir='ltr'><strong>plere.</strong></span> 
     </span>
     <span class='ocr_line' id='line_1_15' title="bbox 64 1554 1736 1636; baseline -0.002 -20"><span class='ocrx_word' id='word_1_184' title='bbox 64 1558 408 1636; x_wconf 75' lang='lat' dir='ltr'><strong>gnumquepulsachube</strong></span> <span class='ocrx_word' id='word_1_185' title='bbox 430 1567 461 1615; x_wconf 91' lang='lat' dir='ltr'><strong>ut</strong></span> <span class='ocrx_word' id='word_1_186' title='bbox 481 1572 559 1614; x_wconf 87' lang='lat' dir='ltr'><strong>sacra</strong></span> <span class='ocrx_word' id='word_1_187' title='bbox 583 1556 714 1630; x_wconf 85' lang='lat' dir='ltr'><strong>mysteria</strong></span> <span class='ocrx_word' id='word_1_188' title='bbox 737 1554 874 1622; x_wconf 88' lang='lat' dir='ltr'><strong>celebres,</strong></span> <span class='ocrx_word' id='word_1_189' title='bbox 961 1562 1069 1617; x_wconf 80' lang='lat' dir='ltr'><strong>Dudum</strong></span> <span class='ocrx_word' id='word_1_190' title='bbox 1084 1577 1145 1619; x_wconf 80' lang='lat' dir='ltr'><strong>cum</strong></span> <span class='ocrx_word' id='word_1_191' title='bbox 1161 1561 1289 1636; x_wconf 69' lang='lat' dir='ltr'><strong>agricolae</strong></span> <span class='ocrx_word' id='word_1_192' title='bbox 1304 1562 1367 1619; x_wconf 85' lang='lat' dir='ltr'><strong>urbi</strong></span> <span class='ocrx_word' id='word_1_193' title='bbox 1380 1561 1464 1619; x_wconf 77' lang='lat' dir='ltr'><strong>vicini</strong></span> <span class='ocrx_word' id='word_1_194' title='bbox 1478 1569 1541 1635; x_wconf 79' lang='lat' dir='ltr'><strong>post</strong></span> <span class='ocrx_word' id='word_1_195' title='bbox 1553 1563 1668 1635; x_wconf 67' lang='lat' dir='ltr'><strong>Pascha,</strong></span> <span class='ocrx_word' id='word_1_196' title='bbox 1688 1582 1736 1626; x_wconf 64' lang='grc' dir='ltr'><strong>ω.</strong></span> 
     </span>
     <span class='ocr_line' id='line_1_16' title="bbox 64 1649 1737 1731; baseline 0.001 -20"><span class='ocrx_word' id='word_1_197' title='bbox 64 1664 92 1712; x_wconf 88' lang='lat' dir='ltr'><strong>ot</strong></span> <span class='ocrx_word' id='word_1_198' title='bbox 109 1654 214 1731; x_wconf 84' lang='lat' dir='ltr'><strong>gratias</strong></span> <span class='ocrx_word' id='word_1_199' title='bbox 235 1655 292 1709; x_wconf 88' lang='lat' dir='ltr'><strong>lleo</strong></span> <span class='ocrx_word' id='word_1_200' title='bbox 310 1650 426 1720; x_wconf 82' lang='lat' dir='ltr'><strong>relevas,</strong></span> <span class='ocrx_word' id='word_1_201' title='bbox 450 1668 513 1708; x_wconf 88' lang='lat' dir='ltr'><strong>eum</strong></span> <span class='ocrx_word' id='word_1_202' title='bbox 530 1650 691 1708; x_wconf 89' lang='lat' dir='ltr'><strong>collaudans</strong></span> <span class='ocrx_word' id='word_1_203' title='bbox 708 1649 799 1723; x_wconf 91' lang='lat' dir='ltr'><strong>quite</strong></span> <span class='ocrx_word' id='word_1_204' title='bbox 815 1652 877 1720; x_wconf 90' lang='lat' dir='ltr'><strong>post</strong></span> <span class='ocrx_word' id='word_1_205' title='bbox 927 1653 978 1710; x_wconf 92' lang='lat' dir='ltr'><strong>lito</strong></span> <span class='ocrx_word' id='word_1_206' title='bbox 992 1653 1026 1710; x_wconf 93' lang='lat' dir='ltr'><strong>de</strong></span> <span class='ocrx_word' id='word_1_207' title='bbox 1041 1668 1128 1720; x_wconf 89' lang='lat' dir='ltr'><strong>more,</strong></span> <span class='ocrx_word' id='word_1_208' title='bbox 1145 1653 1216 1709; x_wconf 89' lang='lat' dir='ltr'><strong>hanc</strong></span> <span class='ocrx_word' id='word_1_209' title='bbox 1230 1653 1365 1726; x_wconf 88' lang='lat' dir='ltr'><strong>petissent</strong></span> <span class='ocrx_word' id='word_1_210' title='bbox 1375 1653 1473 1711; x_wconf 91' lang='lat' dir='ltr'><strong>urbem</strong></span> <span class='ocrx_word' id='word_1_211' title='bbox 1483 1654 1566 1724; x_wconf 81' lang='lat' dir='ltr'><strong>hujus</strong></span> <span class='ocrx_word' id='word_1_212' title='bbox 1585 1654 1737 1712; x_wconf 91' lang='lat' dir='ltr'><strong>admirabi-</strong></span> 
     </span>
     <span class='ocr_line' id='line_1_17' title="bbox 63 1720 1738 1821; baseline 0.001 -18"><span class='ocrx_word' id='word_1_213' title='bbox 63 1747 183 1803; x_wconf 86' lang='lat' dir='ltr'><strong>verbera</strong></span> <span class='ocrx_word' id='word_1_214' title='bbox 193 1753 282 1801; x_wconf 91' lang='lat' dir='ltr'><strong>sanat.</strong></span> <span class='ocrx_word' id='word_1_215' title='bbox 313 1743 360 1800; x_wconf 87' lang='lat' dir='ltr'><strong>llis</strong></span> <span class='ocrx_word' id='word_1_216' title='bbox 382 1743 473 1811; x_wconf 87' lang='lat' dir='ltr'><strong>dictis,</strong></span> <span class='ocrx_word' id='word_1_217' title='bbox 500 1744 534 1798; x_wconf 86' lang='lat' dir='ltr'><strong>ab</strong></span> <span class='ocrx_word' id='word_1_218' title='bbox 559 1739 873 1814; x_wconf 77' lang='lat' dir='ltr'><strong>eJusrecessitvisibus,</strong></span> <span class='ocrx_word' id='word_1_219' title='bbox 891 1720 1097 1802; x_wconf 84' lang='lat' dir='ltr'><strong>Btisdominae</strong></span> <span class='ocrx_word' id='word_1_220' title='bbox 1125 1745 1294 1819; x_wconf 91' lang='lat' dir='ltr'><strong>requirendo</strong></span> <span class='ocrx_word' id='word_1_221' title='bbox 1323 1745 1455 1821; x_wconf 86' lang='lat' dir='ltr'><strong>suffragia</strong></span> <span class='ocrx_word' id='word_1_222' title='bbox 1482 1763 1588 1820; x_wconf 87' lang='lat' dir='ltr'><strong>suaque</strong></span> <span class='ocrx_word' id='word_1_223' title='bbox 1615 1758 1678 1805; x_wconf 92' lang='lat' dir='ltr'><strong>vota</strong></span> <span class='ocrx_word' id='word_1_224' title='bbox 1694 1748 1738 1805; x_wconf 83' lang='lat' dir='ltr'><strong>ie-</strong></span> 
     </span>
     <span class='ocr_line' id='line_1_18' title="bbox 63 1831 1739 1913; baseline 0.001 -19"><span class='ocrx_word' id='word_1_225' title='bbox 63 1840 125 1895; x_wconf 91' lang='lat' dir='ltr'><strong>suis</strong></span> <span class='ocrx_word' id='word_1_226' title='bbox 133 1837 236 1908; x_wconf 91' lang='lat' dir='ltr'><strong>stipata</strong></span> <span class='ocrx_word' id='word_1_227' title='bbox 253 1835 412 1892; x_wconf 86' lang='lat' dir='ltr'><strong>comitibus.</strong></span> <span class='ocrx_word' id='word_1_228' title='bbox 428 1835 528 1909; x_wconf 89' lang='lat' dir='ltr'><strong>Sicque</strong></span> <span class='ocrx_word' id='word_1_229' title='bbox 541 1850 604 1891; x_wconf 82' lang='lat' dir='ltr'><strong>mox</strong></span> <span class='ocrx_word' id='word_1_230' title='bbox 631 1833 715 1890; x_wconf 84' lang='lat' dir='ltr'><strong>irater</strong></span> <span class='ocrx_word' id='word_1_231' title='bbox 729 1832 803 1888; x_wconf 91' lang='lat' dir='ltr'><strong>idem</strong></span> <span class='ocrx_word' id='word_1_232' title='bbox 815 1831 876 1888; x_wconf 93' lang='lat' dir='ltr'><strong>col-</strong></span> <span class='ocrx_word' id='word_1_233' title='bbox 928 1835 1026 1902; x_wconf 85' lang='lat' dir='ltr'><strong>raudo,</strong></span> <span class='ocrx_word' id='word_1_234' title='bbox 1043 1835 1169 1908; x_wconf 83' lang='lat' dir='ltr'><strong>quaedaru</strong></span> <span class='ocrx_word' id='word_1_235' title='bbox 1186 1835 1259 1892; x_wconf 85' lang='lat' dir='ltr'><strong>villae</strong></span> <span class='ocrx_word' id='word_1_236' title='bbox 1283 1843 1417 1894; x_wconf 91' lang='lat' dir='ltr'><strong>consueta</strong></span> <span class='ocrx_word' id='word_1_237' title='bbox 1441 1852 1565 1910; x_wconf 88' lang='lat' dir='ltr'><strong>quaerere</strong></span> <span class='ocrx_word' id='word_1_238' title='bbox 1591 1837 1739 1913; x_wconf 85' lang='lat' dir='ltr'><strong>neglexere</strong></span> 
     </span>
     <span class='ocr_line' id='line_1_19' title="bbox 62 1922 1739 2001; baseline 0.003 -19"><span class='ocrx_word' id='word_1_239' title='bbox 62 1928 121 1982; x_wconf 89' lang='lat' dir='ltr'><strong>lata</strong></span> <span class='ocrx_word' id='word_1_240' title='bbox 140 1925 196 1980; x_wconf 89' lang='lat' dir='ltr'><strong>sibi</strong></span> <span class='ocrx_word' id='word_1_241' title='bbox 212 1924 391 1981; x_wconf 79' lang='lat' dir='ltr'><strong>salutelaetus</strong></span> <span class='ocrx_word' id='word_1_242' title='bbox 418 1923 551 1998; x_wconf 81' lang='lat' dir='ltr'><strong>exsurgit,</strong></span> <span class='ocrx_word' id='word_1_243' title='bbox 565 1930 593 1980; x_wconf 89' lang='lat' dir='ltr'><strong>et</strong></span> <span class='ocrx_word' id='word_1_244' title='bbox 608 1923 642 1978; x_wconf 91' lang='lat' dir='ltr'><strong>ad</strong></span> <span class='ocrx_word' id='word_1_245' title='bbox 654 1922 792 1994; x_wconf 85' lang='lat' dir='ltr'><strong>explenda</strong></span> <span class='ocrx_word' id='word_1_246' title='bbox 802 1922 878 1990; x_wconf 75' lang='lat' dir='ltr'><strong>iussa</strong></span> <span class='ocrx_word' id='word_1_247' title='bbox 928 1926 1198 1998; x_wconf 83' lang='lat' dir='ltr'><strong>praesidia.Quarum</strong></span> <span class='ocrx_word' id='word_1_248' title='bbox 1213 1942 1317 1984; x_wconf 89' lang='lat' dir='ltr'><strong>messes</strong></span> <span class='ocrx_word' id='word_1_249' title='bbox 1336 1927 1465 1999; x_wconf 85' lang='lat' dir='ltr'><strong>cumjam</strong></span> <span class='ocrx_word' id='word_1_250' title='bbox 1494 1935 1606 2001; x_wconf 92' lang='lat' dir='ltr'><strong>tempus</strong></span> <span class='ocrx_word' id='word_1_251' title='bbox 1621 1928 1739 1987; x_wconf 85' lang='lat' dir='ltr'><strong>instaret</strong></span> 
     </span>
     <span class='ocr_line' id='line_1_20' title="bbox 62 2011 1734 2093; baseline -0.004 -12"><span class='ocrx_word' id='word_1_252' title='bbox 62 2015 264 2081; x_wconf 73' lang='lat' dir='ltr'><strong>testinansita</strong></span> <span class='ocrx_word' id='word_1_253' title='bbox 290 2030 375 2070; x_wconf 78' lang='lat' dir='ltr'><strong>sanus</strong></span> <span class='ocrx_word' id='word_1_254' title='bbox 402 2019 430 2069; x_wconf 87' lang='lat' dir='ltr'><strong>et</strong></span> <span class='ocrx_word' id='word_1_255' title='bbox 457 2011 742 2078; x_wconf 77' lang='lat' dir='ltr'><strong>alacereffectusest</strong></span> <span class='ocrx_word' id='word_1_256' title='bbox 759 2018 875 2067; x_wconf 84' lang='lat' dir='ltr'><strong>utnun-</strong></span> <span class='ocrx_word' id='word_1_257' title='bbox 925 2015 1058 2083; x_wconf 71' lang='lat' dir='ltr'><strong>meandi,</strong></span> <span class='ocrx_word' id='word_1_258' title='bbox 1072 2022 1148 2072; x_wconf 80' lang='lat' dir='ltr'><strong>tanta</strong></span> <span class='ocrx_word' id='word_1_259' title='bbox 1162 2016 1335 2089; x_wconf 81' lang='lat' dir='ltr'><strong>tempestatis</strong></span> <span class='ocrx_word' id='word_1_260' title='bbox 1363 2025 1429 2073; x_wconf 80' lang='lat' dir='ltr'><strong>sunt</strong></span> <span class='ocrx_word' id='word_1_261' title='bbox 1456 2017 1557 2073; x_wconf 76' lang='lat' dir='ltr'><strong>attritae</strong></span> <span class='ocrx_word' id='word_1_262' title='bbox 1585 2018 1734 2093; x_wconf 78' lang='lat' dir='ltr'><strong>grandine,</strong></span> 
     </span>
     <span class='ocr_line' id='line_1_21' title="bbox 62 2103 1733 2186; baseline 0.004 -22"><span class='ocrx_word' id='word_1_263' title='bbox 62 2125 148 2182; x_wconf 90' lang='lat' dir='ltr'><strong>quam</strong></span> <span class='ocrx_word' id='word_1_264' title='bbox 164 2107 283 2164; x_wconf 89' lang='lat' dir='ltr'><strong>alacrior</strong></span> <span class='ocrx_word' id='word_1_265' title='bbox 300 2123 363 2162; x_wconf 90' lang='lat' dir='ltr'><strong>osse</strong></span> <span class='ocrx_word' id='word_1_266' title='bbox 375 2107 506 2179; x_wconf 88' lang='lat' dir='ltr'><strong>potuerit.</strong></span> <span class='ocrx_word' id='word_1_267' title='bbox 528 2106 590 2162; x_wconf 85' lang='lat' dir='ltr'><strong>llaec</strong></span> <span class='ocrx_word' id='word_1_268' title='bbox 602 2114 632 2161; x_wconf 93' lang='lat' dir='ltr'><strong>ut</strong></span> <span class='ocrx_word' id='word_1_269' title='bbox 644 2105 741 2161; x_wconf 90' lang='lat' dir='ltr'><strong>eodem</strong></span> <span class='ocrx_word' id='word_1_270' title='bbox 757 2103 875 2177; x_wconf 76' lang='lat' dir='ltr'><strong>presby·</strong></span> <span class='ocrx_word' id='word_1_271' title='bbox 925 2116 956 2165; x_wconf 89' lang='lat' dir='ltr'><strong>ut</strong></span> <span class='ocrx_word' id='word_1_272' title='bbox 971 2124 1041 2180; x_wconf 88' lang='lat' dir='ltr'><strong>pene</strong></span> <span class='ocrx_word' id='word_1_273' title='bbox 1051 2109 1144 2164; x_wconf 87' lang='lat' dir='ltr'><strong>omnia</strong></span> <span class='ocrx_word' id='word_1_274' title='bbox 1157 2125 1252 2165; x_wconf 88' lang='lat' dir='ltr'><strong>corum</strong></span> <span class='ocrx_word' id='word_1_275' title='bbox 1268 2109 1403 2182; x_wconf 91' lang='lat' dir='ltr'><strong>perierint</strong></span> <span class='ocrx_word' id='word_1_276' title='bbox 1417 2116 1492 2176; x_wconf 80' lang='lat' dir='ltr'><strong>sata3</strong></span> <span class='ocrx_word' id='word_1_277' title='bbox 1506 2111 1595 2167; x_wconf 77' lang='lat' dir='ltr'><strong>vineae</strong></span> <span class='ocrx_word' id='word_1_278' title='bbox 1608 2128 1733 2186; x_wconf 87' lang='lat' dir='ltr'><strong>quoque,</strong></span> 
     </span>
     <span class='ocr_line' id='line_1_22' title="bbox 63 2194 1733 2270; baseline 0.003 -17"><span class='ocrx_word' id='word_1_279' title='bbox 63 2208 125 2255; x_wconf 87' lang='lat' dir='ltr'><strong>tero</strong></span> <span class='ocrx_word' id='word_1_280' title='bbox 141 2203 272 2253; x_wconf 88' lang='lat' dir='ltr'><strong>narrante</strong></span> <span class='ocrx_word' id='word_1_281' title='bbox 286 2195 447 2264; x_wconf 90' lang='lat' dir='ltr'><strong>didicimus,</strong></span> <span class='ocrx_word' id='word_1_282' title='bbox 462 2195 498 2253; x_wconf 88' lang='lat' dir='ltr'><strong>ita</strong></span> <span class='ocrx_word' id='word_1_283' title='bbox 518 2195 677 2252; x_wconf 85' lang='lat' dir='ltr'><strong>describere</strong></span> <span class='ocrx_word' id='word_1_284' title='bbox 704 2209 816 2267; x_wconf 88' lang='lat' dir='ltr'><strong>quoque</strong></span> <span class='ocrx_word' id='word_1_285' title='bbox 830 2194 876 2250; x_wconf 89' lang='lat' dir='ltr'><strong>di·</strong></span> <span class='ocrx_word' id='word_1_286' title='bbox 925 2196 1030 2253; x_wconf 90' lang='lat' dir='ltr'><strong>adustis</strong></span> <span class='ocrx_word' id='word_1_287' title='bbox 1045 2197 1194 2270; x_wconf 81' lang='lat' dir='ltr'><strong>tractisque</strong></span> <span class='ocrx_word' id='word_1_288' title='bbox 1210 2198 1359 2270; x_wconf 88' lang='lat' dir='ltr'><strong>pampinis,</strong></span> <span class='ocrx_word' id='word_1_289' title='bbox 1388 2216 1501 2255; x_wconf 91' lang='lat' dir='ltr'><strong>uvarum</strong></span> <span class='ocrx_word' id='word_1_290' title='bbox 1516 2201 1659 2258; x_wconf 89' lang='lat' dir='ltr'><strong>amiserint</strong></span> <span class='ocrx_word' id='word_1_291' title='bbox 1672 2202 1733 2258; x_wconf 84' lang='lat' dir='ltr'><strong>iru-</strong></span> 
     </span>
     <span class='ocr_line' id='line_1_23' title="bbox 62 2286 1733 2365; baseline 0.005 -22"><span class='ocrx_word' id='word_1_292' title='bbox 62 2304 152 2365; x_wconf 84' lang='lat' dir='ltr'><strong>gnum</strong></span> <span class='ocrx_word' id='word_1_293' title='bbox 167 2286 219 2343; x_wconf 87' lang='lat' dir='ltr'><strong>rati</strong></span> <span class='ocrx_word' id='word_1_294' title='bbox 234 2301 340 2342; x_wconf 91' lang='lat' dir='ltr'><strong>sumus.</strong></span> <span class='ocrx_word' id='word_1_295' title='bbox 926 2297 1010 2345; x_wconf 92' lang='lat' dir='ltr'><strong>etum.</strong></span> <span class='ocrx_word' id='word_1_296' title='bbox 1027 2290 1126 2347; x_wconf 82' lang='lat' dir='ltr'><strong>Eorum</strong></span> <span class='ocrx_word' id='word_1_297' title='bbox 1141 2306 1207 2347; x_wconf 90' lang='lat' dir='ltr'><strong>vero</strong></span> <span class='ocrx_word' id='word_1_298' title='bbox 1223 2289 1293 2347; x_wconf 84' lang='lat' dir='ltr'><strong>lines</strong></span> <span class='ocrx_word' id='word_1_299' title='bbox 1319 2292 1367 2365; x_wconf 92' lang='lat' dir='ltr'><strong>qui</strong></span> <span class='ocrx_word' id='word_1_300' title='bbox 1383 2308 1413 2349; x_wconf 88' lang='lat' dir='ltr'><strong>se</strong></span> <span class='ocrx_word' id='word_1_301' title='bbox 1433 2293 1516 2362; x_wconf 88' lang='lat' dir='ltr'><strong>hujus</strong></span> <span class='ocrx_word' id='word_1_302' title='bbox 1530 2292 1662 2365; x_wconf 81' lang='lat' dir='ltr'><strong>piissimae</strong></span> <span class='ocrx_word' id='word_1_303' title='bbox 1678 2294 1733 2352; x_wconf 93' lang='lat' dir='ltr'><strong>do-</strong></span> 
     </span>
     <span class='ocr_line' id='line_1_24' title="bbox 378 2354 1736 2456; baseline 0.005 -24"><span class='ocrx_word' id='word_1_304' title='bbox 378 2354 483 2411; x_wconf 59' lang='lat' dir='ltr'><strong>CAPUT</strong></span> <span class='ocrx_word' id='word_1_305' title='bbox 493 2354 561 2410; x_wconf 70' lang='lat' dir='ltr'><strong>Vlfl&#39;</strong></span> <span class='ocrx_word' id='word_1_306' title='bbox 889 2420 900 2429; x_wconf 91' lang='lat'>.</span> <span class='ocrx_word' id='word_1_307' title='bbox 927 2381 1080 2437; x_wconf 88' lang='lat' dir='ltr'><strong>minatricis</strong></span> <span class='ocrx_word' id='word_1_308' title='bbox 1095 2381 1221 2437; x_wconf 89' lang='lat' dir='ltr'><strong>muniere</strong></span> <span class='ocrx_word' id='word_1_309' title='bbox 1236 2381 1381 2451; x_wconf 87' lang='lat' dir='ltr'><strong>subsidiis,</strong></span> <span class='ocrx_word' id='word_1_310' title='bbox 1402 2397 1492 2455; x_wconf 89' lang='lat' dir='ltr'><strong>neque</strong></span> <span class='ocrx_word' id='word_1_311' title='bbox 1506 2389 1619 2456; x_wconf 85' lang='lat' dir='ltr'><strong>tangore</strong></span> <span class='ocrx_word' id='word_1_312' title='bbox 1634 2385 1736 2440; x_wconf 86' lang='lat' dir='ltr'><strong>nedum</strong></span> 
     </span>
     <span class='ocr_line' id='line_1_25' title="bbox 927 2475 1736 2552; baseline 0.007 -23"><span class='ocrx_word' id='word_1_313' title='bbox 927 2475 1030 2530; x_wconf 92' lang='lat' dir='ltr'><strong>intrare</strong></span> <span class='ocrx_word' id='word_1_314' title='bbox 1045 2476 1150 2550; x_wconf 83' lang='lat' dir='ltr'><strong>grando</strong></span> <span class='ocrx_word' id='word_1_315' title='bbox 1164 2475 1347 2548; x_wconf 71' lang='lat' dir='ltr'><strong>praesumpsit.</strong></span> <span class='ocrx_word' id='word_1_316' title='bbox 1369 2476 1612 2552; x_wconf 87' lang='lat' dir='ltr'><strong>Sicquodeinceps</strong></span> <span class='ocrx_word' id='word_1_317' title='bbox 1631 2479 1736 2545; x_wconf 82' lang='lat' dir='ltr'><strong>iambi,</strong></span> 
     </span>
     <span class='ocr_line' id='line_1_26' title="bbox 928 2565 1736 2642; baseline 0.007 -22"><span class='ocrx_word' id='word_1_318' title='bbox 928 2565 1367 2642; x_wconf 84' lang='lat' dir='ltr'><strong>quamcaeteriquiqueeontigui,</strong></span> <span class='ocrx_word' id='word_1_319' title='bbox 1384 2567 1736 2642; x_wconf 87' lang='lat' dir='ltr'><strong>promptiuslibentiusque</strong></span> 
     </span>
     <span class='ocr_line' id='line_1_27' title="bbox 928 2656 1735 2732; baseline 0.006 -21"><span class='ocrx_word' id='word_1_320' title='bbox 928 2656 1071 2711; x_wconf 84' lang='lat' dir='ltr'><strong>annuatim</strong></span> <span class='ocrx_word' id='word_1_321' title='bbox 1092 2656 1217 2725; x_wconf 77' lang='lat' dir='ltr'><strong>eiusdem</strong></span> <span class='ocrx_word' id='word_1_322' title='bbox 1245 2656 1365 2712; x_wconf 80' lang='lat' dir='ltr'><strong>dominae</strong></span> <span class='ocrx_word' id='word_1_323' title='bbox 1392 2665 1502 2727; x_wconf 82' lang='lat' dir='ltr'><strong>nostrae,</strong></span> <span class='ocrx_word' id='word_1_324' title='bbox 1519 2659 1606 2714; x_wconf 88' lang='lat' dir='ltr'><strong>sancti</strong></span> <span class='ocrx_word' id='word_1_325' title='bbox 1622 2675 1735 2732; x_wconf 87' lang='lat' dir='ltr'><strong>quoque</strong></span> 
     </span>
     <span class='ocr_line' id='line_1_28' title="bbox 929 2747 1736 2822; baseline 0.002 -19"><span class='ocrx_word' id='word_1_326' title='bbox 929 2747 1056 2822; x_wconf 81' lang='lat' dir='ltr'><strong>Remigii,</strong></span> <span class='ocrx_word' id='word_1_327' title='bbox 1085 2754 1305 2819; x_wconf 89' lang='lat' dir='ltr'><strong>caeterorumque</strong></span> <span class='ocrx_word' id='word_1_328' title='bbox 1328 2753 1486 2803; x_wconf 88' lang='lat' dir='ltr'><strong>sanctorum</strong></span> <span class='ocrx_word' id='word_1_329' title='bbox 1515 2749 1588 2804; x_wconf 91' lang='lat' dir='ltr'><strong>hanc</strong></span> <span class='ocrx_word' id='word_1_330' title='bbox 1615 2749 1736 2805; x_wconf 83' lang='lat' dir='ltr'><strong>Remea·</strong></span> 
     </span>
    </p>
   </div>
   <div class='ocr_carea' id='block_1_3' title="bbox 62 2443 1738 3069">
    <p class='ocr_par' dir='ltr' id='par_1_3' title="bbox 62 2443 1738 3069">
     <span class='ocr_line' id='line_1_29' title="bbox 239 2443 703 2516; baseline -0.006 -15"><span class='ocrx_word' id='word_1_331' title='bbox 239 2448 276 2501; x_wconf 83' lang='lat' dir='ltr'><strong>De</strong></span> <span class='ocrx_word' id='word_1_332' title='bbox 290 2446 354 2501; x_wconf 83' lang='lat' dir='ltr'><strong>aliis</strong></span> <span class='ocrx_word' id='word_1_333' title='bbox 370 2445 536 2516; x_wconf 84' lang='lat' dir='ltr'><strong>quibusdum</strong></span> <span class='ocrx_word' id='word_1_334' title='bbox 551 2443 703 2499; x_wconf 81' lang='lat' dir='ltr'><strong>miraculis.</strong></span> 
     </span>
     <span class='ocr_line' id='line_1_30' title="bbox 101 2534 878 2612; baseline -0.003 -18"><span class='ocrx_word' id='word_1_335' title='bbox 101 2538 280 2611; x_wconf 84' lang='lat' dir='ltr'><strong>llaecinclyta</strong></span> <span class='ocrx_word' id='word_1_336' title='bbox 293 2537 353 2593; x_wconf 81' lang='lat' dir='ltr'><strong>caeli</strong></span> <span class='ocrx_word' id='word_1_337' title='bbox 368 2537 475 2612; x_wconf 87' lang='lat' dir='ltr'><strong>regina,</strong></span> <span class='ocrx_word' id='word_1_338' title='bbox 501 2544 531 2592; x_wconf 92' lang='lat' dir='ltr'><strong>ut</strong></span> <span class='ocrx_word' id='word_1_339' title='bbox 556 2534 708 2592; x_wconf 90' lang='lat' dir='ltr'><strong>subvenire</strong></span> <span class='ocrx_word' id='word_1_340' title='bbox 723 2536 796 2593; x_wconf 91' lang='lat' dir='ltr'><strong>solet</strong></span> <span class='ocrx_word' id='word_1_341' title='bbox 823 2537 878 2592; x_wconf 90' lang='lat' dir='ltr'><strong>hu-</strong></span> 
     </span>
     <span class='ocr_line' id='line_1_31' title="bbox 64 2627 877 2701; baseline -0.005 -14"><span class='ocrx_word' id='word_1_342' title='bbox 64 2632 169 2687; x_wconf 80' lang='lat' dir='ltr'><strong>miliae</strong></span> <span class='ocrx_word' id='word_1_343' title='bbox 184 2630 268 2687; x_wconf 92' lang='lat' dir='ltr'><strong>corde</strong></span> <span class='ocrx_word' id='word_1_344' title='bbox 298 2629 469 2701; x_wconf 87' lang='lat' dir='ltr'><strong>petentibus,</strong></span> <span class='ocrx_word' id='word_1_345' title='bbox 496 2628 536 2684; x_wconf 89' lang='lat' dir='ltr'><strong>sic</strong></span> <span class='ocrx_word' id='word_1_346' title='bbox 562 2627 591 2682; x_wconf 90' lang='lat' dir='ltr'><strong>in</strong></span> <span class='ocrx_word' id='word_1_347' title='bbox 606 2634 821 2699; x_wconf 88' lang='lat' dir='ltr'><strong>praesumptores</strong></span> <span class='ocrx_word' id='word_1_348' title='bbox 834 2630 877 2685; x_wconf 92' lang='lat' dir='ltr'><strong>vel</strong></span> 
     </span>
     <span class='ocr_line' id='line_1_32' title="bbox 62 2717 875 2801; baseline -0.006 -25"><span class='ocrx_word' id='word_1_349' title='bbox 62 2726 285 2801; x_wconf 84' lang='lat' dir='ltr'><strong>contemptores,</strong></span> <span class='ocrx_word' id='word_1_350' title='bbox 313 2717 428 2774; x_wconf 89' lang='lat' dir='ltr'><strong>ultionis</strong></span> <span class='ocrx_word' id='word_1_351' title='bbox 450 2732 649 2788; x_wconf 89' lang='lat' dir='ltr'><strong>nonnunquam</strong></span> <span class='ocrx_word' id='word_1_352' title='bbox 668 2731 765 2787; x_wconf 79' lang='lat' dir='ltr'><strong>paenas</strong></span> <span class='ocrx_word' id='word_1_353' title='bbox 780 2717 875 2774; x_wconf 85' lang='lat' dir='ltr'><strong>exerit.</strong></span> 
     </span>
     <span class='ocr_line' id='line_1_33' title="bbox 63 2804 1738 2914; baseline -0.001 -14"><span class='ocrx_word' id='word_1_354' title='bbox 63 2806 144 2908; x_wconf 51' lang='lat' dir='ltr'><strong>Qu‘fd</strong></span> <span class='ocrx_word' id='word_1_355' title='bbox 156 2821 201 2878; x_wconf 52' lang='grc' dir='ltr'><strong>με</strong></span> <span class='ocrx_word' id='word_1_356' title='bbox 216 2821 336 2908; x_wconf 50' lang='lat' dir='ltr'><strong>wne,</strong></span> <span class='ocrx_word' id='word_1_357' title='bbox 352 2804 416 2908; x_wconf 54' lang='lat' dir='ltr'><strong>fleu,</strong></span> <span class='ocrx_word' id='word_1_358' title='bbox 444 2805 593 2872; x_wconf 41' lang='grc' dir='ltr'><strong>ΜΝ</strong></span> <span class='ocrx_word' id='word_1_359' title='bbox 609 2813 639 2860; x_wconf 59' lang='grc' dir='ltr'>ω</span> <span class='ocrx_word' id='word_1_360' title='bbox 652 2805 735 2861; x_wconf 70' lang='lat' dir='ltr'>h¹⁰¹⁰</span> <span class='ocrx_word' id='word_1_361' title='bbox 747 2812 876 2907; x_wconf 38' lang='lat'><strong>&amp;⁸⁰⁰⁰</strong></span> <span class='ocrx_word' id='word_1_362' title='bbox 927 2856 985 2896; x_wconf 88' lang='lat' dir='ltr'><strong>sem</strong></span> <span class='ocrx_word' id='word_1_363' title='bbox 1001 2840 1136 2896; x_wconf 85' lang='lat' dir='ltr'><strong>adeuntes</strong></span> <span class='ocrx_word' id='word_1_364' title='bbox 1149 2839 1259 2904; x_wconf 86' lang='lat' dir='ltr'><strong>urbem,</strong></span> <span class='ocrx_word' id='word_1_365' title='bbox 1276 2846 1480 2897; x_wconf 86' lang='lat' dir='ltr'><strong>consueverunt</strong></span> <span class='ocrx_word' id='word_1_366' title='bbox 1499 2847 1631 2913; x_wconf 86' lang='lat' dir='ltr'><strong>expetere</strong></span> <span class='ocrx_word' id='word_1_367' title='bbox 1647 2847 1738 2914; x_wconf 87' lang='lat' dir='ltr'><strong>potro-</strong></span> 
     </span>
     <span class='ocr_line' id='line_1_34' title="bbox 63 2896 1011 2990; baseline -0.002 -37"><span class='ocrx_word' id='word_1_368' title='bbox 63 2897 296 2970; x_wconf 84' lang='lat' dir='ltr'><strong>delrnqueutrbus</strong></span> <span class='ocrx_word' id='word_1_369' title='bbox 309 2897 395 2974; x_wconf 83' lang='lat' dir='ltr'><strong>digna</strong></span> <span class='ocrx_word' id='word_1_370' title='bbox 408 2906 570 2972; x_wconf 80' lang='lat' dir='ltr'><strong>ingerantur</strong></span> <span class='ocrx_word' id='word_1_371' title='bbox 598 2896 724 2960; x_wconf 86' lang='lat' dir='ltr'><strong>verbera,</strong></span> <span class='ocrx_word' id='word_1_372' title='bbox 740 2913 776 2952; x_wconf 92' lang='lat' dir='ltr'><strong>ne</strong></span> <span class='ocrx_word' id='word_1_373' title='bbox 791 2914 820 2952; x_wconf 89' lang='lat' dir='ltr'><strong>m</strong></span> <span class='ocrx_word' id='word_1_374' title='bbox 834 2896 878 2952; x_wconf 92' lang='lat' dir='ltr'><strong>su·</strong></span> <span class='ocrx_word' id='word_1_375' title='bbox 927 2931 1011 2990; x_wconf 43' lang='lat' dir='ltr'>cini&amp;</span> 
     </span>
     <span class='ocr_line' id='line_1_35' title="bbox 64 2991 1415 3069; baseline -0.004 -21"><span class='ocrx_word' id='word_1_376' title='bbox 64 3002 129 3048; x_wconf 93' lang='lat' dir='ltr'><strong>turo</strong></span> <span class='ocrx_word' id='word_1_377' title='bbox 144 2992 274 3069; x_wconf 87' lang='lat' dir='ltr'><strong>graviora</strong></span> <span class='ocrx_word' id='word_1_378' title='bbox 288 3007 336 3048; x_wconf 89' lang='lat' dir='ltr'><strong>eos</strong></span> <span class='ocrx_word' id='word_1_379' title='bbox 361 2992 521 3048; x_wconf 82' lang='lat' dir='ltr'><strong>excrucient</strong></span> <span class='ocrx_word' id='word_1_380' title='bbox 536 2997 681 3047; x_wconf 91' lang='lat' dir='ltr'><strong>tormenta.</strong></span> <span class='ocrx_word' id='word_1_381' title='bbox 696 2991 774 3058; x_wconf 85' lang='lat' dir='ltr'><strong>Quod</strong></span> <span class='ocrx_word' id='word_1_382' title='bbox 784 3000 876 3047; x_wconf 91' lang='lat' dir='ltr'><strong>autem</strong></span> <span class='ocrx_word' id='word_1_383' title='bbox 1249 3002 1355 3059; x_wconf 69' lang='lat' dir='ltr'><strong>qqpup</strong></span> <span class='ocrx_word' id='word_1_384' title='bbox 1371 3003 1415 3059; x_wconf 67' lang='grc' dir='ltr'><strong>ιχ,</strong></span> 
     </span>
    </p>
   </div>
   <div class='ocr_carea' id='block_1_4' title="bbox 64 3084 1752 3247">
    <p class='ocr_par' dir='ltr' id='par_1_4' title="bbox 64 3084 1752 3247">
     <span class='ocr_line' id='line_1_36' title="bbox 64 3084 1752 3182; baseline -0.003 -40"><span class='ocrx_word' id='word_1_385' title='bbox 64 3085 287 3142; x_wconf 89' lang='lat' dir='ltr'><strong>mododictums</strong></span> <span class='ocrx_word' id='word_1_386' title='bbox 306 3101 368 3140; x_wconf 89' lang='lat' dir='ltr'><strong>sum</strong></span> <span class='ocrx_word' id='word_1_387' title='bbox 396 3100 452 3140; x_wconf 91' lang='lat' dir='ltr'><strong>nou</strong></span> <span class='ocrx_word' id='word_1_388' title='bbox 482 3085 543 3156; x_wconf 90' lang='lat' dir='ltr'><strong>ipse</strong></span> <span class='ocrx_word' id='word_1_389' title='bbox 567 3084 636 3152; x_wconf 90' lang='lat' dir='ltr'><strong>vidi,</strong></span> <span class='ocrx_word' id='word_1_390' title='bbox 662 3084 711 3140; x_wconf 88' lang='lat' dir='ltr'><strong>sed</strong></span> <span class='ocrx_word' id='word_1_391' title='bbox 726 3084 877 3140; x_wconf 92' lang='lat' dir='ltr'><strong>multorum</strong></span> <span class='ocrx_word' id='word_1_392' title='bbox 963 3114 1000 3166; x_wconf 55' lang='lat' dir='ltr'><strong>D,</strong></span> <span class='ocrx_word' id='word_1_393' title='bbox 1018 3110 1136 3167; x_wconf 60' lang='lat' dir='ltr'><strong><em>secunda</em></strong></span> <span class='ocrx_word' id='word_1_394' title='bbox 1151 3111 1222 3165; x_wconf 60' lang='lat' dir='ltr'><strong>gea„-</strong></span> <span class='ocrx_word' id='word_1_395' title='bbox 1242 3111 1355 3180; x_wconf 53' lang='lat' dir='ltr'><strong>Remigii</strong></span> <span class='ocrx_word' id='word_1_396' title='bbox 1379 3114 1497 3182; x_wconf 57' lang='lat' dir='ltr'><strong><em>cmm-3</em></strong></span> <span class='ocrx_word' id='word_1_397' title='bbox 1512 3112 1699 3169; x_wconf 38' lang='lat' dir='ltr'><strong>,ramma-one·</strong></span> <span class='ocrx_word' id='word_1_398' title='bbox 1745 3102 1752 3115; x_wconf 88' lang='lat'><strong>·</strong></span> 
     </span>
     <span class='ocr_line' id='line_1_37' title="bbox 65 3173 876 3247; baseline -0.002 -16"><span class='ocrx_word' id='word_1_399' title='bbox 65 3177 156 3233; x_wconf 91' lang='lat' dir='ltr'><strong>relatu</strong></span> <span class='ocrx_word' id='word_1_400' title='bbox 179 3175 291 3231; x_wconf 87' lang='lat' dir='ltr'><strong>Patrum</strong></span> <span class='ocrx_word' id='word_1_401' title='bbox 321 3175 425 3231; x_wconf 88' lang='lat' dir='ltr'><strong>narrari</strong></span> <span class='ocrx_word' id='word_1_402' title='bbox 451 3174 613 3247; x_wconf 82' lang='lat' dir='ltr'><strong>frequenter</strong></span> <span class='ocrx_word' id='word_1_403' title='bbox 630 3173 734 3229; x_wconf 90' lang='lat' dir='ltr'><strong>audivi.</strong></span> <span class='ocrx_word' id='word_1_404' title='bbox 760 3174 876 3240; x_wconf 72' lang='lat' dir='ltr'><strong>Quidam</strong></span> 
     </span>
    </p>
   </div>
   <div class='ocr_carea' id='block_1_5' title="bbox 64 3220 1738 3611">
    <p class='ocr_par' dir='ltr' id='par_1_5' title="bbox 64 3220 1738 3611">
     <span class='ocr_line' id='line_1_38' title="bbox 65 3220 1736 3339; baseline 0.004 -19"><span class='ocrx_word' id='word_1_405' title='bbox 65 3282 98 3320; x_wconf 86' lang='lat' dir='ltr'><strong>ex</strong></span> <span class='ocrx_word' id='word_1_406' title='bbox 113 3262 874 3339; x_wconf 82' lang='lat' dir='ltr'><strong>clericisuostraecougregationis,Beruardusnomine,</strong></span> <span class='ocrx_word' id='word_1_407' title='bbox 963 3220 1094 3326; x_wconf 50' lang='grc' dir='ltr'><strong>ΜΨ</strong></span> <span class='ocrx_word' id='word_1_408' title='bbox 1132 3220 1254 3324; x_wconf 37' lang='lat' dir='ltr'>{lemque</span> <span class='ocrx_word' id='word_1_409' title='bbox 1290 3221 1390 3292; x_wconf 59' lang='lat' dir='ltr'>psaesul</span> <span class='ocrx_word' id='word_1_410' title='bbox 1416 3221 1580 3326; x_wconf 45' lang='lat' dir='ltr'>H&#39;Pcffnarus</span> <span class='ocrx_word' id='word_1_411' title='bbox 1612 3229 1736 3326; x_wconf 48' lang='lat' dir='ltr'><strong>cryptam</strong></span> 
     </span>
     <span class='ocr_line' id='line_1_39' title="bbox 64 3311 1738 3425; baseline 0.004 -16"><span class='ocrx_word' id='word_1_412' title='bbox 64 3361 159 3409; x_wconf 77' lang='lat' dir='ltr'><strong>custos</strong></span> <span class='ocrx_word' id='word_1_413' title='bbox 173 3353 256 3422; x_wconf 76' lang='lat' dir='ltr'><strong>buius</strong></span> <span class='ocrx_word' id='word_1_414' title='bbox 272 3359 333 3408; x_wconf 89' lang='lat' dir='ltr'><strong>erat</strong></span> <span class='ocrx_word' id='word_1_415' title='bbox 348 3351 474 3408; x_wconf 80' lang='lat' dir='ltr'><strong>ecclesiae</strong></span> <span class='ocrx_word' id='word_1_416' title='bbox 490 3352 553 3424; x_wconf 87' lang='lat' dir='ltr'><strong>;qui</strong></span> <span class='ocrx_word' id='word_1_417' title='bbox 565 3352 693 3423; x_wconf 89' lang='lat' dir='ltr'><strong>petitusa</strong></span> <span class='ocrx_word' id='word_1_418' title='bbox 710 3351 877 3425; x_wconf 89' lang='lat' dir='ltr'><strong>quibusdam</strong></span> <span class='ocrx_word' id='word_1_419' title='bbox 927 3315 1050 3387; x_wconf 56' lang='lat' dir='ltr'><strong>melam</strong></span> <span class='ocrx_word' id='word_1_420' title='bbox 1060 3329 1162 3420; x_wconf 56' lang='lat' dir='ltr'><strong>,wem</strong></span> <span class='ocrx_word' id='word_1_421' title='bbox 1176 3312 1211 3368; x_wconf 58' lang='lat' dir='ltr'><strong>ad</strong></span> <span class='ocrx_word' id='word_1_422' title='bbox 1227 3313 1313 3420; x_wconf 22' lang='lat' dir='ltr'><strong>pide?</strong></span> <span class='ocrx_word' id='word_1_423' title='bbox 1326 3311 1353 3419; x_wconf 76' lang='lat' dir='ltr'><strong>S,</strong></span> <span class='ocrx_word' id='word_1_424' title='bbox 1380 3314 1499 3418; x_wconf 49' lang='lat' dir='ltr'><strong>R⁰m¹3ff¹</strong></span> <span class='ocrx_word' id='word_1_425' title='bbox 1523 3321 1688 3383; x_wconf 53' lang='lat' dir='ltr'><strong>⁰⁰⁰⁸m¹¹¹t¹</strong></span> <span class='ocrx_word' id='word_1_426' title='bbox 1709 3323 1738 3373; x_wconf 43' lang='grc' dir='ltr'><strong>εἰ</strong></span> 
     </span>
     <span class='ocr_line' id='line_1_40' title="bbox 64 3407 1737 3516; baseline -0.021 -16"><span class='ocrx_word' id='word_1_427' title='bbox 64 3443 314 3516; x_wconf 85' lang='lat' dir='ltr'><strong>levibuspersonis</strong></span> <span class='ocrx_word' id='word_1_428' title='bbox 340 3442 377 3513; x_wconf 82' lang='lat' dir='ltr'><strong>(ut</strong></span> <span class='ocrx_word' id='word_1_429' title='bbox 406 3443 468 3515; x_wconf 87' lang='lat' dir='ltr'><strong>ipse</strong></span> <span class='ocrx_word' id='word_1_430' title='bbox 492 3451 555 3515; x_wconf 90' lang='lat' dir='ltr'><strong>post</strong></span> <span class='ocrx_word' id='word_1_431' title='bbox 573 3444 677 3515; x_wconf 91' lang='lat' dir='ltr'><strong>scripto</strong></span> <span class='ocrx_word' id='word_1_432' title='bbox 703 3444 877 3515; x_wconf 65' lang='lat' dir='ltr'><strong>monstravit)</strong></span> <span class='ocrx_word' id='word_1_433' title='bbox 927 3407 1168 3514; x_wconf 55' lang='lat' dir='ltr'><strong>⁰⁰splff³⁰d¹⁸d0¹¹¹</strong></span> <span class='ocrx_word' id='word_1_434' title='bbox 1194 3407 1348 3513; x_wconf 66' lang='lat' dir='ltr'><strong>beaitsstmt</strong></span> <span class='ocrx_word' id='word_1_435' title='bbox 1372 3415 1482 3512; x_wconf 84' lang='lat' dir='ltr'><strong>patroni</strong></span> <span class='ocrx_word' id='word_1_436' title='bbox 1497 3409 1531 3465; x_wconf 91' lang='lat' dir='ltr'><strong>de</strong></span> <span class='ocrx_word' id='word_1_437' title='bbox 1556 3409 1618 3465; x_wconf 87' lang='lat' dir='ltr'><strong>loeo</strong></span> <span class='ocrx_word' id='word_1_438' title='bbox 1633 3418 1737 3512; x_wconf 68' lang='lat' dir='ltr'><strong>cryptae</strong></span> 
     </span>
     <span class='ocr_line' id='line_1_41' title="bbox 65 3501 1738 3611; baseline 0.002 -59"><span class='ocrx_word' id='word_1_439' title='bbox 65 3542 207 3607; x_wconf 50' lang='lat' dir='ltr'><strong>quatenus</strong></span> <span class='ocrx_word' id='word_1_440' title='bbox 216 3533 287 3606; x_wconf 62' lang='lat' dir='ltr'>ipsis</span> <span class='ocrx_word' id='word_1_441' title='bbox 297 3535 426 3607; x_wconf 41' lang='grc' dir='ltr'><strong>φθόῃ</strong></span> <span class='ocrx_word' id='word_1_442' title='bbox 436 3543 594 3591; x_wconf 53' lang='lat' dir='ltr'>sanctorum</span> <span class='ocrx_word' id='word_1_443' title='bbox 612 3534 734 3590; x_wconf 56' lang='lat' dir='ltr'>dedisset</span> <span class='ocrx_word' id='word_1_444' title='bbox 750 3550 877 3611; x_wconf 48' lang='lat' dir='ltr'><strong>plgnom</strong></span> <span class='ocrx_word' id='word_1_445' title='bbox 928 3519 1040 3576; x_wconf 79' lang='lat' dir='ltr'><strong>prioris,</strong></span> <span class='ocrx_word' id='word_1_446' title='bbox 1051 3518 1106 3558; x_wconf 89' lang='lat' dir='ltr'><strong>una</strong></span> <span class='ocrx_word' id='word_1_447' title='bbox 1120 3519 1183 3559; x_wconf 88' lang='lat' dir='ltr'><strong>cum</strong></span> <span class='ocrx_word' id='word_1_448' title='bbox 1193 3504 1322 3575; x_wconf 88' lang='lat' dir='ltr'><strong>sepulcro</strong></span> <span class='ocrx_word' id='word_1_449' title='bbox 1336 3518 1425 3573; x_wconf 79' lang='lat' dir='ltr'><strong>ipsius</strong></span> <span class='ocrx_word' id='word_1_450' title='bbox 1444 3517 1473 3557; x_wconf 85' lang='lat' dir='ltr'><strong>tu</strong></span> <span class='ocrx_word' id='word_1_451' title='bbox 1488 3501 1597 3569; x_wconf 88' lang='lat' dir='ltr'><strong>eadem,</strong></span> <span class='ocrx_word' id='word_1_452' title='bbox 1613 3501 1738 3558; x_wconf 85' lang='lat' dir='ltr'><strong>collectus</strong></span> 
     </span>
    </p>
   </div>
   <div class='ocr_carea' id='block_1_6' title="bbox 65 3591 1739 3700">
    <p class='ocr_par' dir='ltr' id='par_1_6' title="bbox 65 3591 1739 3700">
     <span class='ocr_line' id='line_1_42' title="bbox 65 3591 1739 3700; baseline -0.001 -18"><span class='ocrx_word' id='word_1_453' title='bbox 65 3628 133 3683; x_wconf 90' lang='lat' dir='ltr'><strong>dum</strong></span> <span class='ocrx_word' id='word_1_454' title='bbox 149 3626 270 3700; x_wconf 87' lang='lat' dir='ltr'><strong>quadam</strong></span> <span class='ocrx_word' id='word_1_455' title='bbox 286 3626 332 3682; x_wconf 91' lang='lat' dir='ltr'><strong>die</strong></span> <span class='ocrx_word' id='word_1_456' title='bbox 342 3642 405 3682; x_wconf 90' lang='lat' dir='ltr'><strong>cum</strong></span> <span class='ocrx_word' id='word_1_457' title='bbox 419 3627 541 3699; x_wconf 88' lang='lat' dir='ltr'><strong>quodam</strong></span> <span class='ocrx_word' id='word_1_458' title='bbox 556 3641 642 3697; x_wconf 89' lang='lat' dir='ltr'><strong>puero</strong></span> <span class='ocrx_word' id='word_1_459' title='bbox 658 3625 703 3682; x_wconf 88' lang='lat' dir='ltr'><strong>hic</strong></span> <span class='ocrx_word' id='word_1_460' title='bbox 715 3626 792 3680; x_wconf 89' lang='lat' dir='ltr'><strong>solus</strong></span> <span class='ocrx_word' id='word_1_461' title='bbox 805 3632 879 3681; x_wconf 89' lang='lat' dir='ltr'><strong>esset</strong></span> <span class='ocrx_word' id='word_1_462' title='bbox 929 3592 1074 3650; x_wconf 62' lang='lat' dir='ltr'><strong>R⁰m⁰¹¹⁵i⁸</strong></span> <span class='ocrx_word' id='word_1_463' title='bbox 1101 3593 1256 3650; x_wconf 59' lang='lat' dir='ltr'><strong>dioeoeseoe</strong></span> <span class='ocrx_word' id='word_1_464' title='bbox 1282 3592 1433 3664; x_wconf 58' lang='lat' dir='ltr'><strong>epi⁸⁰⁰pi⁵’</strong></span> <span class='ocrx_word' id='word_1_465' title='bbox 1463 3600 1494 3649; x_wconf 66' lang='lat'><strong>¹¹²</strong></span> <span class='ocrx_word' id='word_1_466' title='bbox 1519 3591 1576 3662; x_wconf 57' lang='lat'><strong>5³⁰¹</strong></span> <span class='ocrx_word' id='word_1_467' title='bbox 1609 3591 1739 3664; x_wconf 57' lang='lat' dir='ltr'>superiffi</span> 
     </span>
    </p>
   </div>
   <div class='ocr_carea' id='block_1_7' title="bbox 66 3681 1738 3790">
    <p class='ocr_par' dir='ltr' id='par_1_7' title="bbox 66 3681 1738 3790">
     <span class='ocr_line' id='line_1_43' title="bbox 66 3681 1738 3790; baseline 0 -17"><span class='ocrx_word' id='word_1_468' title='bbox 66 3719 94 3773; x_wconf 95' lang='lat' dir='ltr'><strong>in</strong></span> <span class='ocrx_word' id='word_1_469' title='bbox 110 3717 226 3790; x_wconf 90' lang='lat' dir='ltr'><strong>templo,</strong></span> <span class='ocrx_word' id='word_1_470' title='bbox 241 3726 369 3790; x_wconf 90' lang='lat' dir='ltr'><strong>correpta</strong></span> <span class='ocrx_word' id='word_1_471' title='bbox 388 3717 506 3790; x_wconf 91' lang='lat' dir='ltr'><strong>quadam</strong></span> <span class='ocrx_word' id='word_1_472' title='bbox 533 3717 747 3790; x_wconf 85' lang='lat' dir='ltr'><strong>pixidc,iuqua</strong></span> <span class='ocrx_word' id='word_1_473' title='bbox 763 3725 876 3774; x_wconf 87' lang='lat' dir='ltr'><strong>sancto·</strong></span> <span class='ocrx_word' id='word_1_474' title='bbox 928 3683 1032 3782; x_wconf 52' lang='lat' dir='ltr'><strong>fimum</strong></span> <span class='ocrx_word' id='word_1_475' title='bbox 1059 3688 1101 3738; x_wconf 59' lang='lat'><strong>⁰⁸²</strong></span> <span class='ocrx_word' id='word_1_476' title='bbox 1129 3682 1186 3751; x_wconf 54' lang='lat' dir='ltr'><strong>‘lib&#39;</strong></span> <span class='ocrx_word' id='word_1_477' title='bbox 1212 3700 1232 3750; x_wconf 87' lang='lat'><strong>¹’</strong></span> <span class='ocrx_word' id='word_1_478' title='bbox 1261 3698 1322 3752; x_wconf 58' lang='grc' dir='ltr'><strong>ΜΡ·</strong></span> <span class='ocrx_word' id='word_1_479' title='bbox 1351 3681 1407 3750; x_wconf 57' lang='lat' dir='ltr'><em>m</em></span> <span class='ocrx_word' id='word_1_480' title='bbox 1437 3682 1578 3737; x_wconf 58' lang='lat' dir='ltr'>‘mmmm</span> <span class='ocrx_word' id='word_1_481' title='bbox 1594 3698 1600 3735; x_wconf 77' lang='lat'>²</span> <span class='ocrx_word' id='word_1_482' title='bbox 1617 3689 1645 3736; x_wconf 65' lang='lat'><strong>⁹¹</strong></span> <span class='ocrx_word' id='word_1_483' title='bbox 1673 3688 1738 3737; x_wconf 61' lang='lat' dir='ltr'><strong>ame</strong></span> 
     </span>
    </p>
   </div>
   <div class='ocr_carea' id='block_1_8' title="bbox 64 3768 1738 4281">
    <p class='ocr_par' dir='ltr' id='par_1_8' title="bbox 64 3768 1738 4281">
     <span class='ocr_line' id='line_1_44' title="bbox 65 3768 1737 3882; baseline -0.001 -16"><span class='ocrx_word' id='word_1_484' title='bbox 65 3828 127 3867; x_wconf 92' lang='lat' dir='ltr'><strong>rum</strong></span> <span class='ocrx_word' id='word_1_485' title='bbox 135 3810 353 3866; x_wconf 89' lang='lat' dir='ltr'><strong>continebantur</strong></span> <span class='ocrx_word' id='word_1_486' title='bbox 361 3809 576 3882; x_wconf 79' lang='lat' dir='ltr'><strong>reliquiae,ausu</strong></span> <span class='ocrx_word' id='word_1_487' title='bbox 592 3809 879 3881; x_wconf 82' lang='lat' dir='ltr'><strong>temerariopraesum-</strong></span> <span class='ocrx_word' id='word_1_488' title='bbox 929 3788 1017 3873; x_wconf 45' lang='lat' dir='ltr'>¹pff¹¹¹⁵</span> <span class='ocrx_word' id='word_1_489' title='bbox 1030 3770 1188 3873; x_wconf 43' lang='lat' dir='ltr'>sepulfmfn</span> <span class='ocrx_word' id='word_1_490' title='bbox 1203 3786 1274 3842; x_wconf 66' lang='lat'>⁰9⁰⁵</span> <span class='ocrx_word' id='word_1_491' title='bbox 1289 3785 1434 3872; x_wconf 40' lang='lat' dir='ltr'><strong>⁰3⁰ng</strong></span> <span class='ocrx_word' id='word_1_492' title='bbox 1448 3785 1530 3872; x_wconf 54' lang='grc' dir='ltr'><strong>,ΜΟ</strong></span> <span class='ocrx_word' id='word_1_493' title='bbox 1543 3768 1642 3834; x_wconf 47' lang='lat' dir='ltr'><strong>edm&#39;t&#39;</strong></span> <span class='ocrx_word' id='word_1_494' title='bbox 1658 3785 1737 3871; x_wconf 51' lang='grc' dir='ltr'><strong>ΒΨ</strong></span> 
     </span>
     <span class='ocr_line' id='line_1_45' title="bbox 68 3860 1738 3975; baseline -0.001 -17"><span class='ocrx_word' id='word_1_495' title='bbox 68 3905 125 3975; x_wconf 90' lang='lat' dir='ltr'><strong>psit</strong></span> <span class='ocrx_word' id='word_1_496' title='bbox 140 3902 261 3974; x_wconf 86' lang='lat' dir='ltr'><strong>aperire.</strong></span> <span class='ocrx_word' id='word_1_497' title='bbox 286 3903 345 3968; x_wconf 80' lang='lat' dir='ltr'><strong>Quo</strong></span> <span class='ocrx_word' id='word_1_498' title='bbox 369 3901 442 3959; x_wconf 85' lang='lat' dir='ltr'><strong>iacto</strong></span> <span class='ocrx_word' id='word_1_499' title='bbox 459 3902 546 3958; x_wconf 92' lang='lat' dir='ltr'><strong>nimio</strong></span> <span class='ocrx_word' id='word_1_500' title='bbox 560 3917 663 3974; x_wconf 87' lang='lat' dir='ltr'><strong>pavore</strong></span> <span class='ocrx_word' id='word_1_501' title='bbox 676 3902 842 3968; x_wconf 87' lang='lat' dir='ltr'><strong>concutitur,</strong></span> <span class='ocrx_word' id='word_1_502' title='bbox 852 3911 879 3957; x_wconf 91' lang='lat' dir='ltr'><strong>et</strong></span> <span class='ocrx_word' id='word_1_503' title='bbox 930 3879 1037 3935; x_wconf 56' lang='lat' dir='ltr'>“usque</span> <span class='ocrx_word' id='word_1_504' title='bbox 1053 3864 1190 3927; x_wconf 52' lang='lat' dir='ltr'>‘nsum’</span> <span class='ocrx_word' id='word_1_505' title='bbox 1210 3861 1358 3917; x_wconf 52' lang='lat' dir='ltr'>semmam</span> <span class='ocrx_word' id='word_1_506' title='bbox 1386 3860 1467 3928; x_wconf 54' lang='grc' dir='ltr'><strong>Μ’</strong></span> <span class='ocrx_word' id='word_1_507' title='bbox 1491 3860 1566 3916; x_wconf 62' lang='lat' dir='ltr'><strong>unde</strong></span> <span class='ocrx_word' id='word_1_508' title='bbox 1590 3867 1676 3916; x_wconf 54' lang='grc' dir='ltr'><strong>Μ’</strong></span> <span class='ocrx_word' id='word_1_509' title='bbox 1693 3879 1738 3918; x_wconf 63' lang='lat' dir='ltr'><strong>se&#39;</strong></span> 
     </span>
     <span class='ocr_line' id='line_1_46' title="bbox 65 3989 879 4066; baseline -0.002 -18"><span class='ocrx_word' id='word_1_510' title='bbox 65 3991 173 4048; x_wconf 88' lang='lat' dir='ltr'><strong>nabnla</strong></span> <span class='ocrx_word' id='word_1_511' title='bbox 191 3991 353 4048; x_wconf 86' lang='lat' dir='ltr'><strong>loeustotus</strong></span> <span class='ocrx_word' id='word_1_512' title='bbox 377 4006 476 4066; x_wconf 87' lang='lat' dir='ltr'><strong>magna</strong></span> <span class='ocrx_word' id='word_1_513' title='bbox 493 3990 627 4062; x_wconf 85' lang='lat' dir='ltr'><strong>repletur.</strong></span> <span class='ocrx_word' id='word_1_514' title='bbox 645 3991 750 4063; x_wconf 88' lang='lat' dir='ltr'><strong>talique</strong></span> <span class='ocrx_word' id='word_1_515' title='bbox 762 3989 879 4046; x_wconf 87' lang='lat' dir='ltr'><strong>vallatur</strong></span> 
     </span>
     <span class='ocr_line' id='line_1_47' title="bbox 64 4081 1283 4164; baseline -0.002 -25"><span class='ocrx_word' id='word_1_516' title='bbox 64 4085 196 4149; x_wconf 85' lang='lat' dir='ltr'><strong>horrore,</strong></span> <span class='ocrx_word' id='word_1_517' title='bbox 211 4089 242 4137; x_wconf 93' lang='lat' dir='ltr'><strong>ut</strong></span> <span class='ocrx_word' id='word_1_518' title='bbox 261 4097 316 4137; x_wconf 92' lang='lat' dir='ltr'><strong>non</strong></span> <span class='ocrx_word' id='word_1_519' title='bbox 343 4089 451 4154; x_wconf 89' lang='lat' dir='ltr'><strong>putaret</strong></span> <span class='ocrx_word' id='word_1_520' title='bbox 465 4098 495 4137; x_wconf 90' lang='lat' dir='ltr'><strong>sa</strong></span> <span class='ocrx_word' id='word_1_521' title='bbox 527 4082 645 4155; x_wconf 91' lang='lat' dir='ltr'><strong>amplius</strong></span> <span class='ocrx_word' id='word_1_522' title='bbox 659 4083 762 4138; x_wconf 90' lang='lat' dir='ltr'><strong>vivere.</strong></span> <span class='ocrx_word' id='word_1_523' title='bbox 777 4081 878 4154; x_wconf 90' lang='lat' dir='ltr'><strong>Sicque</strong></span> <span class='ocrx_word' id='word_1_524' title='bbox 1164 4153 1169 4163; x_wconf 19' lang='grc' dir='ltr'>ι</span> <span class='ocrx_word' id='word_1_525' title='bbox 1189 4154 1194 4163; x_wconf 30' lang='lat'>¹</span> <span class='ocrx_word' id='word_1_526' title='bbox 1278 4154 1283 4164; x_wconf 27' lang='grc' dir='ltr'>ί</span> 
     </span>
     <span class='ocr_line' id='line_1_48' title="bbox 66 4153 1608 4268; baseline 0.001 -39"><span class='ocrx_word' id='word_1_527' title='bbox 66 4174 179 4247; x_wconf 87' lang='lat' dir='ltr'><strong>perdita</strong></span> <span class='ocrx_word' id='word_1_528' title='bbox 202 4189 281 4242; x_wconf 88' lang='lat' dir='ltr'><strong>voce,</strong></span> <span class='ocrx_word' id='word_1_529' title='bbox 309 4181 365 4230; x_wconf 91' lang='lat' dir='ltr'><strong>tam</strong></span> <span class='ocrx_word' id='word_1_530' title='bbox 393 4175 454 4246; x_wconf 90' lang='lat' dir='ltr'><strong>ipse</strong></span> <span class='ocrx_word' id='word_1_531' title='bbox 485 4191 567 4248; x_wconf 91' lang='lat' dir='ltr'><strong>quam</strong></span> <span class='ocrx_word' id='word_1_532' title='bbox 596 4191 667 4247; x_wconf 89' lang='lat' dir='ltr'><strong>puer</strong></span> <span class='ocrx_word' id='word_1_533' title='bbox 705 4176 753 4248; x_wconf 88' lang='lat' dir='ltr'><strong>qui</strong></span> <span class='ocrx_word' id='word_1_534' title='bbox 786 4190 879 4231; x_wconf 90' lang='lat' dir='ltr'><strong>secum</strong></span> <span class='ocrx_word' id='word_1_535' title='bbox 962 4155 1082 4268; x_wconf 50' lang='grc' dir='ltr'><strong>Ηθῇω·</strong></span> <span class='ocrx_word' id='word_1_536' title='bbox 1099 4155 1205 4218; x_wconf 55' lang='grc' dir='ltr'><strong>ΒΜ·</strong></span> <span class='ocrx_word' id='word_1_537' title='bbox 1221 4153 1451 4221; x_wconf 53' lang='lat' dir='ltr'><strong>‘mmmmm</strong></span> <span class='ocrx_word' id='word_1_538' title='bbox 1465 4156 1608 4220; x_wconf 56' lang='grc' dir='ltr'><strong>εὑΡῑῙῙῦΗΠῙῙ</strong></span> 
     </span>
     <span class='ocr_line' id='line_1_49' title="bbox 1017 4217 1497 4281; baseline 0 -12"><span class='ocrx_word' id='word_1_539' title='bbox 1017 4232 1142 4269; x_wconf 88' lang='lat' dir='ltr'><strong>rucmarus</strong></span> <span class='ocrx_word' id='word_1_540' title='bbox 1152 4217 1244 4281; x_wconf 80' lang='lat' dir='ltr'><strong>praesul</strong></span> <span class='ocrx_word' id='word_1_541' title='bbox 1255 4218 1434 4268; x_wconf 87' lang='lat' dir='ltr'><strong>ductusamora</strong></span> <span class='ocrx_word' id='word_1_542' title='bbox 1446 4226 1497 4269; x_wconf 91' lang='lat' dir='ltr'><strong>tuo.</strong></span> 
     </span>
    </p>
   </div>
   <div class='ocr_carea' id='block_1_9' title="bbox 66 4266 1661 4416">
    <p class='ocr_par' dir='ltr' id='par_1_9' title="bbox 66 4266 1661 4416">
     <span class='ocr_line' id='line_1_50' title="bbox 66 4266 1661 4394; baseline -0.001 -59"><span class='ocrx_word' id='word_1_543' title='bbox 66 4266 226 4334; x_wconf 63' lang='lat' dir='ltr'><strong>effllsllliffl</strong></span> <span class='ocrx_word' id='word_1_544' title='bbox 241 4266 318 4338; x_wconf 68' lang='lat' dir='ltr'><strong>¹⁰il&#39;1i</strong></span> <span class='ocrx_word' id='word_1_545' title='bbox 346 4282 399 4322; x_wconf 70' lang='lat'><strong>¹¹0⁰</strong></span> <span class='ocrx_word' id='word_1_546' title='bbox 420 4283 531 4339; x_wconf 65' lang='lat' dir='ltr'><strong>fflquae</strong></span> <span class='ocrx_word' id='word_1_547' title='bbox 551 4267 680 4323; x_wconf 65' lang='lat' dir='ltr'><strong>Videfflssi</strong></span> <span class='ocrx_word' id='word_1_548' title='bbox 706 4266 756 4323; x_wconf 62' lang='lat' dir='ltr'><strong>sili</strong></span> <span class='ocrx_word' id='word_1_549' title='bbox 782 4275 880 4338; x_wconf 91' lang='lat' dir='ltr'><strong>potue-</strong></span> <span class='ocrx_word' id='word_1_550' title='bbox 961 4283 993 4333; x_wconf 89' lang='lat' dir='ltr'><strong>Ut</strong></span> <span class='ocrx_word' id='word_1_551' title='bbox 1004 4281 1114 4394; x_wconf 75' lang='lat' dir='ltr'><strong>reguiam</strong></span> <span class='ocrx_word' id='word_1_552' title='bbox 1127 4280 1248 4352; x_wconf 81' lang='lat' dir='ltr'><strong>Dominus</strong></span> <span class='ocrx_word' id='word_1_553' title='bbox 1260 4279 1354 4330; x_wconf 84' lang='lat' dir='ltr'><strong>tribuat</strong></span> <span class='ocrx_word' id='word_1_554' title='bbox 1366 4281 1438 4339; x_wconf 90' lang='lat' dir='ltr'><strong>mihi,</strong></span> <span class='ocrx_word' id='word_1_555' title='bbox 1452 4289 1544 4341; x_wconf 86' lang='lat' dir='ltr'><strong>sancte,</strong></span> <span class='ocrx_word' id='word_1_556' title='bbox 1560 4289 1661 4346; x_wconf 85' lang='lat' dir='ltr'><strong>precatu</strong></span> 
     </span>
     <span class='ocr_line' id='line_1_51' title="bbox 67 4343 1510 4416; baseline -0.015 0"><span class='ocrx_word' id='word_1_557' title='bbox 67 4367 144 4416; x_wconf 84' lang='lat' dir='ltr'><strong>runt.</strong></span> <span class='ocrx_word' id='word_1_558' title='bbox 991 4346 1022 4395; x_wconf 87' lang='lat' dir='ltr'><strong>Et</strong></span> <span class='ocrx_word' id='word_1_559' title='bbox 1049 4343 1113 4408; x_wconf 62' lang='lat' dir='ltr'><strong>quis</strong></span> <span class='ocrx_word' id='word_1_560' title='bbox 1129 4351 1232 4401; x_wconf 81' lang='lat' dir='ltr'><strong>merrus,</strong></span> <span class='ocrx_word' id='word_1_561' title='bbox 1244 4344 1280 4392; x_wconf 89' lang='lat' dir='ltr'><strong>mi</strong></span> <span class='ocrx_word' id='word_1_562' title='bbox 1290 4343 1440 4404; x_wconf 86' lang='lat' dir='ltr'><strong>venerande,</strong></span> <span class='ocrx_word' id='word_1_563' title='bbox 1452 4344 1510 4394; x_wconf 86' lang='lat' dir='ltr'><strong>tuis.</strong></span> 
     </span>
    </p>
   </div>
   <div class='ocr_carea' id='block_1_10' title="bbox 68 4423 1741 5708">
    <p class='ocr_par' dir='ltr' id='par_1_10' title="bbox 68 4423 1741 5708">
     <span class='ocr_line' id='line_1_52' title="bbox 103 4423 1738 4523; baseline -0.001 -17"><span class='ocrx_word' id='word_1_564' title='bbox 103 4451 222 4518; x_wconf 84' lang='lat' dir='ltr'><strong>Quidam</strong></span> <span class='ocrx_word' id='word_1_565' title='bbox 246 4465 359 4522; x_wconf 92' lang='lat' dir='ltr'><strong>quoque</strong></span> <span class='ocrx_word' id='word_1_566' title='bbox 387 4457 481 4507; x_wconf 88' lang='lat' dir='ltr'><strong>custos</strong></span> <span class='ocrx_word' id='word_1_567' title='bbox 507 4451 592 4520; x_wconf 85' lang='lat' dir='ltr'><strong>hujus</strong></span> <span class='ocrx_word' id='word_1_568' title='bbox 618 4450 754 4518; x_wconf 70' lang='lat' dir='ltr'><strong>ecelesiae,</strong></span> <span class='ocrx_word' id='word_1_569' title='bbox 773 4457 804 4506; x_wconf 92' lang='lat' dir='ltr'><strong>ut</strong></span> <span class='ocrx_word' id='word_1_570' title='bbox 819 4423 919 4523; x_wconf 87' lang='lat' dir='ltr'><strong>ipseD</strong></span> <span class='ocrx_word' id='word_1_571' title='bbox 969 4446 1148 4521; x_wconf 87' lang='lat' dir='ltr'><strong>Evangelium</strong></span> <span class='ocrx_word' id='word_1_572' title='bbox 1163 4446 1256 4501; x_wconf 87' lang='lat' dir='ltr'><strong>aureis</strong></span> <span class='ocrx_word' id='word_1_573' title='bbox 1270 4445 1570 4522; x_wconf 88' lang='lat' dir='ltr'><strong>litterisinsignivit,ac</strong></span> <span class='ocrx_word' id='word_1_574' title='bbox 1584 4448 1738 4519; x_wconf 89' lang='lat' dir='ltr'><strong>parietibus</strong></span> 
     </span>
     <span class='ocr_line' id='line_1_53' title="bbox 68 4539 1738 4618; baseline -0.001 -19"><span class='ocrx_word' id='word_1_575' title='bbox 68 4545 152 4600; x_wconf 90' lang='lat' dir='ltr'><strong>nobis</strong></span> <span class='ocrx_word' id='word_1_576' title='bbox 184 4544 316 4611; x_wconf 90' lang='lat' dir='ltr'><strong>narravit,</strong></span> <span class='ocrx_word' id='word_1_577' title='bbox 344 4544 411 4600; x_wconf 92' lang='lat' dir='ltr'><strong>dum</strong></span> <span class='ocrx_word' id='word_1_578' title='bbox 435 4547 481 4603; x_wconf 93' lang='lat' dir='ltr'><strong>die</strong></span> <span class='ocrx_word' id='word_1_579' title='bbox 510 4546 604 4618; x_wconf 87' lang='lat' dir='ltr'><strong>aliqua</strong></span> <span class='ocrx_word' id='word_1_580' title='bbox 620 4554 683 4618; x_wconf 90' lang='lat' dir='ltr'><strong>post</strong></span> <span class='ocrx_word' id='word_1_581' title='bbox 706 4546 883 4602; x_wconf 83' lang='lat' dir='ltr'><strong>matutinales</strong></span> <span class='ocrx_word' id='word_1_582' title='bbox 933 4542 1035 4608; x_wconf 90' lang='lat' dir='ltr'><strong>aurcis,</strong></span> <span class='ocrx_word' id='word_1_583' title='bbox 1072 4554 1300 4615; x_wconf 87' lang='lat' dir='ltr'><strong>gemmammque</strong></span> <span class='ocrx_word' id='word_1_584' title='bbox 1332 4539 1422 4595; x_wconf 90' lang='lat' dir='ltr'><strong>nitore</strong></span> <span class='ocrx_word' id='word_1_585' title='bbox 1447 4539 1586 4596; x_wconf 88' lang='lat' dir='ltr'><strong>distinctis</strong></span> <span class='ocrx_word' id='word_1_586' title='bbox 1609 4542 1738 4610; x_wconf 89' lang='lat' dir='ltr'><strong>munivit,</strong></span> 
     </span>
     <span class='ocr_line' id='line_1_54' title="bbox 68 4629 1739 4711; baseline -0.004 -16"><span class='ocrx_word' id='word_1_587' title='bbox 68 4637 166 4692; x_wconf 82' lang='lat' dir='ltr'><strong>laudes</strong></span> <span class='ocrx_word' id='word_1_588' title='bbox 181 4635 211 4691; x_wconf 88' lang='lat' dir='ltr'><strong>in</strong></span> <span class='ocrx_word' id='word_1_589' title='bbox 226 4637 345 4694; x_wconf 85' lang='lat' dir='ltr'><strong>ecclesia</strong></span> <span class='ocrx_word' id='word_1_590' title='bbox 362 4639 540 4711; x_wconf 91' lang='lat' dir='ltr'><strong>requiescere</strong></span> <span class='ocrx_word' id='word_1_591' title='bbox 554 4639 648 4706; x_wconf 84' lang='lat' dir='ltr'><strong>vellet,</strong></span> <span class='ocrx_word' id='word_1_592' title='bbox 663 4638 801 4710; x_wconf 89' lang='lat' dir='ltr'><strong>arripiens</strong></span> <span class='ocrx_word' id='word_1_593' title='bbox 817 4647 883 4694; x_wconf 89' lang='lat' dir='ltr'><strong>tem·</strong></span> <span class='ocrx_word' id='word_1_594' title='bbox 933 4630 1061 4687; x_wconf 87' lang='lat' dir='ltr'><strong>versibus</strong></span> <span class='ocrx_word' id='word_1_595' title='bbox 1071 4630 1154 4686; x_wconf 90' lang='lat' dir='ltr'><strong>etiam</strong></span> <span class='ocrx_word' id='word_1_596' title='bbox 1178 4645 1246 4686; x_wconf 86' lang='lat' dir='ltr'><strong>euro</strong></span> <span class='ocrx_word' id='word_1_597' title='bbox 1262 4629 1349 4685; x_wconf 89' lang='lat' dir='ltr'><strong>inlitis</strong></span> <span class='ocrx_word' id='word_1_598' title='bbox 1362 4629 1547 4701; x_wconf 65' lang='lat' dir='ltr'><strong>praetitulavit.</strong></span> <span class='ocrx_word' id='word_1_599' title='bbox 1565 4631 1618 4686; x_wconf 88' lang='lat' dir='ltr'><strong>Sed</strong></span> <span class='ocrx_word' id='word_1_600' title='bbox 1631 4639 1660 4688; x_wconf 93' lang='lat' dir='ltr'><strong>et</strong></span> <span class='ocrx_word' id='word_1_601' title='bbox 1674 4648 1739 4688; x_wconf 89' lang='lat' dir='ltr'><strong>cru-</strong></span> 
     </span>
     <span class='ocr_line' id='line_1_55' title="bbox 70 4720 1738 4799; baseline -0.002 -19"><span class='ocrx_word' id='word_1_602' title='bbox 70 4725 107 4796; x_wconf 91' lang='lat' dir='ltr'><strong>pli</strong></span> <span class='ocrx_word' id='word_1_603' title='bbox 123 4725 239 4799; x_wconf 88' lang='lat' dir='ltr'><strong>tapetia,</strong></span> <span class='ocrx_word' id='word_1_604' title='bbox 257 4727 359 4784; x_wconf 89' lang='lat' dir='ltr'><strong>lectum</strong></span> <span class='ocrx_word' id='word_1_605' title='bbox 374 4727 429 4782; x_wconf 91' lang='lat' dir='ltr'><strong>sibi</strong></span> <span class='ocrx_word' id='word_1_606' title='bbox 459 4744 492 4784; x_wconf 86' lang='lat' dir='ltr'><strong>ex</strong></span> <span class='ocrx_word' id='word_1_607' title='bbox 507 4728 552 4783; x_wconf 91' lang='lat' dir='ltr'><strong>his</strong></span> <span class='ocrx_word' id='word_1_608' title='bbox 575 4727 682 4793; x_wconf 91' lang='lat' dir='ltr'><strong>stravit,</strong></span> <span class='ocrx_word' id='word_1_609' title='bbox 705 4727 800 4799; x_wconf 90' lang='lat' dir='ltr'><strong>ibique</strong></span> <span class='ocrx_word' id='word_1_610' title='bbox 816 4742 881 4784; x_wconf 88' lang='lat' dir='ltr'><strong>sese</strong></span> <span class='ocrx_word' id='word_1_611' title='bbox 932 4739 992 4779; x_wconf 88' lang='lat' dir='ltr'><strong>cem</strong></span> <span class='ocrx_word' id='word_1_612' title='bbox 1003 4721 1136 4791; x_wconf 88' lang='lat' dir='ltr'><strong>majorem</strong></span> <span class='ocrx_word' id='word_1_613' title='bbox 1149 4720 1382 4793; x_wconf 87' lang='lat' dir='ltr'><strong>cooperuitaum,</strong></span> <span class='ocrx_word' id='word_1_614' title='bbox 1397 4721 1571 4797; x_wconf 90' lang='lat' dir='ltr'><strong>gemmisque</strong></span> <span class='ocrx_word' id='word_1_615' title='bbox 1587 4721 1738 4778; x_wconf 89' lang='lat' dir='ltr'><strong>decoravit.</strong></span> 
     </span>
     <span class='ocr_line' id='line_1_56' title="bbox 68 4810 1738 4893; baseline -0.005 -17"><span class='ocrx_word' id='word_1_616' title='bbox 68 4834 168 4876; x_wconf 83' lang='lat' dir='ltr'><strong>somno</strong></span> <span class='ocrx_word' id='word_1_617' title='bbox 183 4818 270 4893; x_wconf 75' lang='lat' dir='ltr'><strong>dedit.</strong></span> <span class='ocrx_word' id='word_1_618' title='bbox 288 4821 320 4876; x_wconf 83' lang='lat' dir='ltr'><strong>Et</strong></span> <span class='ocrx_word' id='word_1_619' title='bbox 332 4836 398 4877; x_wconf 89' lang='lat' dir='ltr'><strong>ecce</strong></span> <span class='ocrx_word' id='word_1_620' title='bbox 428 4828 555 4878; x_wconf 89' lang='lat' dir='ltr'><strong>matrona</strong></span> <span class='ocrx_word' id='word_1_621' title='bbox 573 4821 700 4893; x_wconf 85' lang='lat' dir='ltr'><strong>quaedam</strong></span> <span class='ocrx_word' id='word_1_622' title='bbox 715 4820 767 4875; x_wconf 93' lang='lat' dir='ltr'><strong>sub</strong></span> <span class='ocrx_word' id='word_1_623' title='bbox 783 4820 880 4877; x_wconf 87' lang='lat' dir='ltr'><strong>habitu</strong></span> <span class='ocrx_word' id='word_1_624' title='bbox 933 4813 1043 4869; x_wconf 82' lang='lat' dir='ltr'><strong>tibrum</strong></span> <span class='ocrx_word' id='word_1_625' title='bbox 1058 4810 1471 4885; x_wconf 89' lang='lat' dir='ltr'><strong>quoquesacramentommsub</strong></span> <span class='ocrx_word' id='word_1_626' title='bbox 1480 4811 1612 4867; x_wconf 91' lang='lat' dir='ltr'><strong>eburneis</strong></span> <span class='ocrx_word' id='word_1_627' title='bbox 1625 4811 1738 4880; x_wconf 88' lang='lat' dir='ltr'><strong>tabulis,</strong></span> 
     </span>
     <span class='ocr_line' id='line_1_57' title="bbox 69 4903 1740 4982; baseline -0.002 -19"><span class='ocrx_word' id='word_1_628' title='bbox 69 4908 148 4963; x_wconf 85' lang='lat' dir='ltr'><strong>senili</strong></span> <span class='ocrx_word' id='word_1_629' title='bbox 164 4907 259 4964; x_wconf 89' lang='lat' dir='ltr'><strong>eidem</strong></span> <span class='ocrx_word' id='word_1_630' title='bbox 274 4909 414 4980; x_wconf 87' lang='lat' dir='ltr'><strong>appamit,</strong></span> <span class='ocrx_word' id='word_1_631' title='bbox 443 4926 504 4982; x_wconf 85' lang='lat' dir='ltr'><strong>quae</strong></span> <span class='ocrx_word' id='word_1_632' title='bbox 520 4910 621 4965; x_wconf 83' lang='lat' dir='ltr'><strong>barbas</strong></span> <span class='ocrx_word' id='word_1_633' title='bbox 636 4909 770 4981; x_wconf 90' lang='lat' dir='ltr'><strong>quasdam</strong></span> <span class='ocrx_word' id='word_1_634' title='bbox 785 4925 879 4966; x_wconf 87' lang='lat' dir='ltr'><strong>secum</strong></span> <span class='ocrx_word' id='word_1_635' title='bbox 932 4912 1046 4979; x_wconf 86' lang='lat' dir='ltr'><strong>argento</strong></span> <span class='ocrx_word' id='word_1_636' title='bbox 1062 4903 1229 4978; x_wconf 82' lang='lat' dir='ltr'><strong>praesignitis</strong></span> <span class='ocrx_word' id='word_1_637' title='bbox 1244 4920 1251 4970; x_wconf 82' lang='lat'><em>3</em></span> <span class='ocrx_word' id='word_1_638' title='bbox 1267 4903 1317 4959; x_wconf 90' lang='lat' dir='ltr'><strong>sed</strong></span> <span class='ocrx_word' id='word_1_639' title='bbox 1332 4908 1360 4957; x_wconf 90' lang='lat' dir='ltr'><strong>et</strong></span> <span class='ocrx_word' id='word_1_640' title='bbox 1374 4903 1566 4960; x_wconf 83' lang='lat' dir='ltr'><strong>lectionarium</strong></span> <span class='ocrx_word' id='word_1_641' title='bbox 1591 4904 1740 4960; x_wconf 90' lang='lat' dir='ltr'><strong>admissas</strong></span> 
     </span>
     <span class='ocr_line' id='line_1_58' title="bbox 72 4992 1738 5070; baseline -0.002 -21"><span class='ocrx_word' id='word_1_642' title='bbox 72 4996 525 5070; x_wconf 81' lang='lat' dir='ltr'><strong>videbatordeicrre.llaecprimo</strong></span> <span class='ocrx_word' id='word_1_643' title='bbox 550 4998 663 5070; x_wconf 92' lang='lat' dir='ltr'><strong>quidem</strong></span> <span class='ocrx_word' id='word_1_644' title='bbox 691 4998 803 5054; x_wconf 88' lang='lat' dir='ltr'><strong>blandis</strong></span> <span class='ocrx_word' id='word_1_645' title='bbox 816 5015 880 5053; x_wconf 90' lang='lat' dir='ltr'><strong>eum</strong></span> <span class='ocrx_word' id='word_1_646' title='bbox 930 4995 1041 5064; x_wconf 87' lang='lat' dir='ltr'><strong>libmm,</strong></span> <span class='ocrx_word' id='word_1_647' title='bbox 1069 4994 1129 5066; x_wconf 90' lang='lat' dir='ltr'><strong>pari</strong></span> <span class='ocrx_word' id='word_1_648' title='bbox 1144 4994 1246 5050; x_wconf 87' lang='lat' dir='ltr'><strong>dacore</strong></span> <span class='ocrx_word' id='word_1_649' title='bbox 1269 5000 1455 5057; x_wconf 88' lang='lat' dir='ltr'><strong>venustatum,</strong></span> <span class='ocrx_word' id='word_1_650' title='bbox 1477 4993 1581 5049; x_wconf 92' lang='lat' dir='ltr'><strong>ibidem</strong></span> <span class='ocrx_word' id='word_1_651' title='bbox 1610 4992 1738 5060; x_wconf 91' lang='lat' dir='ltr'><strong>eontulit,</strong></span> 
     </span>
     <span class='ocr_line' id='line_1_59' title="bbox 74 5082 1738 5156; baseline -0.001 -17"><span class='ocrx_word' id='word_1_652' title='bbox 74 5085 154 5156; x_wconf 78' lang='lat' dir='ltr'><strong>cupit</strong></span> <span class='ocrx_word' id='word_1_653' title='bbox 170 5083 247 5140; x_wconf 81' lang='lat' dir='ltr'><strong>affari</strong></span> <span class='ocrx_word' id='word_1_654' title='bbox 266 5085 451 5141; x_wconf 89' lang='lat' dir='ltr'><strong>sermonibus.</strong></span> <span class='ocrx_word' id='word_1_655' title='bbox 474 5086 525 5142; x_wconf 89' lang='lat' dir='ltr'><strong>Ubi</strong></span> <span class='ocrx_word' id='word_1_656' title='bbox 535 5101 601 5142; x_wconf 90' lang='lat' dir='ltr'><strong>vero</strong></span> <span class='ocrx_word' id='word_1_657' title='bbox 610 5101 687 5143; x_wconf 87' lang='lat' dir='ltr'><strong>sacra</strong></span> <span class='ocrx_word' id='word_1_658' title='bbox 697 5086 748 5142; x_wconf 92' lang='lat' dir='ltr'><strong>sub</strong></span> <span class='ocrx_word' id='word_1_659' title='bbox 765 5101 798 5141; x_wconf 92' lang='lat' dir='ltr'><strong>eo</strong></span> <span class='ocrx_word' id='word_1_660' title='bbox 814 5102 880 5142; x_wconf 90' lang='lat' dir='ltr'><strong>cou-</strong></span> <span class='ocrx_word' id='word_1_661' title='bbox 931 5084 1054 5156; x_wconf 86' lang='lat' dir='ltr'><strong>aliosque</strong></span> <span class='ocrx_word' id='word_1_662' title='bbox 1069 5083 1156 5139; x_wconf 92' lang='lat' dir='ltr'><strong>libros</strong></span> <span class='ocrx_word' id='word_1_663' title='bbox 1169 5089 1197 5138; x_wconf 91' lang='lat' dir='ltr'><strong>et</strong></span> <span class='ocrx_word' id='word_1_664' title='bbox 1211 5089 1374 5139; x_wconf 88' lang='lat' dir='ltr'><strong>ornamenta</strong></span> <span class='ocrx_word' id='word_1_665' title='bbox 1394 5082 1527 5138; x_wconf 89' lang='lat' dir='ltr'><strong>nonnulla</strong></span> <span class='ocrx_word' id='word_1_666' title='bbox 1542 5082 1634 5139; x_wconf 89' lang='lat' dir='ltr'><strong>eidem</strong></span> <span class='ocrx_word' id='word_1_667' title='bbox 1649 5098 1738 5139; x_wconf 91' lang='lat' dir='ltr'><strong>veno-</strong></span> 
     </span>
     <span class='ocr_line' id='line_1_60' title="bbox 75 5175 1256 5251; baseline -0.001 -20"><span class='ocrx_word' id='word_1_668' title='bbox 75 5176 222 5248; x_wconf 86' lang='lat' dir='ltr'><strong>tamplatur</strong></span> <span class='ocrx_word' id='word_1_669' title='bbox 235 5177 351 5249; x_wconf 87' lang='lat' dir='ltr'><strong>tapetia,</strong></span> <span class='ocrx_word' id='word_1_670' title='bbox 372 5177 464 5234; x_wconf 85' lang='lat' dir='ltr'><strong>taliter</strong></span> <span class='ocrx_word' id='word_1_671' title='bbox 487 5177 558 5246; x_wconf 86' lang='lat' dir='ltr'><strong>iniit,</strong></span> <span class='ocrx_word' id='word_1_672' title='bbox 573 5194 637 5234; x_wconf 92' lang='lat' dir='ltr'><strong>eum</strong></span> <span class='ocrx_word' id='word_1_673' title='bbox 654 5184 757 5233; x_wconf 91' lang='lat' dir='ltr'><strong>mutato</strong></span> <span class='ocrx_word' id='word_1_674' title='bbox 769 5192 880 5250; x_wconf 87' lang='lat' dir='ltr'><strong>quoque</strong></span> <span class='ocrx_word' id='word_1_675' title='bbox 931 5177 1013 5232; x_wconf 91' lang='lat' dir='ltr'><strong>rabili</strong></span> <span class='ocrx_word' id='word_1_676' title='bbox 1037 5176 1098 5233; x_wconf 92' lang='lat' dir='ltr'><strong>loco</strong></span> <span class='ocrx_word' id='word_1_677' title='bbox 1110 5175 1256 5251; x_wconf 87' lang='lat' dir='ltr'><strong>delegavit.</strong></span> 
     </span>
     <span class='ocr_line' id='line_1_61' title="bbox 74 5267 1739 5345; baseline 0 -23"><span class='ocrx_word' id='word_1_678' title='bbox 74 5269 147 5325; x_wconf 80' lang='lat' dir='ltr'><strong>vultu</strong></span> <span class='ocrx_word' id='word_1_679' title='bbox 164 5275 283 5336; x_wconf 88' lang='lat' dir='ltr'><strong>terreus,</strong></span> <span class='ocrx_word' id='word_1_680' title='bbox 302 5285 441 5345; x_wconf 86' lang='lat' dir='ltr'><strong>aggressa.</strong></span> <span class='ocrx_word' id='word_1_681' title='bbox 469 5270 501 5326; x_wconf 87' lang='lat' dir='ltr'><strong>Et</strong></span> <span class='ocrx_word' id='word_1_682' title='bbox 522 5277 551 5326; x_wconf 95' lang='lat' dir='ltr'><strong>tu</strong></span> <span class='ocrx_word' id='word_1_683' title='bbox 578 5270 699 5326; x_wconf 88' lang='lat' dir='ltr'><strong>dominae</strong></span> <span class='ocrx_word' id='word_1_684' title='bbox 720 5275 822 5325; x_wconf 86' lang='lat' dir='ltr'><strong>sauctae</strong></span> <span class='ocrx_word' id='word_1_685' title='bbox 834 5268 881 5326; x_wconf 84' lang='lat' dir='ltr'><strong>liei</strong></span> <span class='ocrx_word' id='word_1_686' title='bbox 967 5270 1005 5324; x_wconf 83' lang='lat' dir='ltr'><strong>lio</strong></span> <span class='ocrx_word' id='word_1_687' title='bbox 1020 5284 1137 5339; x_wconf 88' lang='lat' dir='ltr'><strong>corpore</strong></span> <span class='ocrx_word' id='word_1_688' title='bbox 1152 5278 1243 5324; x_wconf 86' lang='lat' dir='ltr'><strong>autem</strong></span> <span class='ocrx_word' id='word_1_689' title='bbox 1270 5267 1359 5340; x_wconf 88' lang='lat' dir='ltr'><strong>ipsius</strong></span> <span class='ocrx_word' id='word_1_690' title='bbox 1378 5267 1533 5324; x_wconf 89' lang='lat' dir='ltr'><strong>beatissimi</strong></span> <span class='ocrx_word' id='word_1_691' title='bbox 1548 5267 1668 5345; x_wconf 85' lang='lat' dir='ltr'><strong>llemigii</strong></span> <span class='ocrx_word' id='word_1_692' title='bbox 1684 5283 1739 5324; x_wconf 91' lang='lat' dir='ltr'><strong>non</strong></span> 
     </span>
     <span class='ocr_line' id='line_1_62' title="bbox 75 5357 1741 5434; baseline 0 -23"><span class='ocrx_word' id='word_1_693' title='bbox 75 5359 222 5415; x_wconf 85' lang='lat' dir='ltr'><strong>Genitricis</strong></span> <span class='ocrx_word' id='word_1_694' title='bbox 235 5376 320 5416; x_wconf 87' lang='lat' dir='ltr'><strong>ausus</strong></span> <span class='ocrx_word' id='word_1_695' title='bbox 329 5376 359 5416; x_wconf 89' lang='lat' dir='ltr'><strong>es</strong></span> <span class='ocrx_word' id='word_1_696' title='bbox 373 5361 479 5417; x_wconf 91' lang='lat' dir='ltr'><strong>violare</strong></span> <span class='ocrx_word' id='word_1_697' title='bbox 498 5378 529 5418; x_wconf 86' lang='lat' dir='ltr'><strong>ac</strong></span> <span class='ocrx_word' id='word_1_698' title='bbox 537 5361 655 5433; x_wconf 85' lang='lat' dir='ltr'><strong>pedibus</strong></span> <span class='ocrx_word' id='word_1_699' title='bbox 670 5376 746 5418; x_wconf 91' lang='lat' dir='ltr'><strong>sacra</strong></span> <span class='ocrx_word' id='word_1_700' title='bbox 761 5360 882 5434; x_wconf 88' lang='lat' dir='ltr'><strong>superbe</strong></span> <span class='ocrx_word' id='word_1_701' title='bbox 933 5370 975 5416; x_wconf 89' lang='lat' dir='ltr'><strong>est</strong></span> <span class='ocrx_word' id='word_1_702' title='bbox 989 5375 1072 5415; x_wconf 89' lang='lat' dir='ltr'><strong>ausus</strong></span> <span class='ocrx_word' id='word_1_703' title='bbox 1086 5358 1191 5430; x_wconf 88' lang='lat' dir='ltr'><strong>aliquid</strong></span> <span class='ocrx_word' id='word_1_704' title='bbox 1205 5374 1326 5426; x_wconf 88' lang='lat' dir='ltr'><strong>sumere,</strong></span> <span class='ocrx_word' id='word_1_705' title='bbox 1342 5357 1414 5413; x_wconf 88' lang='lat' dir='ltr'><strong>sieut</strong></span> <span class='ocrx_word' id='word_1_706' title='bbox 1428 5358 1488 5430; x_wconf 88' lang='lat' dir='ltr'><strong>ipse</strong></span> <span class='ocrx_word' id='word_1_707' title='bbox 1501 5373 1611 5431; x_wconf 89' lang='lat' dir='ltr'><strong>quoque</strong></span> <span class='ocrx_word' id='word_1_708' title='bbox 1626 5364 1741 5414; x_wconf 86' lang='lat' dir='ltr'><strong>testatur</strong></span> 
     </span>
     <span class='ocr_line' id='line_1_63' title="bbox 75 5451 1739 5527; baseline -0.001 -22"><span class='ocrx_word' id='word_1_709' title='bbox 75 5451 237 5508; x_wconf 81' lang='lat' dir='ltr'><strong>conculcare</strong></span> <span class='ocrx_word' id='word_1_710' title='bbox 251 5460 423 5510; x_wconf 87' lang='lat' dir='ltr'><strong>ornamenta.</strong></span> <span class='ocrx_word' id='word_1_711' title='bbox 458 5469 511 5510; x_wconf 89' lang='lat' dir='ltr'><strong>nee</strong></span> <span class='ocrx_word' id='word_1_712' title='bbox 539 5461 641 5509; x_wconf 86' lang='lat' dir='ltr'><strong>tantam</strong></span> <span class='ocrx_word' id='word_1_713' title='bbox 661 5454 775 5510; x_wconf 92' lang='lat' dir='ltr'><strong>timuisti</strong></span> <span class='ocrx_word' id='word_1_714' title='bbox 791 5454 883 5510; x_wconf 88' lang='lat' dir='ltr'><strong>domi·</strong></span> <span class='ocrx_word' id='word_1_715' title='bbox 934 5455 961 5509; x_wconf 89' lang='lat' dir='ltr'><strong>in</strong></span> <span class='ocrx_word' id='word_1_716' title='bbox 978 5453 1095 5526; x_wconf 88' lang='lat' dir='ltr'><strong>epistola</strong></span> <span class='ocrx_word' id='word_1_717' title='bbox 1110 5453 1143 5506; x_wconf 88' lang='lat' dir='ltr'><strong>ad</strong></span> <span class='ocrx_word' id='word_1_718' title='bbox 1171 5452 1338 5508; x_wconf 81' lang='lat' dir='ltr'><strong>ludovicum</strong></span> <span class='ocrx_word' id='word_1_719' title='bbox 1367 5467 1461 5527; x_wconf 86' lang='lat' dir='ltr'><strong>regem</strong></span> <span class='ocrx_word' id='word_1_720' title='bbox 1475 5451 1739 5515; x_wconf 72' lang='lat' dir='ltr'><strong>Transrhenanam,</strong></span> 
     </span>
     <span class='ocr_line' id='line_1_64' title="bbox 76 5535 1738 5616; baseline -0.002 -24"><span class='ocrx_word' id='word_1_721' title='bbox 76 5555 134 5596; x_wconf 90' lang='lat' dir='ltr'><strong>nam</strong></span> <span class='ocrx_word' id='word_1_722' title='bbox 151 5539 263 5597; x_wconf 80' lang='lat' dir='ltr'><strong>rttodo</strong></span> <span class='ocrx_word' id='word_1_723' title='bbox 273 5541 387 5612; x_wconf 89' lang='lat' dir='ltr'><strong>quidem</strong></span> <span class='ocrx_word' id='word_1_724' title='bbox 405 5559 532 5613; x_wconf 83' lang='lat' dir='ltr'><strong>parcam3</strong></span> <span class='ocrx_word' id='word_1_725' title='bbox 550 5559 690 5615; x_wconf 90' lang='lat' dir='ltr'><strong>nunquam</strong></span> <span class='ocrx_word' id='word_1_726' title='bbox 703 5550 795 5599; x_wconf 89' lang='lat' dir='ltr'><strong>tamon</strong></span> <span class='ocrx_word' id='word_1_727' title='bbox 810 5543 883 5599; x_wconf 87' lang='lat' dir='ltr'><strong>ultra</strong></span> <span class='ocrx_word' id='word_1_728' title='bbox 933 5544 980 5616; x_wconf 91' lang='lat' dir='ltr'><strong>qui</strong></span> <span class='ocrx_word' id='word_1_729' title='bbox 995 5543 1023 5598; x_wconf 92' lang='lat' dir='ltr'><strong>id</strong></span> <span class='ocrx_word' id='word_1_730' title='bbox 1037 5542 1090 5598; x_wconf 90' lang='lat' dir='ltr'><strong>sibi</strong></span> <span class='ocrx_word' id='word_1_731' title='bbox 1105 5543 1139 5598; x_wconf 90' lang='lat' dir='ltr'><strong>ab</strong></span> <span class='ocrx_word' id='word_1_732' title='bbox 1166 5558 1199 5598; x_wconf 86' lang='lat' dir='ltr'><strong>co</strong></span> <span class='ocrx_word' id='word_1_733' title='bbox 1228 5541 1341 5614; x_wconf 87' lang='lat' dir='ltr'><strong>potebat</strong></span> <span class='ocrx_word' id='word_1_734' title='bbox 1367 5541 1501 5598; x_wconf 90' lang='lat' dir='ltr'><strong>muneris.</strong></span> <span class='ocrx_word' id='word_1_735' title='bbox 1517 5540 1570 5595; x_wconf 88' lang='lat' dir='ltr'><strong>Sed</strong></span> <span class='ocrx_word' id='word_1_736' title='bbox 1596 5539 1641 5594; x_wconf 91' lang='lat' dir='ltr'><strong>bic</strong></span> <span class='ocrx_word' id='word_1_737' title='bbox 1656 5539 1685 5605; x_wconf 83' lang='lat' dir='ltr'><strong>(i,</strong></span> <span class='ocrx_word' id='word_1_738' title='bbox 1701 5535 1738 5602; x_wconf 83' lang='lat' dir='ltr'><strong>tut</strong></span> 
     </span>
     <span class='ocr_line' id='line_1_65' title="bbox 76 5623 1739 5708; baseline -0.006 -18"><span class='ocrx_word' id='word_1_739' title='bbox 76 5649 226 5703; x_wconf 69' lang='lat' dir='ltr'><strong>praesumas</strong></span> <span class='ocrx_word' id='word_1_740' title='bbox 240 5634 315 5690; x_wconf 89' lang='lat' dir='ltr'><strong>talia.</strong></span> <span class='ocrx_word' id='word_1_741' title='bbox 326 5635 546 5708; x_wconf 80' lang='lat' dir='ltr'><strong>Exemplumque</strong></span> <span class='ocrx_word' id='word_1_742' title='bbox 561 5635 639 5693; x_wconf 90' lang='lat' dir='ltr'><strong>dedit</strong></span> <span class='ocrx_word' id='word_1_743' title='bbox 654 5636 693 5691; x_wconf 92' lang='lat' dir='ltr'><strong>illi</strong></span> <span class='ocrx_word' id='word_1_744' title='bbox 703 5636 737 5691; x_wconf 90' lang='lat' dir='ltr'><strong>de</strong></span> <span class='ocrx_word' id='word_1_745' title='bbox 752 5636 882 5708; x_wconf 89' lang='lat' dir='ltr'><strong>quodam,</strong></span> <span class='ocrx_word' id='word_1_746' title='bbox 935 5633 1058 5706; x_wconf 80' lang='lat' dir='ltr'><strong>pontifex</strong></span> <span class='ocrx_word' id='word_1_747' title='bbox 1073 5648 1124 5704; x_wconf 91' lang='lat' dir='ltr'><strong>pro</strong></span> <span class='ocrx_word' id='word_1_748' title='bbox 1139 5633 1257 5689; x_wconf 86' lang='lat' dir='ltr'><strong>maxima</strong></span> <span class='ocrx_word' id='word_1_749' title='bbox 1272 5631 1489 5705; x_wconf 78' lang='lat' dir='ltr'><strong>presumptione</strong></span> <span class='ocrx_word' id='word_1_750' title='bbox 1497 5627 1588 5685; x_wconf 89' lang='lat' dir='ltr'><strong>meriti</strong></span> <span class='ocrx_word' id='word_1_751' title='bbox 1598 5642 1628 5682; x_wconf 89' lang='lat' dir='ltr'><strong>se</strong></span> <span class='ocrx_word' id='word_1_752' title='bbox 1643 5623 1739 5681; x_wconf 81' lang='lat' dir='ltr'><strong>duxis-</strong></span> 
     </span>
    </p>
   </div>
   <div class='ocr_carea' id='block_1_11' title="bbox 929 3951 1735 4107">
    <p class='ocr_par' dir='ltr' id='par_1_11' title="bbox 929 3951 1735 4107">
     <span class='ocr_line' id='line_1_66' title="bbox 929 3951 1735 4028; baseline -0.002 -16"><span class='ocrx_word' id='word_1_753' title='bbox 929 3957 1054 4028; x_wconf 91' lang='lat' dir='ltr'><strong>pulcrum</strong></span> <span class='ocrx_word' id='word_1_754' title='bbox 1066 3955 1219 4020; x_wconf 89' lang='lat' dir='ltr'><strong>videretur,</strong></span> <span class='ocrx_word' id='word_1_755' title='bbox 1234 3952 1310 4023; x_wconf 85' lang='lat' dir='ltr'><strong>lecit,</strong></span> <span class='ocrx_word' id='word_1_756' title='bbox 1332 3962 1360 4011; x_wconf 86' lang='lat' dir='ltr'><strong>ct</strong></span> <span class='ocrx_word' id='word_1_757' title='bbox 1374 3953 1447 4010; x_wconf 88' lang='lat' dir='ltr'><strong>circa</strong></span> <span class='ocrx_word' id='word_1_758' title='bbox 1460 3953 1548 4025; x_wconf 91' lang='lat' dir='ltr'><strong>ipsam</strong></span> <span class='ocrx_word' id='word_1_759' title='bbox 1562 3951 1735 4010; x_wconf 85' lang='lat' dir='ltr'><strong>fenestellam</strong></span> 
     </span>
     <span class='ocr_line' id='line_1_67' title="bbox 929 4047 1281 4107; baseline -0.017 0"><span class='ocrx_word' id='word_1_760' title='bbox 929 4052 979 4107; x_wconf 88' lang='lat' dir='ltr'><strong>hos</strong></span> <span class='ocrx_word' id='word_1_761' title='bbox 993 4049 1145 4107; x_wconf 90' lang='lat' dir='ltr'><strong>versiculos</strong></span> <span class='ocrx_word' id='word_1_762' title='bbox 1160 4047 1261 4104; x_wconf 91' lang='lat' dir='ltr'><strong>indidit</strong></span> <span class='ocrx_word' id='word_1_763' title='bbox 1275 4065 1281 4101; x_wconf 94' lang='lat'>:</span> 
     </span>
    </p>
   </div>
   <div class='ocr_carea' id='block_1_12' title="bbox 0 0 1928 6100">
    <p class='ocr_par' dir='ltr' id='par_1_12' title="bbox 0 0 1928 6100">
     <span class='ocr_line' id='line_1_68' title="bbox 0 0 1928 6100; baseline 0 0"><span class='ocrx_word' id='word_1_764' title='bbox 0 0 1928 6100; x_wconf 95' lang='lat' dir='ltr'><strong> </strong></span> 
     </span>
    </p>
   </div>
  </div>
 </body>
</html>
