3840 6106
164 290 197 348 sl
727 290 912 348 Floooaabl
930 289 1084 348 eurohic}
1101 292 1266 349 reuersa
1797 294 1834 352 92

150 439 234 508 ‘nore
251 423 277 477 S.
292 420 397 488 llilarii,
419 436 474 493 quo
505 436 616 476 cursum
648 419 691 475 sui
719 419 873 492 duplicaret
896 421 975 476 laho—
988 428 1013 495 Α
1025 421 1136 478 videtur
1149 422 1301 496 ingressus.
1317 421 1435 479 Sanetus
1448 422 1699 490 veroTheodullus,
1714 439 1833 494 corpore

167 511 214 565 ris.
248 511 332 584 Signo
354 508 493 581 siquidem
518 509 593 579 dato,
619 525 680 565 cum
711 509 840 566 iratribus
869 526 973 566 conve·
1026 510 1835 585 laboribusvigiliisqueconlecto,lessuslortequiescebat

168 599 258 664 niens,
284 599 380 653 harum
409 597 504 653 laudes
525 599 701 669 persolvebat
723 599 972 674 hymnologiarum.
1026 602 1054 657 in
1081 602 1162 659 lecto.
1193 602 1354 676 Legatarius
1371 601 1455 658 animi
1485 600 1548 657 selle
1576 611 1740 666 commotus,
1756 604 1830 674 quod

167 691 219 746 Sed
234 690 375 761 utduplex
390 706 493 745 corona
514 690 616 754 meriti,
639 691 717 764 quasi
745 692 975 768 nihilanteges·
1024 694 1111 750 abhas
1139 693 1193 750 loci
1219 709 1274 750 non
1303 694 1356 750 sibi
1380 693 1503 750 dedisset
1530 709 1686 759 occursum,
1717 710 1831 750 rancore

166 782 257 849 sisset,
285 782 384 838 iterum
401 782 531 854 praedicta
546 791 610 839 vota
633 783 769 840 reddebat
787 785 816 839 in
831 785 950 841 ecelesia
965 804 972 841 ε
1025 782 1154 839 turbidus
1168 783 1280 853 mentis,
1292 783 1435 839 dabatore
1449 779 1666 854 proferensque
1678 798 1734 839 non
1749 784 1832 839 deee-

165 875 212 946 qui
227 875 293 931 licet
306 877 386 942 clani,
419 876 510 931 taliter
523 877 642 950 agendo,
665 876 749 932 vellet
772 877 874 933 habere
896 880 970 951 quod
1024 876 1101 931 bant.
1119 876 1241 948 Cumque
1257 875 1347 931 abiret
1374 875 1535 947 indignans,
1551 882 1582 930 ut
1595 874 1636 930 ira
1655 875 1703 931 irre
1725 876 1829 935 misce·

165 967 275 1034 meruit,
304 984 389 1039 opera
409 976 501 1023 tamen
525 969 638 1025 cultoris
649 970 691 1025 sni
703 985 758 1026 non
771 980 814 1027 est
828 988 908 1043 passa
923 972 969 1027 di·
1020 956 1106 1030 retur,
1132 964 1341 1036 potentissimus
1362 965 1423 1034 ejus
1449 979 1548 1036 equus,
1570 980 1687 1036 apuew
1703 973 1830 1021 ¹¹¹⁰rl¹¹118

163 1058 263 1113 vinitas
280 1058 364 1114 oculi.
1020 1058 1173 1114 nuntiatur.
1187 1058 1249 1130 lpse
1264 1058 1386 1129 denique
1401 1056 1533 1112 frendens
1554 1057 1582 1111 in
1598 1057 1760 1129 semetipso,
1777 1074 1829 1113 cu·

199 1146 311 1201 decedit
328 1146 420 1217 itaque
435 1148 553 1218 quadam
570 1147 626 1212 die,
652 1155 682 1203 ut
695 1165 742 1206 sus
756 1149 828 1206 eirca
845 1159 969 1223 puteum,
1020 1147 1185 1220 mulansque
1212 1146 1333 1203 furorem
1356 1147 1453 1212 lurori,
1480 1146 1607 1219 geminos
1629 1147 1676 1202 dat
1691 1147 1832 1202 eruciatus

164 1252 219 1308 quo
248 1237 300 1292 loci
322 1238 404 1306 hujns
424 1238 507 1294 vicini
534 1240 754 1312 adaquabantur,
778 1242 970 1310 deambulans,
1020 1235 1124 1302 animo.
1139 1236 1173 1291 de
1189 1235 1380 1309 indigssaliffle
1408 1235 1550 1300 Videlicet,
1573 1243 1600 1290 01
1619 1234 1731 1290 damm-
1748 1235 1832 1291 Cum·

165 1332 256 1380 rueret
286 1326 314 1380 in
340 1327 441 1397 ipsum.
457 1326 717 1386 circumfluentibus
733 1332 855 1403 undique
868 1348 970 1389 mona·
1021 1341 1075 1397 (1110
1089 1324 1132 1380 vir
1145 1333 1257 1381 sancius
1272 1324 1301 1378 id
1312 1332 1374 1396 9081
1388 1339 1517 1394 ⁵0p0l⁰ffl
1538 1322 1830 1394 ssssss1i000gss0l'issseh

164 1413 417 1480 chis,cumnullus
445 1427 518 1471 esset
542 1416 589 1488 qui
604 1425 767 1489 pereuntem
795 1427 890 1492 posset
914 1421 970 1477 eri·
1022 1421 1058 1476 ad
1073 1419 1215 1476 hominem
1231 1417 1429 1475 consalandum
1452 1432 1506 1473 uon
1522 1416 1630 1471 distulit
1644 1416 1830 1480 exire;sue-

101 1518 105 1527 ·
165 1507 611 1578 peredeproluudo,praesertim
640 1510 972 1581 cumipseputeuscen-
1022 1515 1105 1581 toque
1120 1508 1244 1562 demere
1266 1506 1369 1560 blando
1385 1511 1502 1560 conatur
1517 1504 1639 1576 alloquio
1655 1502 1755 1558 efferos
1770 1503 1832 1572 ejus

165 1602 220 1649 tum
231 1596 331 1666 pedum
349 1595 453 1651 leretur
476 1596 642 1663 altitudinis,
657 1598 699 1653 vir
723 1600 770 1654 Dei
783 1602 969 1673 supervenit:
1022 1595 1129 1653 animos
1142 1595 1279 1669 mitigare,
1296 1594 1473 1666 invitansque
1488 1592 1523 1647 ad
1546 1593 1711 1657 orationem,
1735 1599 1832 1647 monet

164 1682 290 1754 laetoque
305 1693 458 1756 comperto,
473 1687 507 1742 dc
522 1687 750 1759 coinquinatione
770 1704 860 1760 aquae,
877 1688 900 1742 si
911 1689 971 1742 ani·
1022 1685 1051 1740 iu
1068 1685 1123 1741 lleo
1150 1700 1227 1756 spem
1253 1698 1369 1755 ponere,
1396 1698 1428 1738 ac
1456 1682 1490 1736 de
1516 1683 1570 1737 hoc
1593 1680 1668 1754 quod
1683 1680 1833 1736 accidisset

164 1771 304 1826 nralidem
334 1773 372 1826 ihi
399 1785 561 1838 moreretur,
591 1775 697 1831 anxiari
711 1776 807 1848 eoepit,
824 1747 1135 1848 oculisquessrninime
1151 1769 1518 1844 conturbaril‘ergentibus
1533 1776 1625 1825 autem
1637 1769 1693 1824 illis
1707 1768 1741 1823 ad
1755 1767 1833 1822 basi-

164 1860 197 1914 ad
226 1860 325 1915 coelum
351 1863 495 1931 porrectis,
524 1872 607 1936 atque
635 1864 729 1919 auimo
753 1879 815 1919 cum
841 1862 971 1935 precibus

165 1953 325 2009 inDomino
351 1954 404 2010 fixo
433 1956 499 2011 dum
525 1955 624 2013 Christi
649 1957 778 2033 suffragia
794 1958 910 2013 devotus
925 1973 972 2012 ex-

164 2043 264 2112 poscit,
280 2051 345 2099 autc
367 2043 453 2114 pedes
480 2045 567 2116 ipsius
580 2046 683 2114 subito,
708 2046 813 2117 limpha
836 2062 921 2116 super
940 2061 972 2101 os

165 2135 239 2205 putei
254 2135 548 2204 redundanto,animal
562 2137 676 2194 illaesum
691 2138 828 2210 pervenit.
842 2138 972 2194 videntes

163 2228 255 2282 cuncti
271 2235 384 2299 stupore
408 2230 565 2285 vehementi
593 2232 704 2302 repleti,
733 2231 834 2305 gratias
856 2240 973 2306 egerunt

165 2318 229 2383 ileo,
246 2320 293 2390 qui
322 2327 423 2375 tautam
451 2321 632 2396 benignitatis
665 2339 723 2378 sure
752 2323 868 2396 gratiam
893 2321 968 2380 fideli

164 2411 439 2469 suocoutulitserro.

201 2501 323 2566 Quadam
347 2520 457 2576 quoqne
479 2505 536 2572 die,
563 2522 624 2561 curn
655 2505 744 2562 isdem
770 2508 812 2561 vir
837 2507 884 2561 llei
918 2508 971 2563 iter

165 2602 302 2666 agoraea
329 2597 497 2651 monasterio
523 2597 558 2651 arl
583 2598 731 2668 quemdam
752 2598 845 2654 locum
870 2614 971 2670 prope-

166 2701 240 2748 rans,
270 2686 417 2760 agricolam
448 2688 603 2758 quemlibet
635 2698 758 2744 arantem
792 2691 862 2746 viam
880 2689 973 2762 publi-

165 2791 236 2841 cam,
254 2792 303 2845 per
327 2793 408 2848 quam
430 2779 548 2835 transire
571 2779 670 2836 solitus
694 2790 763 2848 erat,
791 2781 908 2839 invenit.
925 2781 973 2838 Cui

166 2872 194 2918 et
220 2864 312 2918 dixit:
341 2868 401 2923 Nora
428 2873 467 2923 est
500 2869 607 2936 honum,
638 2887 654 2924 o
682 2873 768 2938 homo,
789 2875 863 2926 oium
882 2877 975 2926 aratro

1021 1867 1102 1924 licam
1126 1867 1226 1922 Christi
1242 1864 1409 1922 confessoris
1433 1863 1541 1933 llilarii,
1566 1862 1632 1918 dum
1657 1860 1774 1917 veniunt
1802 1861 1832 1914 in

1022 1961 1176 2018 looumubi
1207 1960 1316 2033 signum
1345 1956 1434 2014 crucis
1463 1957 1604 2022 adoratur,
1633 1955 1661 2009 in
1688 1953 1732 2008 via
1747 1969 1834 2025 prece

1022 2051 1104 2109 solito
1119 2051 1193 2115 data,
1219 2049 1322 2105 blande
1345 2049 1450 2104 vultum
1474 2055 1585 2102 vertens
1610 2047 1638 2101 iu
1667 2045 1833 2117 praedictum

1022 2141 1208 2216 legatarium:
1226 2139 1298 2206 Noli,
1314 2138 1353 2194 ait
1374 2139 1473 2203 uereri,
1502 2139 1569 2207 quio
1588 2151 1688 2206 equum
1702 2137 1835 2190 taumia-

1021 2236 1110 2289 oenies
1124 2234 1276 2300 anteferes
1302 2232 1460 2286 monosterii
1484 2244 1590 2295 sunum,
1616 2229 1665 2298 qui
1689 2229 1715 2282 si
1728 2229 1771 2281 ita
1783 2227 1834 2293 (u-

1019 2322 1163 2389 ribundus,
1176 2326 1339 2389 utcoeperas,
1352 2319 1514 2384 recessisses,
1524 2317 1642 2371 cadauer
1655 2318 1719 2386 equi
1731 2317 1836 2370 mortui

1019 2416 1095 2470 nobis
1107 2414 1271 2482 reliquisses.
1295 2409 1438 2482 legatario
1457 2423 1521 2463 vero
1536 2407 1658 2462 animum
1676 2421 1731 2461 nou
1745 2421 1835 2478 appo-

1022 2516 1117 2570 nente,
1146 2504 1376 2576 praesertimeum
1406 2501 1507 2558 viderit
1529 2515 1593 2554 eum
1622 2506 1773 2564 mortuum,
1802 2513 1836 2552 ac

1024 2605 1081 2654 toto
1096 2612 1212 2668 corpore
1239 2580 1386 2663 tumidum,
1415 2583 1538 2649 decurrit
1566 2606 1635 2663 puer
1660 2589 1731 2658 ejus,
1755 2587 1834 2644 alhr-

1024 2701 1102 2740 nrans
1129 2685 1167 2740 ita
1185 2701 1216 2740 se
1242 2700 1299 2739 rem
1323 2683 1436 2749 habere,
1463 2690 1493 2736 ut
1515 2680 1540 2734 ei
1563 2680 1692 2735 sacerdos
1719 2677 1833 2745 Christi,

1023 2777 1192 2834 Theodullus
1214 2775 1359 2832 studuerat
1387 2773 1509 2828 indicare
1527 2771 1644 2842 :sieque
1674 2770 1749 2842 quod
1776 2785 1834 2825 non

1025 2866 1167 2933 credebat,
1184 2864 1318 2920 miraculo
1346 2862 1456 2918 virtutis
1476 2859 1603 2933 probato,
1624 2859 1726 2914 mentis
1740 2857 1834 2913 lurore

166 2954 265 3020 scindi,
281 2971 340 3024 quoe
355 2956 456 3011 <lebeta
470 2960 621 3014 uiatoribus
635 2960 767 3029 inoffenso
780 2961 848 3030 pede
862 2962 972 3015 cuhara.
1025 2955 1164 3026 deposito,
1177 2952 1280 3028 gratias
1291 2951 1375 3006 refert
1387 2950 1514 3016 Domino,
1526 2963 1592 3004 sera
1606 2962 1635 3002 sc
1645 2954 1749 3002 testans
1762 2961 1834 3002 ocu·

168 3044 338 3117 Regrediens
367 3057 458 3104 autem
485 3049 527 3105 vir
554 3059 666 3106 sanctus
681 3067 730 3122 per
749 3052 874 3107 eamdem
890 3052 973 3120 viam,
1025 3048 1114 3103 lorum
1130 3044 1249 3116 experiri
1279 3043 1454 3116 probatione,
1489 3057 1551 3113 quae
1567 3041 1697 3096 deservo
1722 3039 1833 3095 bomini

168 3152 264 3192 rursus
284 3139 433 3213 agricolam
449 3141 521 3196 viam
541 3150 571 3198 ut
595 3153 717 3214 coeperat
735 3151 860 3200 arantem
879 3143 970 3200 offen·
987 3115 1205 3212 Cquorumdam
1222 3136 1326 3192 dudum
1356 3144 1519 3207 perceperat
1541 3133 1685 3188 relatione.
1703 3134 1773 3189 Nou.
1792 3132 1836 3185 in-

168 3225 215 3282 dit.
233 3231 336 3295 Nonae,
353 3229 454 3301 inquit,
480 3231 543 3287 dini
561 3234 612 3288 tibi
631 3236 697 3303 quia
711 3235 784 3288 oium
799 3236 880 3290 istum
895 3249 974 3288 orare

168 3331 221 3370 uon
234 3318 311 3372 debes
326 3317 577 3393 lappropiansque
609 3339 692 3377 manu
721 3330 815 3379 sancta
835 3329 917 3392 caput
928 3339 973 3376 ru·

168 3404 229 3460 stici
246 3407 336 3480 tetigit
349 3408 445 3464 dicens
462 3427 468 3463 ε
485 3413 537 3465 Por
551 3412 627 3466 istud
652 3418 733 3481 eaput
760 3418 795 3479 te,
807 3414 893 3479 homo,
911 3428 974 3468 cort·

168 3498 251 3549 testor
268 3512 299 3549 ne
311 3499 385 3550 oium
410 3500 492 3554 istam
506 3500 624 3569 emplius
653 3517 721 3556 ares.
740 3501 909 3557 Retrahente
924 3518 975 3556 au-

170 3593 224 3638 tem
236 3600 268 3640 eo
280 3602 403 3655 manum,
416 3594 474 3643 tota
486 3589 656 3660 parscapitis
670 3589 790 3646 hominis
803 3590 866 3662 [cp]
877 3590 974 3662 illiusl,

170 3690 253 3746 quam
281 3677 323 3731 vir
337 3677 384 3732 Dei
413 3679 549 3755 tetigerat,
580 3680 702 3735 candens
716 3681 844 3752 apparuit
858 3689 888 3737 ut
902 3682 974 3735 lana.

171 3762 226 3820 Nec
251 3765 366 3821 dubium
397 3771 472 3840 quod
498 3785 553 3825 non
583 3771 665 3826 homo
693 3770 739 3825 llei
759 3771 846 3826 voluit
872 3778 903 3826 ut
930 3786 976 3825 ca-

171 3855 229 3925 pilli
241 3855 383 3922 caderent,
400 3860 448 3914 sed
476 3867 506 3915 ut
530 3859 608 3935 signa
635 3875 683 3932 per
704 3861 898 3918 succedentem
920 3878 973 3936 ge-

170 3947 343 4001 nerationem
363 3958 556 4018 promerentur
577 3951 660 4020 hujus
682 3950 757 4018 lacti,
774 3953 974 4028 nequisagere

169 4034 260 4090 simile
289 4046 469 4107 presumeret
497 4039 571 4110 quod
600 4049 711 4095 sanctus
734 4041 781 4096 liei
805 4041 975 4097 Theodullus

170 4124 316 4195 imperavit
331 4142 365 4180 ne
378 4126 466 4182 heret.
488 4129 554 4182 Nam
570 4129 787 4205 dumgeneratio
802 4131 891 4203 ipsius
900 4131 975 4205 agri-

169 4211 237 4268 colae
263 4214 374 4282 mansit,
403 4215 513 4290 siguum
543 4219 617 4289 quod
647 4236 663 4274 a
688 4230 783 4277 sancto
811 4221 870 4277 viro
900 4230 978 4293 pater

101 4328 102 4333 κ
169 4301 287 4372 accepit,
302 4311 330 4358 et
340 4303 399 4374 ipsa
412 4303 497 4359 simili
510 4305 592 4362 modo
607 4308 731 4379 pertulit.

205 4394 252 4450 Vir
264 4396 386 4471 denique
411 4400 523 4472 quidam
537 4402 614 4458 venit
632 4402 667 4458 ad
690 4402 778 4459 virum
804 4405 851 4460 Dei
868 4405 978 4461 oculum

1024 3230 1210 3302 quitsanetus
1237 3229 1296 3295 Dei,
1321 3229 1369 3282 hoc
1402 3229 1479 3290 ritem,
1495 3242 1554 3281 eum
1586 3227 1638 3279 sim
1663 3225 1741 3278 honre
1766 3240 1833 3294 pec-

1023 3327 1108 3388 cator,
1124 3322 1245 3376 ascribas
1264 3322 1379 3385 meritis,
1408 3318 1454 3372 sed
1471 3319 1523 3372 Deo
1552 3319 1658 3384 oratius
1691 3331 1750 3384 ope,
1767 3331 1836 3371 son-

1023 3418 1183 3484 ctorumque
1194 3414 1291 3467 merito
1305 3427 1358 3465 non
1371 3408 1703 3478 aesseseenerari,quitibi
1716 3411 1837 3477 possunt

1023 3505 1053 3558 in
1067 3503 1193 3556 erunibus
1208 3501 1344 3555 auxilium
1371 3499 1478 3566 lurpiri.
1496 3495 1608 3550 Talibus
1634 3495 1728 3566 itaque
1742 3494 1834 3548 virum

1025 3594 1165 3649 instruens
1177 3591 1302 3659 monitis,
1318 3590 1382 3644 data
1393 3588 1590 3644 benedictione
1601 3586 1729 3658 permisit
1743 3586 1834 3641 abire.

1025 3685 1104 3741 Unde
1119 3683 1224 3755 liquido
1254 3689 1329 3754 patet
1353 3697 1416 3736 eum
1445 3696 1508 3735 cum
1536 3679 1639 3734 virtute
1663 3677 1834 3732 mirabilium

1025 3776 1125 3848 spiritu
1149 3790 1261 3847 quoque
1294 3771 1416 3847 viguisse
1445 3770 1608 3843 prophetiae,
1638 3769 1686 3840 qui
1718 3769 1834 3833 animal,

1026 3866 1252 3941 quodmortuum
1277 3863 1430 3930 dimiserat,
1459 3878 1519 3917 esse
1545 3861 1639 3917 vivum
1662 3859 1836 3933 praenuntia-

1023 3956 1081 4013 bat.

1061 4048 1117 4104 Nec
1132 4047 1272 4103 ullatenus
1300 4044 1393 4101 omnia
1408 4043 1540 4098 virtutum
1556 4041 1643 4112 ipsius
1669 4056 1838 4096 enumerare

1026 4138 1180 4195 sufficimus
1195 4136 1325 4211 insignia.
1342 4135 1412 4201 Quot
1427 4134 1501 4190 enim
1526 4132 1643 4188 diversis
1656 4131 1761 4187 detenti
1775 4130 1837 4186 lan-

1026 4226 1161 4302 guoribus
1179 4242 1229 4297 per
1243 4226 1305 4294 ejus
1332 4224 1571 4292 intercessionem,
1583 4223 1773 4294 plenissimam
1790 4240 1838 4279 rc-

1027 4325 1161 4390 oeperunt
1184 4317 1347 4385 sanitatem,
1362 4318 1438 4373 solus
1460 4318 1522 4389 ipse
1536 4316 1623 4381 novit,
1639 4316 1687 4388 qui
1704 4316 1763 4371 haec
1774 4315 1836 4370 sveri

1029 4407 1168 4479 praestitit.
1194 4407 1268 4461 luter
1291 4412 1391 4461 caetera
1416 4420 1529 4476 quoque
1552 4403 1625 4459 bona
1640 4419 1701 4475 quae
1712 4401 1839 4457 Christus

171 4488 278 4545 habens
296 4490 415 4565 virgulto
444 4509 617 4564 percussum,
647 4504 675 4552 et
699 4496 804 4552 lumine
828 4496 977 4569 privatum,
990 4482 1018 4551 D
1029 4499 1240 4555 huioservosuo
1254 4497 1402 4562 concessit,
1414 4497 1484 4552 illud
1498 4495 1679 4551 memorabile
1695 4493 1839 4564 spectabi-

171 4581 216 4636 cui
232 4583 307 4638 nulla
325 4583 443 4641 dabatur
467 4587 578 4659 requies
592 4588 628 4643 de
648 4586 828 4655 cruciatione,
845 4602 896 4642 nec
910 4601 975 4657 spes

171 4677 229 4727 orat
244 4673 279 4729 de
292 4676 368 4732 visus
381 4678 602 4750 recuperatione.
619 4681 704 4745 Quem
720 4677 818 4734 beatus
837 4677 976 4735 Theodul-

172 4762 215 4817 lus
225 4765 259 4818 ad
274 4779 449 4824 sacrosancta
464 4769 570 4826 ducens
584 4771 692 4837 altaria,
706 4770 801 4826 docuit
813 4770 973 4827 osculanda.

169 4851 219 4908 llle
233 4871 310 4912 saera
324 4858 462 4914 velamina
481 4877 527 4917 ore
551 4862 691 4935 tangebat,
721 4867 749 4916 et
769 4877 866 4917 servus
877 4862 976 4917 Christi

171 4945 302 5015 precibus
328 4946 487 5004 incubabat.
518 4951 611 5026 Surgit
636 4957 782 5006 sanctusa
807 4951 975 5021 pavimento,

172 5043 200 5089 et
214 5035 722 5114 nulladolorisvestigiaremauserunt
732 5038 975 5108 injuvenisoeulo.

171 5126 233 5193 tlui,
263 5137 293 5184 ut
321 5140 379 5185 erat
408 5130 534 5205 dignum,
563 5131 622 5188 viro
649 5131 696 5188 Dei
720 5131 823 5206 gratias
856 5136 977 5191 reserens

173 5235 223 5290 pro
238 5224 355 5292 medela,
374 5226 499 5298 gaudens
526 5227 658 5283 remeavit
682 5227 717 5282 ad
742 5227 864 5299 propria,
880 5226 979 5283 collata

171 5312 226 5369 sihi
237 5332 319 5387 quam
332 5319 479 5390 quesierat
491 5320 639 5377 medicina.

209 5404 325 5470 Quidam
349 5422 461 5480 quoque
488 5408 596 5484 legatus
621 5409 835 5476 dustrasiorum,
865 5409 978 5466 nomine

172 5492 230 5549 eho
246 5495 304 5568 (qui
320 5505 385 5552 sunt
399 5497 557 5569 superiores
584 5499 692 5568 Franci)
719 5500 834 5556 veniens
858 5517 874 5556 a
888 5502 977 5573 parti-

173 5583 226 5640 bus
239 5584 368 5652 Orientis,
394 5589 459 5646 durn
486 5591 521 5647 ad
537 5590 618 5660 hujus
646 5597 712 5646 tune
731 5591 807 5665 regni
823 5591 978 5663 principem

150 5675 340 5763 mitteretur,
357 5679 492 5736 orationis
508 5679 597 5754 gratia
623 5678 820 5736 monasterium
848 5678 900 5737 viri
929 5678 978 5734 ltei

1025 4592 1106 4663 leque
1119 4589 1295 4662 praedicatur,
1325 4589 1399 4662 quod
1427 4604 1490 4644 cum
1519 4587 1657 4658 adusque
1683 4585 1839 4658 nonaginta

1024 4683 1125 4740 vixerit
1152 4698 1249 4750 anuos,
1275 4681 1375 4738 canitie
1404 4680 1561 4753 praeclarus,
1588 4684 1701 4749 aspectu
1728 4677 1837 4746 iucun-

1026 4776 1088 4843 dus,
1096 4775 1221 4831 moribus
1235 4782 1414 4846 temperatus,
1430 4770 1689 4843 charitatelpleuus,
1706 4767 1837 4824 elecmo-

1026 4868 1103 4941 synis
1130 4867 1233 4942 largus,
1263 4873 1439 4938 contemptor
1463 4863 1556 4920 saeculi
1581 4861 1729 4938 gloriosus,
1759 4860 1838 4916 nullo

1028 4956 1147 5023 febrium
1171 4956 1277 5024 dolore,
1309 4956 1385 5012 nulla
1412 4954 1537 5026 corporis
1556 4950 1730 5017 lassitudine,
1759 4950 1839 5005 nullo

1028 5063 1119 5103 rerum
1135 5046 1272 5103 variarum
1300 5062 1365 5102 casu
1387 5044 1541 5110 conlectus,
1560 5042 1636 5097 nulla
1651 5040 1754 5097 mentis
1776 5055 1840 5096 vno-

1027 5135 1106 5191 lestia
1130 5142 1231 5201 ructus,
1258 5135 1292 5190 ab
1316 5134 1453 5199 oratione,
1477 5132 1520 5188 vel
1549 5147 1663 5203 operum
1693 5129 1838 5185 Deiexer-

1029 5224 1094 5280 citio
1118 5225 1245 5290 cessavit,
1271 5238 1416 5296 quousque
1432 5222 1514 5277 beata
1534 5221 1595 5289 ejus
1617 5221 1709 5275 anima
1736 5234 1841 5289 corpus

1029 5318 1174 5392 vegetavit.
1192 5319 1257 5373 Cum
1274 5322 1338 5373 vero
1364 5316 1457 5372 divina
1481 5313 1628 5369 elementia
1658 5312 1769 5368 fidelem
1792 5312 1839 5367 la·

1027 5407 1133 5463 mulum
1147 5406 1226 5462 senio
1239 5408 1393 5471 detentum,
1409 5423 1458 5478 pro
1474 5404 1617 5461 laboribus
1642 5404 1711 5469 suis,
1733 5401 1841 5474 quietis

1029 5495 1183 5570 refrigerio,
1208 5496 1299 5551 meriti
1324 5495 1437 5567 praemio
1464 5494 1549 5550 vellet
1578 5508 1764 5557 remunerare,
1797 5490 1840 5546 ie-

1029 5589 1120 5644 brium
1149 5588 1239 5644 calore
1261 5587 1437 5660 aliquatenus
1462 5604 1526 5643 eum
1556 5586 1682 5659 permisit
1706 5593 1838 5641 aestuare.

1030 5679 1228 5755 ingressusque
1237 5676 1380 5732 basilicam
1395 5677 1441 5732 die
1456 5677 1575 5750 quadam
1591 5676 1656 5730 duur
1682 5673 1838 5730 niratutino-
