3840 6106
57 380 62 388 ι
121 296 174 353 623
503 295 689 355 ttononttbl
710 297 862 356 maculet
883 295 1048 353 endensls
1067 293 1235 351 OPUSCULA
1255 292 1411 351 beteret.
1732 293 1778 347 hat

120 425 212 481 Evolat
225 424 427 490 adbominum3
442 425 534 481 Tiberi
551 427 597 497 pia
613 428 737 483 membra
751 428 886 484 seruntur.
937 425 1060 499 pinque
1076 423 1119 478 via
1127 423 1296 479 Nomentana
1312 422 1382 479 locat
1396 437 1458 478 ossa
1472 421 1571 486 beata:

118 518 239 573 Clericus
253 516 340 588 ipsius
351 516 429 573 factis
445 525 472 572 et
483 517 596 574 nornine
606 519 698 586 justus

97 603 100 608 ’
119 605 203 660 Undis
217 605 339 676 eripiens
352 620 454 675 corpus
467 605 594 677 producit
608 607 642 661 ad
663 607 772 663 hortum

977 519 1080 590 llicque
1100 520 1187 574 Deum
1198 528 1309 574 orantes
1324 525 1514 590 poscuntque
1528 518 1613 592 digna
1628 523 1767 571 merentur

975 612 1100 685 ltlartyris
1110 612 1227 669 obtentu
1243 613 1315 684 passi
1330 628 1381 685 pro
1394 612 1506 669 nemine
1522 611 1633 667 Cltristi.

118 699 147 752 ln
163 699 253 755 biroto
268 699 423 771 proprium,
439 706 467 754 et
477 700 583 757 tumulo
598 716 686 772 prope
698 701 802 757 moenia
817 701 922 771 condit,
975 702 1040 759 Cum
1056 705 1136 760 Patre
1147 704 1419 778 quisemperssncto
1432 710 1460 760 et
1474 702 1633 775 spiramine
1648 707 1754 776 regnat.
1768 720 1778 750 ι

875 834 980 893 carot
1000 838 1032 893 xl

607 937 646 997 De
660 939 808 1014 martyrio
826 946 1001 998 enectorum
1016 941 1105 999 Nerei
1118 948 1144 999 et
1159 938 1299 1000 tettttet.

119 1050 164 1105 llis
179 1052 216 1106 ita
230 1051 365 1116 decursis,
386 1052 444 1108 haec
460 1052 649 1109 rescribuntur
663 1053 698 1108 ad
715 1053 782 1108 ista:

119 1144 234 1214 hntyces
244 1144 399 1200 Victorinus
416 1145 545 1200 llareoad
561 1144 745 1200 ornniaservi.

118 1233 171 1298 ttui
184 1233 291 1288 Domini
302 1235 366 1289 tesu
381 1234 508 1289 llarcello
526 1243 677 1307 grammata
687 1233 771 1287 missa

119 1325 219 1379 sictua
232 1332 367 1380 venerunt
383 1325 500 1391 sanctis;
521 1325 634 1398 triginta
654 1324 714 1379 dies
728 1324 782 1391 jam

976 1052 1127 1127 Suppliciis
1139 1055 1253 1120 dantum
1270 1069 1340 1126 quos
1356 1052 1444 1109 liuius
1552 1051 1701 1126 ignetl'lE)

976 1152 1120 1221 Appensos
1135 1151 1262 1206 crucians
1277 1150 1390 1206 molitur
1404 1165 1503 1224 cogere
1518 1149 1623 1213 saeris;

977 1241 1100 1314 Dumque
1113 1242 1232 1298 latentur
1241 1242 1393 1314 apostolico
1408 1241 1576 1313 baptismate
1590 1240 1666 1296 lotos

976 1330 1055 1386 qulla
1066 1348 1188 1404 unquam
1204 1346 1235 1386 se
1254 1329 1431 1402 sculptilibus
1447 1330 1555 1385 ratione
1567 1329 1659 1393 litare,

117 1413 292 1469 Transierant
307 1421 452 1486 postquam
470 1414 504 1469 ad
519 1415 644 1468 meritam
660 1427 761 1468 venere
781 1426 923 1468 coronam.
976 1419 1066 1475 Puniti
1077 1420 1178 1475 mulcta
1192 1419 1292 1492 capitis
1311 1434 1396 1490 super
1411 1425 1484 1473 astra
1499 1418 1647 1473 recedunt.

118 1506 208 1582 lflauia
223 1507 353 1578 praeclara
367 1516 394 1563 et
409 1508 516 1564 Christo
531 1507 704 1563 vinctissima
716 1508 805 1580 uirgo,

119 1598 202 1652 ltoeta
217 1613 266 1668 per
276 1598 419 1652 eunuchos
429 1597 515 1653 Nerea
534 1604 562 1652 et
576 1597 704 1652 Achillea
719 1597 808 1652 claros

118 1689 201 1762 Virgo
216 1705 338 1755 manere,
356 1690 410 1745 Deo
423 1705 554 1761 supremo
567 1689 680 1744 credere
694 1688 802 1744 Christo

118 1777 231 1845 ttbjecto
245 1778 311 1833 Jesu
329 1778 408 1834 titulo
424 1778 477 1833 sibi
494 1777 627 1846 nominis,
642 1778 732 1833 isthuc

118 1871 249 1925 Truditur
263 1870 298 1924 ab
315 1885 428 1941 sponso,
444 1885 526 1941 quem
538 1876 698 1940 tempserat,
715 1868 875 1934 Aurelianot

120 1962 227 2033 Quique
238 1977 359 2033 sequens
373 1965 564 2017 eunuchorum
580 1969 686 2015 tentare
702 1961 811 2031 piorum

122 2056 286 2128 Aggreditur
299 2064 431 2122 mentem,
447 2072 496 2127 per
508 2072 558 2111 eos
571 2055 624 2110 sibi
640 2055 756 2131 virginis
769 2062 868 2126 optans

121 2146 273 2202 conciliare
283 2148 424 2203 animum:
440 2155 607 2217 spernentes
622 2164 736 2202 munera
751 2148 838 2202 sancti

122 2241 149 2291 ln
165 2237 271 2293 Christo
286 2237 395 2292 lirmare
411 2237 492 2293 fidem
508 2238 641 2294 studuere
657 2238 774 2309 puellae3

122 2326 197 2381 Unde
210 2326 345 2382 attrectati
362 2343 412 2397 per
425 2341 558 2397 sponsum
580 2325 697 2381 verbere
712 2326 773 2380 diro

123 2417 243 2488 ltepositi
257 2417 444 2483 Terracinam,
461 2417 586 2489 Rutoque
602 2416 720 2473 necandi

978 1509 1124 1579 euspicius
1139 1525 1256 1581 quorum
1272 1509 1363 1580 rapuit
1378 1523 1455 1563 saera
1472 1522 1589 1578 corpora
1605 1513 1701 1573 noctu,

978 1598 1136 1670 discipulus
1146 1598 1222 1666 lelix,
1238 1614 1293 1671 quo
1309 1599 1400 1654 Flavia
1413 1597 1500 1653 erevit
1518 1598 1644 1652 alumno.

979 1689 1166 1762 Narieulaque
1182 1692 1287 1746 vehens
1301 1689 1447 1746 Domitillae
1460 1689 1489 1744 in
1503 1688 1704 1760 praediaduxit,

979 1781 1016 1835 Ac
1031 1788 1133 1836 sanctae
1145 1780 1387 1855 juxtaPetronillre
1402 1779 1483 1835 busta
1497 1778 1612 1845 locauit,

980 1870 1053 1925 llille
1069 1878 1096 1925 et
1107 1869 1266 1944 quingentis
1278 1869 1409 1926 distantia
1423 1867 1552 1940 passibus
1566 1867 1652 1934 Urbe,

982 1961 1046 2025 Quae
1062 1976 1122 2028 nos,
1139 1961 1266 2033 euspicio
1282 1966 1422 2027 narrante,
1438 1958 1601 2029 accepimus
1616 1966 1685 2013 aeta.

983 2055 1089 2109 Floreat
1103 2070 1169 2129 ergo
1180 2061 1234 2109 tuae
1250 2053 1332 2110 nobis
1345 2053 1458 2108 dilectio
1474 2038 1559 2116 eures,

983 2146 1148 2218 blittereqne
1167 2146 1304 2203 acceleres
1318 2146 1365 2218 qui
1382 2143 1565 2201 nobisvestra
1582 2142 1696 2209 revelet,

986 2235 1081 2290 Nostra
1095 2235 1157 2299 tibi,
1172 2234 1292 2290 fraterna
1307 2235 1380 2290 salus
1396 2234 1515 2289 illustret
1530 2241 1676 2304 utrosque,

987 2322 1086 2379 Latior
1105 2322 1219 2380 affectus
1230 2323 1374 2396 tripotenti
1384 2323 1446 2379 lnce
1460 2328 1598 2377 coruscet.

875 2487 979 2544 CAPUT
1000 2487 1055 2542 llll.

603 2589 642 2648 De
654 2591 768 2650 selectis
782 2589 925 2666 Eutyche,
949 2589 1097 2649 Victorino
1112 2597 1139 2649 et
1152 2589 1306 2651 Severino.

126 2702 251 2760 indiculo
265 2702 318 2759 boe
332 2706 455 2772 sumpto,
470 2701 589 2756 blarenm
603 2700 747 2758 Marcellos
762 2702 795 2757 ad
811 2701 887 2772 ipsos
987 2701 1099 2757 lnvidns
1109 2718 1175 2778 ergo
1188 2703 1383 2760 bonimontem
1398 2703 1486 2774 replet
1495 2702 1656 2769 Aureliani;

124 2795 289 2850 Germanum
297 2794 381 2850 mittit
395 2793 454 2866 qui,
470 2792 678 2849 consessoribus
691 2809 764 2849 anno

124 2887 188 2942 Cum
204 2887 307 2942 sanctis
322 2885 428 2955 habito,
443 2885 564 2951 rediens,
578 2886 628 2941 bos
639 2886 761 2958 prodidit
776 2893 863 2942 actus.

124 2982 192 3036 llum
204 2991 266 3051 post
280 2980 441 3052 martyrium
461 2980 542 3035 Nerei
557 2980 705 3052 fratrisque
720 2987 863 3052 peractum

126 3069 288 3125 Aurelianus
300 3069 357 3143 agit
372 3067 517 3123 Domitillae
534 3083 649 3123 assensa
668 3067 776 3135 subire3

125 3160 218 3216 hudiit
233 3163 304 3216 bane
319 3160 417 3216 eadem
434 3159 515 3214 dietis
530 3159 669 3214 consortia
685 3160 799 3225 sanctis,

126 3250 257 3325 trrngere.
274 3256 394 3305 sacrarat
406 3265 468 3321 qnae
485 3248 702 3320 praeceptoribus
716 3251 793 3315 olim,

129 3339 283 3410 ltonnrique
298 3339 367 3410 petit
381 3338 434 3393 sibi
448 3355 545 3410 quosa
561 3339 686 3411 principe
696 3340 793 3407 Nerua,

128 3431 218 3487 Sacris
228 3433 251 3486 si
266 3431 393 3506 lugerent
408 3432 562 3486 simulacris
577 3431 743 3488 sacrificare.

127 3523 191 3590 llos,
207 3525 272 3578 dum
284 3524 434 3595 persistunt
448 3524 540 3579 animo
552 3524 654 3580 durare
668 3525 752 3592 virili,

126 3617 323 3690 Carnificisque
338 3619 426 3674 minas
440 3625 503 3675 voto
519 3619 626 3675 calcare
639 3619 725 3685 fideli,

126 3706 177 3761 Per
189 3722 240 3761 sua
250 3706 392 3776 depositos
406 3707 461 3763 alto
476 3706 551 3762 ierus
566 3724 630 3763 arva
643 3715 815 3779 sequestrat3

127 3799 273 3873 Eutychem
287 3815 334 3855 sex
349 3808 430 3874 atque
443 3801 539 3856 decem
557 3801 601 3855 vis
612 3800 734 3856 millibus
745 3800 817 3857 Urbe

126 3891 294 3948 Nomentana
310 3892 416 3963 procul,
431 3892 656 3965 Victorinumque
671 3893 759 3948 salina

126 3984 272 4055 Sexaginta
287 3983 361 4054 capit
376 3983 520 4050 dirimens,
537 3985 596 4040 haec
612 3985 672 4056 ipsa
684 3984 822 4042 ldaronem

127 4071 264 4128 lloenibus
278 4072 307 4126 in
325 4078 436 4127 centum
450 4072 617 4145 trigintaque
631 4073 755 4129 millibus
765 4074 864 4131 aulert.

129 4164 179 4217 l'er
195 4172 283 4218 totum
299 4178 365 4238 ergo
379 4163 451 4217 diem
469 4163 564 4218 rastris
580 4163 708 4218 insistere
723 4165 834 4219 mandat

987 2792 1120 2869 Erigitira
1134 2795 1253 2860 animos,
1267 2802 1385 2851 tortores
1399 2794 1508 2850 mittere
1522 2793 1633 2860 suadet,

988 2885 1125 2959 tegantur
1138 2886 1204 2942 lanii
1221 2886 1310 2942 varias
1325 2886 1451 2959 infligere
1464 2901 1575 2959 poenss;

988 2976 1109 3033 Caeditur
1124 2978 1260 3050 Eutyches
1274 2984 1331 3035 tota
1346 2984 1489 3049 spectante
1503 2975 1608 3048 platea.

953 3064 1056 3164 Cburn
1072 3067 1141 3138 petit
1155 3067 1303 3122 aetheream
1316 3080 1397 3121 mens
1409 3064 1504 3121 sedem
1513 3063 1602 3138 flagra
1613 3062 1776 3135 triumphans,

989 3158 1106 3214 berctus
1119 3159 1204 3232 digno
1220 3158 1371 3215 temnentia
1391 3157 1515 3212 membra
1527 3148 1659 3212 lanistam

988 3246 1112 3319 Eripiens
1125 3248 1246 3319 populus
1259 3254 1389 3319 properat
1402 3245 1545 3301 cumulare
1561 3245 1674 3309 decore,

987 3339 1185 3411 Secretumque
1196 3356 1280 3410 super
1290 3338 1396 3394 Christo
1407 3343 1483 3409 parat
1498 3337 1583 3392 edere
1599 3333 1734 3408 tempium.

988 3430 1102 3487 Mittitur
1115 3448 1279 3504 oppressum
1293 3447 1367 3487 suevo
1379 3438 1490 3506 turgore
1504 3430 1646 3485 llaronem

987 3522 1103 3597 Turgius
1124 3523 1245 3591 inflatus,
1260 3539 1325 3579 saxo
1340 3523 1387 3595 qui
1403 3532 1527 3577 sternere
1544 3521 1639 3577 nitens

987 3615 1072 3682 Quem
1089 3625 1192 3672 terrore
1207 3616 1316 3689 nequit;
1335 3612 1492 3689 praegrandi
1505 3612 1632 3684 pondere
1646 3627 1730 3684 rupen

987 3704 1126 3761 trochleis
1141 3704 1377 3761 librarehomines
1392 3720 1474 3777 qnam
1491 3702 1668 3776 septuaginta

986 3796 1033 3852 Vix
1046 3796 1173 3868 quibant,
1186 3796 1267 3867 jubet
1279 3794 1399 3862 advolvi,
1413 3802 1599 3866 sanctumque
1613 3791 1727 3854 onerant

988 3884 1095 3957 Quique
1108 3886 1184 3942 leves
1200 3887 1294 3958 paleas
1304 3903 1356 3943 cen
1369 3901 1419 3958 per
1434 3885 1490 3941 duo
1505 3884 1597 3940 millia
1611 3885 1688 3941 laetus

988 3974 1091 4042 Gestat,
1106 3991 1196 4048 eoque
1212 3975 1274 4032 loeo
1290 3975 1458 4048 solitusque
1474 3973 1593 4029 tundere
1606 3981 1669 4030 rota

988 4065 1193 4141 Snrcophagum
1213 4065 1294 4131 locat,
1314 4065 1408 4121 ilaesus
1421 4080 1533 4138 quoque
1550 4064 1674 4137 pondere
1687 4063 1772 4136 perstet

991 4158 1112 4230 Votaque
1124 4158 1247 4229 repletur
1260 4157 1330 4214 miro
1345 4157 1487 4229 provincia
1501 4157 1594 4222 laeto;

128 4256 242 4310 Sanctus
255 4269 354 4309 censor
373 4259 461 4320 atrox,
485 4260 512 4309 et
527 4253 639 4309 catabra
654 4254 712 4325 (stc)
729 4272 845 4328 vespere
869 4274 942 4328 prae-
991 4254 1153 4308 Accelerant
1167 4253 1278 4327 purgari
1299 4253 1410 4320 animae,
1425 4260 1612 4325 sanctumque
1631 4250 1749 4306 laeserunt

837 4349 903 4422 [bet.
991 4346 1127 4402 effectam
1142 4347 1272 4419 populus,
1284 4345 1419 4403 larvarum
1434 4345 1602 4401 exterminat
1614 4361 1682 4402 aras.

131 4438 184 4492 Sed
201 4438 290 4492 bonus
305 4436 350 4493 hie
369 4437 502 4494 Dominus
517 4438 644 4510 proprios
665 4455 720 4496 non
736 4439 837 4513 linquit
851 4440 979 4533 alum-D
992 4441 1056 4494 dcta
1071 4438 1109 4510 pii
1119 4437 1204 4508 iudex
1216 4438 1361 4494 annuntiat
1369 4436 1528 4504 Aureliano,

833 4530 904 4602 [nos,
993 4529 1212 4600 Concessamque
1229 4527 1287 4584 iero
1301 4527 1423 4600 praedam
1436 4533 1558 4582 mactare
1575 4529 1735 4600 propinquat.

133 4622 252 4678 lluribus
268 4623 351 4694 inque
366 4622 520 4698 peregrinis
535 4624 597 4680 data
612 4624 699 4700 gratia
712 4625 804 4694 justis.

132 4715 266 4786 Eutyches
281 4713 386 4786 prolem
401 4731 464 4769 nam
479 4716 656 4771 conductoris
669 4716 762 4791 agelli,

132 4806 262 4862 ltaemone
277 4804 403 4877 depulso,
416 4807 542 4880 patrique
551 4807 660 4879 sibique
676 4809 796 4880 reponit.

131 4899 163 4951 lt
175 4895 331 4951 Victorinus
343 4895 448 4952 domini
463 4896 522 4952 rice
538 4912 600 4951 rura
616 4906 768 4971 regentem,

131 4990 252 5060 'tresque
267 5004 354 5043 annos
364 4988 436 5044 lecto
453 4988 601 5060 paralytica
612 4987 737 5044 membra
750 4989 888 5045 foventem

131 5079 288 5134 lncolumen
304 5076 380 5132 dedit
395 5077 510 5140 orando,
527 5077 674 5149 rapuitque
688 5078 814 5151 grabato.

132 5169 290 5225 duraturam
305 5168 383 5223 urbis
393 5168 489 5224 morbo
500 5167 574 5223 llaro
589 5168 670 5224 solvit
682 5169 825 5241 hydropis,

132 5265 218 5320 Annis
239 5279 294 5336 quo
308 5271 417 5334 septem
431 5263 547 5317 undarat
563 5262 721 5334 lymphante
734 5263 852 5336 liquore.

134 5351 259 5422 benique
274 5350 424 5407 formantes
435 5349 554 5422 populos
568 5349 696 5408 affamine
712 5362 798 5420 casto,

134 5441 289 5495 instruxere
299 5439 353 5494 lide
370 5439 471 5495 multos
480 5439 622 5515 regnantis
637 5440 710 5509 lesu,

994 4619 1143 4676 Credentes
1155 4620 1277 4692 lapidem
1292 4618 1398 4691 populi,
1416 4618 1461 4690 pia
1475 4618 1612 4690 pondera,
1625 4616 1687 4689 justi

993 4716 1049 4771 lloc
1060 4713 1120 4786 ipso
1131 4713 1227 4787 gerula
1239 4729 1301 4770 ossa
1315 4714 1406 4769 locant
1421 4712 1618 4786 tumulantque
1631 4717 1721 4772 earam

993 4803 1120 4875 Desuper
1132 4801 1234 4859 excelsi
1250 4802 1403 4858 condentes
1417 4802 1542 4858 muneris
1555 4801 1647 4859 aulam

993 4894 1023 4949 ln
1039 4911 1093 4968 qua
1108 4895 1182 4951 dona
1197 4893 1363 4950 haimerius
1383 4900 1551 4966 praestantur
1565 4893 1676 4950 alumni.

1029 4986 1074 5041 Est
1087 4986 1163 5042 locus
1173 4985 1267 5042 lances
1276 4985 1388 5040 mittens
1402 4985 1557 5057 spiramine
1569 4992 1654 5042 tetros

993 5076 1159 5148 Sulphureo,
1176 5075 1271 5131 latices
1283 5083 1392 5132 veteres
1405 5073 1500 5128 dixere
1516 5071 1640 5131 cotillas:
1653 5069 1656 5076 '

995 5169 1043 5224 llic
1057 5168 1238 5235 Victorinum,
1255 5167 1387 5238 resupino
1399 5165 1501 5221 vertice
1516 5181 1646 5236 pensum,

995 5258 1127 5316 llorriflco
1143 5259 1242 5330 perimi
1258 5259 1371 5313 mandat
1381 5258 1493 5329 pedore
1509 5266 1653 5329 tyrannus.

994 5352 1056 5407 llaec
1071 5349 1159 5405 tribus
1169 5357 1199 5405 ut
1212 5365 1307 5421 passus
1319 5356 1421 5421 martyr
1437 5347 1589 5404 furibunda
1604 5346 1698 5403 diebus

992 5440 1107 5496 Nectare
1118 5439 1214 5495 divino
1229 5438 1348 5510 coelique
1361 5436 1468 5493 levetur
1484 5451 1607 5492 amoeno.

133 5527 343 5600 Presbyterique
355 5527 410 5583 dati
422 5526 532 5600 plebem
547 5531 751 5604 augmentando
763 5531 903 5589 creabant.
992 5533 1166 5603 Aurelianus,
1192 5533 1283 5589 adhuc
1298 5532 1428 5588 defuncto
1443 5531 1471 5587 in
1487 5539 1612 5604 martyre
1625 5528 1729 5594 crudus,
1811 5586 1813 5601 Ι

168 5658 240 5728 tlte)
254 5656 320 5714 cod.
338 5659 351 5713 l
368 5661 457 5727 Eurus
565 5661 638 5730 tane,
649 5659 746 5718 relicto
760 5660 850 5732 spatio
865 5662 948 5720 unius
962 5662 1040 5722 vocis
1050 5677 1149 5721 vacuo.
1163 5661 1230 5719 Cod.
1245 5661 1274 5730 2,
1288 5663 1378 5728 husus
1392 5677 1421 5717 m
1456 5661 1530 5716 mine
1547 5661 1621 5728 ipse.
