3840 6106
131 242 187 301 toa
443 242 485 298 bt:
503 242 632 301 CllillSFl
652 244 833 301 tutttttrrtts
852 246 938 303 tt‘ub
959 245 1092 304 trattati
1112 246 1202 305 ttoni
1222 247 1290 307 xlv.
1310 280 1345 293 -·
1365 249 1429 309 titt.
1450 252 1493 308 vt.

131 372 233 427 Rerum
250 378 314 427 ante
328 371 417 428 nodos
432 373 608 445 dissipandos
620 390 757 445 asserens,

131 465 203 519 lram
221 463 337 518 merenti
353 470 381 517 ut
394 470 505 533 prestet
517 464 730 537 indulgentiam,

131 556 212 611 Omni
232 556 334 611 relaxet
345 555 464 612 debitori
480 557 600 623 credita3

130 648 279 704 Crassantc
293 648 317 703 si
334 648 402 720 quid
415 648 529 705 abstulit
541 649 683 721 cupidine,

128 738 208 795 iuste
224 754 373 811 repensum
388 753 451 796 mox
465 739 597 796 reformet
610 740 727 815 integre.

130 833 167 890 Se
183 834 359 901 concubinis,
375 850 405 891 se
419 835 531 891 resolvit
550 835 683 905 vernulis,

131 926 302 982 denuntiare
317 927 384 984 libet
398 933 427 984 ut
447 936 531 999 queat
543 927 671 999 probris.¹

130 1022 247 1077 tarenis
261 1022 358 1077 beatus
374 1030 402 1078 ct
421 1022 678 1079 decensiiburtius

132 1134 147 1165 a
168 1113 373 1169 Renuntiandis
387 1114 421 1179 si,
438 1122 525 1185 pater,
541 1115 661 1190 negotiis

130 1205 216 1270 Queis
229 1204 355 1281 obligare
371 1204 421 1260 rite
436 1212 548 1277 tempus
563 1203 681 1279 llugitas,

130 1297 188 1372 Ego
203 1297 399 1368 implicandus,
411 1296 454 1352 bis
462 1296 608 1352 libidinem
623 1314 695 1372 nego

130 1391 327 1463 snsceptionis
339 1393 582 1464 exsequendorum
597 1401 720 1461 actuum,

131 1482 165 1538 Ut
184 1484 336 1540 advocatus
350 1483 510 1540 coelicorum
531 1496 713 1561 pragmatum,

129 1575 192 1631 h'on
208 1582 372 1644 terreorum,
393 1576 489 1631 tradar
500 1576 571 1633 aulae
586 1578 719 1633 coelitam.

130 1666 299 1723 Sebastiano
315 1667 389 1723 hunc
408 1667 548 1724 vinciente
563 1667 747 1739 amplexibus,

129 1757 300 1830 Polycarpus
318 1758 400 1815 almis
412 1758 513 1815 imbuit
524 1759 695 1832 liquoribus;

130 1847 215 1904 Fater
229 1864 338 1905 morosa
350 1864 401 1905 nec
417 1849 552 1907 retricans
566 1858 702 1923 tempora,

129 1937 227 1994 Mundi
240 1937 376 1994 abdicatis
386 1938 495 2013 integre
511 1939 639 2015 negotiis,

131 2030 278 2087 Hominem
294 2039 415 2089 reteruae
425 2049 456 2090 sc
470 2049 575 2089 exuens
589 2032 750 2111 ferruginis,

128 2119 238 2175 ttorum
258 2119 351 2177 induit
363 2121 484 2177 candore
496 2121 599 2178 liorcus
610 2122 696 2180 lacteo

130 2210 200 2266 Cum
214 2225 269 2282 quo
284 2212 393 2269 remissi
407 2219 517 2268 centum
534 2221 602 2269 eunt
615 2213 659 2269 bis
673 2215 777 2287 septies

130 2302 243 2361 itenere
261 2304 317 2359 diri
332 2304 473 2361 candidati
486 2305 613 2381 gurgitis,

129 2395 206 2462 Quos
220 2398 362 2454 seruitutis
376 2399 517 2470 expedivit
528 2399 655 2456 vinculis.

167 2493 213 2549 Sic
226 2500 285 2549 acta
296 2492 389 2570 flagris
402 2501 497 2550 sancta
511 2493 608 2550 Christi
624 2495 745 2551 Ecclesia

128 2585 280 2641 Crescebat
293 2586 365 2642 iuter
378 2596 596 2659 persequentum
612 2587 747 2656 verbera3

128 2675 330 2733 Trituraiortis
342 2677 383 2734 sia
402 2676 529 2750 replebat
543 2678 651 2734 horrea.

127 2767 243 2824 Furoris
258 2769 331 2842 ignis
345 2768 444 2825 acriter
459 2777 631 2842 proruperat,

128 2859 186 2914 Sed
203 2860 263 2916 lata
274 2859 373 2916 Christi
384 2860 558 2933 pullulabant
570 2861 705 2934 germina.

126 2950 179 3006 lus
193 2950 361 3026 abnegatum
376 2951 484 3008 civibus
499 2952 608 3017 Christi,
625 2952 690 3022 iuri,

129 3039 288 3113 Fontesquc
302 3042 387 3109 circa,
402 3051 430 3098 et
444 3041 584 3097 nundinas
599 3043 749 3099 statunculi

129 3133 238 3199 Quibus
249 3133 374 3201 litarent,
390 3135 469 3205 queis
480 3150 596 3192 necesse
610 3135 665 3191 huc
680 3136 775 3211 egredi

130 3226 184 3281 Per
196 3241 260 3281 rura
273 3232 301 3281 et
314 3225 396 3281 urbes
412 3226 438 3281 id
452 3226 575 3292 student,
588 3242 637 3299 per
650 3226 765 3296 insulas,

128 3315 226 3372 Omnis
240 3321 340 3388 negata
349 3315 406 3385 jam
422 3315 477 3388 piis
491 3315 618 3371 uirilitas.

127 3406 160 3460 At
176 3405 222 3460 rix
236 3404 496 3476 decenteriuelytus
512 3404 685 3461 Chromatius

126 3493 252 3550 Favebat
266 3509 348 3552 omne
361 3496 433 3553 urile
447 3496 547 3552 Christi
562 3498 708 3564 creditum,

124 3583 311 3641 Necessitudo
326 3594 356 3642 ut
368 3587 521 3658 corporalis
536 3588 676 3644 nerninem

124 3676 203 3733 Iliris
217 3677 325 3748 piorum
339 3678 460 3735 cultibus
474 3680 674 3737 substerneret.

123 3771 184 3827 Sed
200 3771 267 3827 dum
280 3773 404 3828 tenebris
417 3773 510 3830 lumen
524 3775 587 3830 abdi
599 3791 654 3831 non
669 3776 751 3842 salet,

124 3859 282 3933 Respergit
296 3877 360 3916 arra
379 3862 491 3918 ductum
507 3862 541 3917 ab
556 3863 624 3920 urbe
639 3865 749 3939 longius

123 3949 237 4021 iicmpe
251 3957 281 4006 ut
295 3951 413 4009 tenellas
425 3951 524 4008 Christi
540 3968 606 4009 ores
621 3953 795 4012 Chromatius

124 4046 260 4100 servaret
274 4046 365 4118 ampla
380 4063 431 4119 per
444 4048 532 4104 rireta
546 4049 640 4116 tutius,

124 4132 271 4204 Campana
286 4134 352 4200 late,
372 4151 421 4192 seu
434 4137 566 4193 medendi
586 4139 676 4214 gratia

128 4222 321 4279 Possessionis
333 4223 411 4280 adire
425 4233 519 4282 censet
529 4228 650 4298 pradia:

127 4317 169 4372 Ad
186 4316 260 4373 bella
273 4318 356 4389 prisci
371 4331 562 4392 preparantur
575 4322 689 4391 milites,

129 4404 266 4477 Campum
278 4406 363 4463 duelli
379 4414 459 4480 turpe
474 4409 563 4465 risum
580 4411 718 4484 linquere,

127 4497 191 4563 Quo
205 4511 256 4566 pcr
269 4493 386 4551 furentis
401 4497 472 4552 eolla
482 4514 513 4554 sc
524 4499 612 4555 hastis
626 4500 748 4557 subdere

129 4585 254 4640 Adversa
264 4593 366 4640 norunt
376 4585 430 4641 tela
443 4594 542 4643 cuncta
555 4588 693 4663 frangere.

131 4674 164 4730 ht
179 4674 279 4731 doctor
293 4675 383 4731 almus
397 4686 424 4731 ct
434 4676 507 4732 Petri
521 4677 642 4734 vicarius

130 4771 247 4826 Pastore
262 4785 404 4827 cassusne
419 4771 541 4828 remittat
551 4772 645 4840 Caius,

132 4860 174 4915 td
195 4860 338 4934 irriganda
352 4861 531 4932 paruulorum
542 4868 653 4933 pectora

130 4952 316 5026 Polycarpum
330 4951 408 5009 abire
425 4954 574 5026 neophytis
588 4969 650 5009 cum
665 4952 768 5009 ictibus

128 5045 226 5114 lubet,
240 5059 369 5101 coronam
383 5053 488 5118 partam
503 5045 624 5103 hiantem
637 5059 748 5101 sumere

129 5133 212 5210 Legis
229 5133 321 5190 lercus
336 5135 410 5190 haud
429 5135 576 5191 immemor
591 5134 730 5190 licentiam

132 5225 360 5282 Corruborandos
375 5226 416 5283 irc
431 5242 492 5284 cum
515 5227 680 5293 Chromatio,

133 5316 183 5373 Cui
195 5316 290 5392 jungit
300 5325 394 5389 aptum
410 5334 461 5374 ceu
472 5316 713 5375 sodalemhlium.

133 5411 181 5464 Ast
196 5410 257 5480 ipse
271 5406 350 5465 lortis
365 5409 418 5467 tiro
430 5418 521 5467 castra
533 5410 660 5481 linquere

133 5496 265 5554 llelorme
279 5497 384 5554 ducens
399 5499 528 5556 incitatus
541 5498 647 5571 Spiritu

135 5585 292 5642 Exclamat:
314 5607 328 5639 a
348 5586 411 5654 Oro,
428 5595 523 5644 sancte
537 5587 637 5659 praesul
646 5586 805 5659 presulum,

135 5672 174 5732 lte
189 5673 320 5733 merciis
333 5676 399 5734 dare
413 5682 492 5753 terga
505 5675 587 5733 bellis
598 5675 705 5748 ebriis;

957 377 1054 448 AStat
1069 393 1169 449 nempe
1184 384 1291 451 gratum
1305 380 1384 435 valde
1391 381 1449 451 jam
1464 383 1486 436 si
1502 382 1604 439 millies

996 467 1068 522 tadi
1083 468 1202 535 daretur,
1215 483 1264 539 pro
1280 469 1335 525 beo
1345 485 1409 527 vcro
1422 473 1505 542 mori,

995 559 1053 623 Quo
1067 558 1130 612 huis
1145 558 1267 632 ignaram
1281 559 1346 614 inde
1359 562 1441 617 vitam
1461 580 1625 640 consequar,
1647 597 1658 617 ·

995 645 1194 719 Congratulans
1206 647 1249 702 his
1260 648 1471 721 papalacrymas
1485 653 1554 722 litat,

996 825 1091 881 Fortes
1104 826 1230 882 residunt
1243 842 1309 902 ergo
1318 828 1415 885 eastris
1428 831 1549 889 milites:

996 916 1197 985 hlarcellianus,
1211 918 1316 976 llareus
1330 930 1413 993 utque
1424 922 1521 980 horum
1538 944 1639 999 parens

996 1011 1174 1069 Sebastianus
1186 1013 1246 1086 ipsc
1259 1030 1321 1071 cum
1334 1015 1469 1085 Tiburtia,

995 1103 1159 1178 Fratrcsque
1173 1106 1343 1164 Nicostratus
1357 1117 1387 1165 et
1406 1109 1557 1183 Castorirrs,

994 1192 1114 1264 Zoequc,
1128 1193 1283 1251 Victorinus
1298 1204 1382 1268 atquc
1401 1198 1542 1269 Claudius,

996 1281 1062 1337 Cum
1077 1283 1198 1339 liberatis
1212 1283 1290 1341 fauce
1303 1287 1400 1342 mortis
1413 1288 1520 1355 liberis,

997 1370 1044 1425 llis
1058 1387 1129 1442 papa
1139 1387 1217 1428 sacra
1229 1372 1357 1430 dividens
1366 1378 1556 1436 moderamina

996 1461 1115 1518 bioratur
1129 1463 1196 1534 ipsis
1208 1464 1321 1534 junctus
1333 1465 1361 1521 in
1377 1468 1490 1538 palatio,

997 1552 1093 1610 Custos
1105 1554 1215 1611 lorcbat
1228 1556 1329 1613 aedium
1342 1574 1412 1631 quos
1426 1559 1561 1619 Castulus.

997 1651 1027 1705 lu
1041 1649 1124 1707 laude
1135 1650 1234 1707 Christi
1248 1650 1359 1710 datibus
1370 1656 1486 1725 jejuniis

956 1699 983 1767 B
996 1738 1055 1794 lllic
1068 1739 1168 1796 diebus
1182 1747 1209 1795 et
1222 1740 1356 1798 vacabant
1365 1745 1504 1814 noctibus,

902 1881 908 1900 ,
995 1828 1155 1886 Orationem
1169 1840 1247 1906 grata
1259 1833 1325 1888 lesu
1340 1850 1456 1892 munera

995 1923 1146 1980 deuotione
1156 1923 1314 1982 descrentes
1328 1927 1435 1984 sedula.

995 2015 1084 2091 AEgris
1104 2018 1226 2074 medelas
1239 2020 1409 2079 exhibebant
1423 2025 1542 2096 pestium

996 2105 1095 2161 barras
1109 2106 1241 2182 lugendo,
1257 2109 1350 2167 dando
1369 2113 1450 2168 caucis
1469 2115 1584 2173 lumina.

996 2195 1133 2251 haedum
1148 2205 1281 2270 geruntur
1296 2199 1415 2273 inclytus
1429 2203 1573 2262 Tiburtius

995 2286 1117 2351 Quodam
1128 2287 1246 2358 plateam
1262 2290 1320 2345 sole
1336 2291 1483 2362 quamdam
1499 2297 1635 2354 transiens

996 2374 1142 2447 Delapsum
1158 2376 1193 2431 ab
1207 2377 1262 2434 alto
1273 2380 1395 2450 repperit
1405 2381 1595 2450 juvenculum,

995 2467 1125 2532 Quassata
1144 2471 1223 2540 eujus
1238 2487 1300 2527 ossa
1314 2472 1539 2547 discrepantibus

995 2559 1107 2618 Cessere
1121 2562 1223 2630 trustis,
1235 2580 1336 2637 corpus
1350 2582 1382 2622 ac
1395 2584 1532 2625 summum
1546 2581 1630 2645 eaput

994 2649 1037 2705 lta
1049 2652 1228 2708 comminutis
1243 2652 1406 2724 dissipantia
1420 2657 1536 2714 artubus

995 2740 1087 2797 Solum
1103 2750 1133 2798 ut
1147 2743 1275 2815 sepulcro
1290 2755 1452 2804 cerneretur
1464 2765 1615 2824 congruus.

995 2836 1063 2891 lirric
1077 2839 1305 2912 appropinquans
1318 2840 1409 2898 fundit
1423 2843 1584 2915 Symbolum

995 2928 1149 3001 Precesqnc
1159 2931 1251 3005 jungit
1264 2948 1312 2988 ore
1322 2933 1391 2989 latas
1405 2935 1522 3004 culice,

995 3016 1057 3072 ilex
1075 3017 1219 3092 integratis
1234 3020 1275 3076 sie
1288 3021 1407 3095 resurgit
1421 3023 1545 3092 ossibus,

956 3067 982 3137 C
995 3105 1089 3162 Salute
1104 3105 1182 3162 laetus
1194 3124 1226 3164 ac
1238 3108 1335 3185 rigens
1346 3110 1543 3180 homunculus,
1647 3108 1651 3113 ’

995 3197 1171 3255 Contusiouis
1182 3215 1234 3257 ceu
1249 3202 1318 3257 nihil
1334 3203 1477 3261 subiverit.

994 3288 1101 3345 Tenent
1115 3298 1227 3346 euntem
1240 3293 1366 3349 sanitatis
1377 3295 1525 3371 prodigum

994 3377 1076 3434 Pueri
1089 3386 1217 3450 parentes
1227 3379 1401 3454 offeruntque
1412 3387 1553 3442 serrulam

995 3468 1211 3526 Rcssuseitatum
1223 3488 1281 3529 sire
1297 3481 1392 3544 poscat
1402 3476 1537 3546 amplius;

994 3559 1067 3624 Quos
1086 3561 1277 3631 apprehensos
1289 3561 1370 3632 paulo
1387 3564 1476 3619 turbis
1488 3575 1616 3640 segregat

993 3650 1236 3723 Summiquerires
1253 3654 1373 3709 numinis
1387 3672 1457 3726 pure
1473 3657 1588 3725 indicat,

995 3742 1171 3817 Cernensque
1185 3760 1281 3800 eorum
1290 3740 1417 3801 roborari
1428 3755 1542 3818 pectora

993 3837 1104 3894 Timore
1123 3838 1355 3910 Christi,praesuli
1371 3838 1450 3897 offert
1466 3843 1541 3898 Gaio.

996 3926 1075 3981 lllum
1090 3926 1225 3983 lerentcm
1240 3928 1414 4000 quilcratum
1428 3931 1533 4004 gratias

997 4015 1120 4087 baptizat
1133 4016 1221 4072 auctis
1235 4016 1323 4086 gloria
1337 4018 1512 4089 parentibus,

996 4108 1102 4166 Primos
1118 4111 1227 4167 nouella
1241 4111 1377 4186 colligens
1392 4128 1425 4169 ex
1435 4115 1535 4172 arbore

997 4204 1110 4261 Fructus
1125 4205 1199 4271 lidei,
1217 4206 1304 4279 possit
1319 4214 1348 4263 ut
1361 4223 1531 4279 cognoscere

997 4294 1112 4370 liguum
1128 4296 1229 4353 decore
1244 4297 1423 4368 praebitorum
1439 4299 1589 4365 sructunm,

951 4365 982 4436 D
996 4385 1173 4442 Furibundus
1187 4386 1284 4453 hostis,
1294 4387 1370 4442 lucra
1385 4394 1461 4443 tauta
1476 4403 1602 4444 creseere

994 4475 1096 4531 Dolens
1111 4472 1187 4543 fidei,
1202 4476 1274 4529 hanc
1287 4474 1353 4530 dum
1367 4475 1478 4531 lacessit
1488 4477 1613 4548 publice,

995 4567 1195 4642 Congressioae
1208 4567 1333 4622 clancula
1345 4568 1504 4643 aggreditur
1518 4584 1642 4642 quoque,

995 4657 1157 4732 Legeusque
1175 4666 1269 4714 netum
1285 4658 1410 4714 criminis
1422 4660 1581 4726 satellitem,

997 4754 1110 4827 Delegat
1124 4753 1225 4807 almum
1240 4750 1391 4806 mentiatur
1401 4767 1548 4823 supparem

995 4849 1168 4916 iunctusque
1183 4841 1253 4914 patri
1268 4841 1341 4897 clara
1354 4847 1443 4896 vertat
1460 4840 1588 4915 pignora,

996 4934 1125 5006 Captetre
1142 4932 1227 4996 lucis;
1244 4936 1397 5002 aucupatus
1413 4928 1514 4984 abditis

995 5030 1079 5095 Quem
1094 5026 1159 5081 dum
1173 5023 1334 5095 lrcqucnter
1345 5022 1435 5098 arguit
1443 5021 1593 5078 Tiburtius.

995 5123 1125 5181 Tonsoris
1139 5124 1196 5177 arte
1211 5117 1286 5191 qued
1301 5127 1420 5189 repexos
1433 5116 1541 5191 digerat

996 5215 1015 5269 F
1019 5212 1089 5269 ronti
1103 5209 1228 5281 capillos,
1244 5207 1325 5279 queis
1339 5205 1489 5279 glabellum
1505 5204 1641 5277 percolat,

997 5306 1073 5374 Quod
1085 5301 1265 5375 prandiorum
1279 5297 1393 5354 sedulus
1404 5314 1434 5353 sc
1448 5296 1559 5353 luxibus

997 5402 1058 5467 bet,
1074 5397 1236 5454 laminarum
1252 5393 1356 5465 pandat
1373 5392 1443 5448 ultro
1457 5389 1628 5461 aspectibus,

997 5487 1120 5547 Orationi
1130 5493 1158 5542 et
1171 5481 1450 5552 subtrahatjm'uniis3

998 5579 1069 5635 Vitct
1082 5590 1195 5632 manere
1210 5571 1309 5627 Christi
1324 5571 1352 5626 in
1367 5568 1477 5642 hymnis
1489 5566 1619 5643 peruigil.

998 5666 1045 5722 llis
1058 5680 1121 5722 acre
1136 5669 1234 5730 taetus,
1249 5658 1340 5716 lrontc
1355 5656 1456 5714 nubem
1472 5655 1601 5733 protegit,
