3840 6106
141 240 192 297 Eli
695 233 888 292 recubarent.
900 230 1052 288 CANONlCl
1072 230 1240 287 esnensis
1753 228 1811 287 272

142 367 183 421 sia
197 366 357 440 subrogare,
372 363 418 435 qui
433 361 572 433 acceptior
598 366 710 432 propter
735 358 906 431 parentelam
921 362 949 412 et
963 362 989 431 Α
1001 355 1157 418 termiserit,
1173 351 1333 410 eanonicam
1355 351 1383 406 in
1399 366 1466 406 eum
1490 349 1560 406 lerre
1573 351 1743 407 senteutiam
1755 352 1811 407 mi-

144 456 275 530 linguam,
290 454 318 507 in
333 452 430 508 eodem
447 451 508 506 loco
536 456 629 522 posset
648 449 774 505 existere.
792 449 870 504 ldem
882 462 948 504 vero
1001 447 1074 502 nime
1089 443 1256 501 retractabit.
1274 442 1439 498 Rescribeos
1472 448 1563 497 autem
1578 443 1623 497 hic
1641 442 1811 498 venerabilis

145 562 215 618 papa
240 543 395 599 rescribens
413 542 449 610 ei,
464 541 594 596 laudibus
619 537 721 594 attullit
735 538 863 593 eumdem
877 553 948 592 con·
1000 541 1098 613 praesul
1112 541 1214 607 eidem,
1242 553 1325 610 quam
1348 552 1458 608 semper
1488 537 1615 592 babuerit
1629 536 1809 592 devotionem

143 637 283 714 gratulans
310 636 370 705 ejus
393 633 536 690 dilectioni
558 640 640 705 atque
651 631 841 698 sollicitudini,
865 645 950 702 quam
1000 638 1072 693 circa
1081 636 1229 712 gloriosam
1246 633 1379 705 principis
1407 633 1594 705 apostolorum
1614 632 1810 701 sedemejug.

142 731 256 806 gerebat
280 746 344 803 erga
371 729 546 784 lantbertum
578 727 781 798 imperatorem,
806 725 841 779 de
870 723 950 793 cujus
999 748 1053 804 que
1076 738 1186 787 sanctos
1210 728 1353 802 praesules,
1369 728 1491 799 pandere
1506 728 1612 795 nititur,
1639 742 1809 784 assereusse

142 821 273 878 fidelitate
288 828 316 876 et
328 820 475 875 stabilitate
490 826 585 873 monet
600 833 664 873 eum
674 832 786 888 semper
800 813 859 869 fieri
872 813 950 869 solli·
1000 808 1065 882 mne
1079 825 1163 880 pariis
1185 821 1422 913 0ppressionibus·
1442 828 1630 900 aggravatum,
1645 837 1679 877 ac
1693 821 1810 878 diversis

142 919 238 984 citum,
251 915 336 972 veluti
351 913 598 989 consanguinitatis
612 915 807 987 propinquum,
823 921 951 962 asserens

142 1027 248 1068 secum
264 1010 325 1080 ipso
336 1014 438 1062 tanum
462 1006 539 1078 pacis
551 1011 579 1060 et
593 1004 748 1060 dilectionis
761 1000 863 1057 habere
878 1013 950 1053 con·

144 1104 277 1169 cordiam,
291 1107 321 1156 ut
334 1106 475 1172 nequeant
501 1098 592 1170 aliqua
611 1097 668 1166 iam
682 1098 717 1152 ab
730 1097 848 1153 invicem
861 1091 952 1168 pravi·

142 1203 197 1251 tate
211 1194 330 1269 sejungi.
345 1192 471 1249 Notilicat
483 1207 595 1265 quoque
608 1192 784 1253 bichardum,
796 1191 947 1247 Manassem

143 1293 226 1357 atque
241 1284 410 1354 Eamponem
424 1282 677 1338 excommunicatos
691 1298 706 1337 a
718 1298 759 1349 se,
785 1289 866 1353 atque
886 1297 949 1352 per-

143 1380 226 1444 petuo
240 1372 339 1447 ligatos
358 1373 541 1438 anathemate,
570 1388 618 1442 pro
643 1387 676 1428 eo
691 1372 834 1444 quodiam
851 1370 948 1426 nefan-

142 1467 255 1522 dissima
283 1465 509 1537 perpetraverint,
531 1472 560 1520 ut
579 1465 751 1520 Teutbboldo
768 1464 840 1536 [nes.,
856 1464 948 1518 'ibeo-

141 1557 245 1628 baldol,
263 1555 430 1631 lingonensi
445 1543 586 1626 episcopo,
601 1554 698 1610 oculos
710 1553 948 1621 eruerintlllalta·

141 1650 212 1706 rium
228 1650 429 1714 senonensem,
446 1647 556 1718 propria
569 1645 715 1716 depulsum
724 1644 801 1716 sede,
816 1645 948 1702 custodiae

142 1740 369 1812 mancipaverint,
382 1741 517 1796 mandans
541 1746 571 1794 ut
584 1755 678 1795 secum
691 1739 725 1793 de
741 1738 784 1793 bis
797 1738 907 1804 sentiat,
921 1744 948 1793 et

144 1838 301 1894 convocatis
313 1837 443 1892 omnibus
452 1835 632 1910 suffraganeis
640 1836 698 1896 suis
709 1834 857 1906 episcopis,
869 1848 951 1889 cano-

143 1929 235 1984 nicum
250 1927 379 2000 supereis
394 1927 470 1998 quod
484 1934 643 1983 exercuerat
649 1928 784 1997 judicium
794 1929 851 1997 pari
867 1928 948 1986 modu

143 2019 317 2073 determinet.
342 2017 409 2071 ltem
426 2015 521 2071 scribit
547 2016 639 2071 eidem
666 2016 875 2089 archiepiscopo
899 2034 948 2088 pro

144 2108 282 2166 Bertbario
294 2106 413 2179 quodam
441 2105 612 2177 presbytero,
625 2122 711 2176 quem
725 2106 816 2160 clerus
831 2114 857 2162 et
870 2106 949 2177 plebs

143 2204 272 2259 Ecclesiae
296 2191 504 2256 Catalauncnsis
527 2216 665 2257 consensu
697 2200 770 2275 regis
796 2199 899 2258 Odonis
913 2204 948 2258 ad

141 2299 331 2368 episcopatum
346 2295 489 2350 dicebatur
517 2294 645 2370 elegisse,
675 2309 844 2350 succensens
872 2295 948 2369 quod

1000 918 1140 976 astrictum
1176 915 1449 989 perturbationibus,
1491 916 1640 987 praesentia
1672 916 1808 988 corporati

1000 1013 1126 1069 eamdem
1140 1011 1217 1066 adire
1231 1009 1326 1065 sedem
1346 1024 1403 1065 non
1416 1009 1536 1069 valuisse
1553 1027 1560 1078 ;
1575 1010 1695 1066 dilectos
1714 1017 1809 1066 autem

1001 1106 1169 1176 lilioshujus
1192 1104 1323 1161 Ecclesiae
1350 1104 1419 1160 illud
1444 1104 1609 1171 destinasse,
1639 1104 1676 1159 ad
1703 1104 1809 1161 itineris

998 1203 1041 1260 sui
1052 1204 1219 1259 enarrandas
1231 1202 1473 1260 incommoditates
1491 1201 1553 1258 viva
1565 1215 1643 1256 voce.
1657 1200 1808 1265 Quemdam

999 1315 1110 1373 quoque
1123 1300 1349 1355 consacerdotem
1375 1314 1454 1353 suum
1481 1297 1515 1352 ad
1542 1297 1571 1352 id
1597 1297 1807 1369 exsequendum

998 1413 1027 1452 se
1049 1395 1192 1452 direxisse.
1221 1395 1299 1451 Plura
1320 1410 1352 1449 se
1376 1393 1498 1449 scribere
1516 1408 1572 1447 non
1588 1393 1806 1463 presumpsisse,

998 1493 1062 1564 quia
1077 1493 1195 1548 senserit
1209 1491 1236 1547 in
1249 1490 1363 1562 epistola
1378 1489 1431 1545 sibi
1446 1489 1480 1544 ab
1501 1488 1562 1560 ipso
1579 1487 1683 1544 directa
1698 1488 1767 1543 dura
1780 1502 1806 1543 se

998 1589 1064 1644 satis
1076 1588 1233 1644 invectione
1243 1586 1389 1642 multatum
1406 1603 1414 1639 ι
1431 1591 1458 1640 et
1472 1585 1524 1640 boc
1537 1583 1656 1639 sibinen
1669 1583 1806 1639 modicum

998 1684 1148 1741 incussisse
1161 1683 1335 1749 miraculum,
1365 1680 1439 1752 quod
1463 1679 1503 1736 ita
1528 1685 1596 1735 tuuc
1609 1678 1709 1749 primae
1724 1676 1806 1749 ipsius

998 1776 1094 1832 litterae
1114 1774 1233 1850 graviter
1257 1789 1321 1829 eum
1344 1771 1520 1844 perculerint,
1548 1785 1610 1825 cnm
1629 1774 1748 1825 eatenus
1775 1769 1804 1823 ab

999 1869 1058 1940 ipsa
1069 1866 1136 1923 sede
1150 1866 1218 1921 nihil
1233 1864 1308 1920 aliud
1320 1864 1373 1919 nisi
1389 1863 1524 1918 mellitum
1548 1876 1580 1916 ac
1594 1859 1688 1928 dulce,
1702 1858 1805 1930 praedc·

999 1961 1157 2018 sessoribus
1171 1960 1229 2016 suis
1243 1959 1296 2016 sibi
1306 1954 1605 2025 scribentibus,venire
1620 1954 1802 2010 consueverit.

999 2052 1075 2120 Quod
1092 2052 1211 2123 peccatis
1227 2059 1319 2108 tamen
1333 2049 1391 2105 suis
1414 2049 1564 2120 imputans,
1579 2052 1610 2102 ut
1623 2045 1658 2101 de
1673 2045 1748 2100 malo
1760 2058 1805 2100 suo

998 2165 1028 2205 se
1041 2148 1139 2204 merito
1163 2147 1327 2212 contristari,
1353 2145 1393 2201 sic
1419 2145 1453 2200 de
1485 2140 1662 2214 correptione
1675 2140 1804 2212 ipsiusse

998 2238 1098 2293 fatetur
1112 2236 1244 2293 laetilicari
1259 2255 1266 2291 :
1283 2236 1428 2293 revolvens
1448 2233 1506 2290 lieri
1524 2233 1660 2306 potuisse,
1674 2246 1728 2288 eeu
1743 2245 1805 2303 quc-

998 2329 1060 2384 dam
1076 2328 1203 2402 designat
1216 2328 1251 2383 ad
1273 2344 1303 2383 se
1319 2327 1454 2398 perlatum
1477 2339 1598 2393 rumore,
1614 2330 1646 2380 ut
1660 2338 1677 2377 a
1693 2321 1804 2394 quibus·

141 2391 214 2446 hunc
227 2395 354 2446 vocatum
367 2386 502 2443 canonice
532 2386 651 2443 noluerit
666 2401 841 2454 consecrare,
855 2388 904 2443 sed
919 2387 946 2442 in
998 2419 1061 2475 dam
1077 2419 1168 2473 minus
1183 2417 1313 2473 charitate
1341 2416 1455 2488 replens
1482 2413 1658 2472 ammes„
1673 2413 1802 2478 audisset,

140 2479 254 2534 transitu
269 2476 525 2547 deiunctiepiscopi
537 2476 686 2531 Ecclesiam
702 2476 789 2547 ipsam
802 2475 947 2533 Herilando
998 2526 1080 2581 quam
1104 2509 1205 2565 vemas
1232 2524 1261 2563 se
1301 2507 1423 2562 haberet·
1448 2507 1527 2563 Unde
1551 2505 1632 2577 pem,
1663 2519 1701 2560 n,
1728 2502 1805 2558 facil,

139 2572 313 2628 Tarwanensi
326 2571 458 2641 episcopo
474 2568 629 2625 beneficiali
643 2569 865 2626 moreierebatur
880 2587 949 2628 con·
998 2602 1188 2672 hujuscemodi
1205 2602 1331 2675 personis
1338 2618 1435 2658 aurem
1446 2599 1648 2666 accommode„
1662 2599 1754 2655 donec
1767 2598 1804 2667 (u,

140 2665 244 2720 tulisse.
260 2661 515 2766 Posteaquemdam
537 2660 708 2716 Mancionem
738 2662 880 2717 nonnullis
895 2663 949 2717 cri·
998 2693 1128 2764 smmum
1144 2696 1260 2763 mmm
1276 2708 1359 2764 quam
1386 2692 1475 2747 nesci,
1497 2687 1716 2762 diligentissime
1728 2688 1832 2744 im..

139 2760 261 2815 minibus
282 2758 417 2862 mmm
433 2774 461 2811 ¹¹¹
488 2758 585 2813 eadem
601 2756 731 2861 Ecdeffia’
745 2758 824 2830 qum
838 2759 948 2860 epis&
997 2787 1080 2861 stiget
1095 2785 1154 2851 (leb
1169 2784 1252 2855 xxxx).
1269 2783 1426 2837 adnectens
1440 2779 1617 2852 simpliciter,
1641 2779 1683 2834 uti
1696 2779 1805 2851 abipsis

140 2870 204 2924 pum
220 2853 398 2917 ffldifflffi’
413 2866 532 2924 mque
557 2856 773 2922 prae¹¹⁰¹¹¹¹¹¹³t¹¹⁸
788 2851 946 2906 Bffihwus
995 2897 1068 2955 pene
1078 2878 1225 2937 cunabulis
1238 2877 1371 2934 educatus
1380 2875 1523 2933 canonicis
1538 2873 1623 2930 inerit
1638 2874 1803 2946 disciplinis,

138 2948 318 3021 ³p⁰⁸t⁰¹i⁰³m
334 2949 508 3021 praesentiam
522 2950 604 3006 ‘lene‘
625 2950 711 3017 Μ’
727 2948 945 3019 ⁰⁰¹¹¹Pseh⁰¹¹⁸¹¹⁸
995 2975 1084 3030 donec
1112 2987 1128 3026 a
1147 2970 1268 3045 glorioso
1284 2982 1349 3042 rege
1363 2968 1461 3024 Karolo
1474 2965 1652 3039 imperatoris
1676 2964 1803 3022 ludovici

138 3041 173 3097 sit
186 3040 332 3113 aquodam
348 3040 473 3097 Conrado
482 3041 664 3112 bajusdomni
675 3039 804 3096 Falconis
814 3038 980 3142 vassallo,C
995 3067 1063 3136 filio,
1078 3067 1107 3122 in
1125 3065 1254 3137 palatinis
1268 3081 1301 3121 ,c
1315 3062 1474 3120 domesticis
1502 3062 1563 3132 eju,
1591 3061 1627 3117 sp
1650 3067 1802 3133 Νηρηὶ,

138 3137 172 3193 de
188 3137 308 3193 Ecclesia
323 3144 434 3204 tractus,
453 3144 480 3193 et
502 3137 530 3192 in
558 3136 685 3194 exsilium
702 3150 851 3206 perunum
865 3150 945 3190 men·

136 3243 194 3284 sem
210 3229 363 3305 delegatus.
383 3229 458 3284 Unde
469 3237 497 3284 et
509 3244 628 3284 evocans
644 3228 718 3283 hunc
731 3232 854 3282 nostrum
878 3243 946 3297 prae·

135 3320 235 3385 sulem,
251 3320 363 3374 mandat
376 3334 515 3390 expresse,
544 3319 593 3374 sed
613 3316 743 3385 fraterne,
758 3326 788 3375 ut
802 3334 879 3374 suam
894 3318 945 3373 de-

135 3410 276 3466 nominato
291 3416 415 3481 tempore
439 3425 495 3465 non
518 3408 625 3464 differat
640 3408 666 3464 ei
680 3408 810 3467 exhibere
822 3424 945 3479 praeseu·

134 3502 211 3570 tiam,
227 3503 332 3559 habens
358 3520 452 3560 secum
482 3503 623 3575 praelatum
651 3503 834 3572 Manoionem,
851 3504 943 3573 etjam

135 3593 238 3649 dictum
265 3595 431 3663 Conradum,
475 3611 537 3652 cum
564 3596 731 3667 quibusdam
758 3595 944 3653 denominatis

134 3686 307 3758 coepiscopis
320 3689 388 3756 suis,
401 3695 427 3744 et
442 3697 550 3744 caetera.

167 3849 230 3917 Quoe
244 3777 653 3921 ὃεῳὴαηαεραρῗιΑΙξέἱῖονιιῖεε
663 3867 722 3922 que
731 3852 809 3908 Euloo
820 3853 905 3909 eidem

397 3937 479 3993 pepe
490 3925 669 3993 rescripserit.

166 4010 305 4080 Stephano
321 4011 466 4079 (Stephano
491 4013 550 4082 Vll)
579 4027 691 4085 quoque
717 4011 939 4084 liujusFormosi

130 4101 283 4155 successori
298 4101 422 4157 scribens
436 4102 510 4157 idem
526 4103 745 4172 domnusiulco,
761 4106 938 4162 devotionem

130 4205 213 4262 quarn
227 4205 292 4266 erga
306 4190 457 4246 Romanam
486 4191 581 4247 sedem
604 4193 718 4268 gerebat
731 4196 882 4251 conabatur
894 4211 939 4253 os-

131 4285 255 4352 tendere,
272 4293 298 4341 et
312 4286 388 4358 quod
413 4286 509 4341 limina
538 4286 704 4344 creberrime
720 4290 855 4361 cupiverit
869 4306 939 4363 apo-

129 4378 262 4434 stolorum
282 4380 370 4448 adire,
397 4381 446 4436 sed
475 4380 590 4438 diversis
612 4383 785 4441 obstantibus
800 4386 939 4443 discrimi-

995 3157 1146 3231 obsequiis.
1160 3157 1268 3229 sicque.
1281 3156 1309 3211 in
1322 3155 1384 3211 aula
1398 3153 1492 3225 palatii
1518 3167 1704 3224 perseverans
1718 3166 1801 3223 usque

995 3249 1029 3304 ad
1058 3256 1183 3320 tempora
1224 3244 1382 3302 llarlomani
1419 3244 1493 3320 regis
1519 3242 1653 3299 ludovici
1684 3243 1799 3314 junioris

995 3343 1044 3399 lilii
1059 3344 1169 3415 nepotis
1194 3342 1318 3413 ejusdem
1347 3340 1447 3407 llaroli,
1462 3338 1575 3411 quando
1588 3355 1603 3393 a
1617 3339 1724 3395 sanctis
1744 3353 1799 3410 pre

993 3437 1091 3493 vinciae
1106 3436 1250 3492 tiernensis
1263 3434 1411 3506 episcopis,
1432 3448 1542 3490 necnon
1556 3449 1571 3488 a
1588 3432 1665 3490 clero
1681 3441 1712 3490 et
1724 3434 1797 3507 plebe

994 3528 1077 3598 liujus
1092 3525 1168 3581 urbis
1182 3524 1286 3581 electus
1296 3523 1341 3591 sit,
1369 3531 1399 3580 et
1422 3523 1571 3595 episcopus
1583 3523 1741 3582 ordinatus.
1754 3523 1795 3580 llbi

994 3618 1111 3692 qualiter
1125 3617 1197 3672 lianc
1220 3615 1369 3672 Ecclesiam
1386 3629 1556 3689 paganorum
1570 3613 1752 3673 infestatione
1764 3615 1794 3669 la·

992 3716 1135 3772 borantem
1148 3712 1292 3784 repererit,
1313 3718 1341 3768 et
1360 3717 1391 3767 ut
1414 3726 1464 3783 pro
1480 3726 1547 3782 pace
1562 3710 1655 3784 ipsius
1669 3711 1706 3766 ad
1720 3725 1792 3783 pesce

993 3805 1179 3874 desudaverit,
1195 3803 1277 3879 legati
1294 3803 1348 3870 sui,
1381 3801 1427 3858 vel
1438 3802 1554 3858 aliorum
1579 3802 1641 3858 leaeo
1655 3802 1790 3859 scientium

991 3901 1060 3972 petit
1075 3898 1210 3973 explorari
1221 3899 1389 3955 narratione.
1406 3899 1574 3954 Asseveraus
1602 3899 1747 3970 premissa
1768 3910 1790 3951 ce

990 4010 1046 4051 non
1056 3993 1212 4070 arrogantia
1235 3992 1385 4065 explicare,
1412 3992 1461 4049 sed
1477 3998 1507 4048 ut
1518 3991 1637 4061 noverit,
1648 3991 1788 4064 conjicient

991 4089 1056 4160 quia
1069 4089 1117 4162 qni
1128 4089 1169 4144 sic
1182 4088 1330 4156 enutritus,
1357 4093 1385 4143 et
1409 4086 1500 4143 taliter
1523 4085 1679 4144 lueritante
1692 4087 1786 4159 episce-

990 4190 1280 4255 patumconversatus,
1295 4183 1349 4239 hoc
1359 4182 1414 4238 sibi
1425 4182 1596 4254 potiusonus
1611 4198 1697 4255 quam
1715 4184 1785 4239 bone

989 4292 1125 4342 rem,non
1155 4275 1282 4332 elationis
1307 4275 1532 4344 instrumentum,
1559 4274 1610 4330 sed
1634 4270 1783 4330 humilitatis

989 4382 1050 4423 esse
1065 4368 1217 4424 servitium.
1257 4365 1401 4424 Subnectit
1420 4373 1527 4433 autem
1555 4365 1632 4438 quod
1659 4365 1683 4420 si
1707 4365 1781 4435 aliqua
1834 4390 1836 4439 3

129 4489 198 4528 num
214 4475 313 4537 causis,
340 4476 398 4532 haec
419 4479 482 4533 vot'a
510 4478 667 4551 nequiverit
690 4480 845 4554 adimplere
862 4501 869 4538 :
889 4483 937 4538 ubi
949 4445 978 4515 D
988 4478 1072 4539 ‘03⁰0
1084 4463 1164 4535 <1⁰50ss
1179 4477 1311 4519 ⁰⁰n⁰⁰⁸⁹³
1321 4461 1418 4529 luerit,
1430 4468 1459 4517 0²
1473 4459 1507 4516 ab
1519 4459 1616 4517 ⁰⁶⁰¹¹0
1630 4476 1699 4537 ‘⁸8⁶
1711 4460 1782 4516 Μ’
1832 4510 1836 4529 -.

128 4567 266 4644 significat
280 4568 402 4627 odonem
416 4579 443 4628 ee
458 4572 584 4630 paporum
599 4591 681 4651 rege,
694 4575 723 4632 1„
739 4577 937 4649 pacigqandem
988 4555 1054 4612 tiam
1075 4556 1223 4627 impetrare
1244 4556 1372 4623 valuerit,
1396 4556 1431 4611 ad
1456 4555 1545 4628 ipsius
1558 4555 1781 4621 beatitudinisve-

128 4663 286 4733 concordia,
299 4680 329 4720 sc
343 4666 482 4735 studente,
498 4683 649 4724 connexos.
665 4667 712 4725 Cui
732 4670 876 4727 remittens
893 4672 938 4727 bic
988 4647 1069 4722 ”185³
1085 4647 1196 4703 mndem
1225 4647 1375 4720 aliquam
1395 4661 1544 4719 1³meae
1571 4646 1707 4716 audem·
1729 4644 1780 4700 Μ
1834 4676 1836 4729 ἶ

127 4771 199 4828 papa
214 4756 318 4815 litteras
332 4777 407 4830 snas,
423 4778 439 4818 a
453 4777 483 4818 se
498 4765 653 4837 suscepisse
664 4765 935 4841 fatetur,ipsiusnon
987 4742 1040 4798 sibi
1050 4743 1101 4799 Viae
1117 4743 1266 4815 patuerim’
1278 4757 1340 4815 ‘¹¹¹ae
1353 4748 1420 4798 ωηο
1437 4741 1471 4797 ab
1491 4741 1672 4799 zend⁰b⁰¹d⁰
1693 4732 1780 4796 ΔΝΜ
1832 4734 1836 4803 ¹]

988 4839 1061 4915 regis
1084 4837 1142 4895 filio
1157 4847 1234 4895 erant
1258 4838 1428 4896 obstructae:
1452 4837 1500 4909 qui
1522 4837 1675 4895 Ecclesiam
1685 4844 1780 4912 ‹ptrtttll
1833 4842 1836 4909 j

987 4930 1152 4987 llemensem
1175 4932 1270 4989 multis
1295 4931 1437 5008 aliligebat
1467 4929 1588 5000 injuriis,
1609 4947 1656 4989 res
1674 4928 1780 5003 ejudem
1833 4914 1836 4969 2

986 5021 1217 5092 suisimpertiens
1231 5021 1359 5078 subditis.
1385 5021 1469 5091 Cuius
1498 5021 1677 5094 tyrannidem
1690 5023 1780 5094 aperte
1831 5012 1836 5061 ἶ

985 5112 1038 5168 lica
1051 5113 1120 5184 petit
1135 5113 1298 5170 auctoritate
1326 5113 1451 5185 reprimi,
1478 5113 1586 5182 dicens,
1611 5114 1718 5187 quiain
1736 5119 1777 5166 un

984 5206 1140 5278 periculoso
1164 5214 1191 5263 et
1214 5207 1468 5265 necessitudinibus
1498 5209 1583 5279 pleno
1608 5216 1731 5282 tempora
1753 5216 1777 5258 st

983 5314 1061 5354 suam
1077 5299 1226 5356 Ecclesiam
1242 5299 1355 5357 noxium
1368 5306 1443 5356 esset
1456 5300 1598 5356 deserere.

1016 5503 1197 5572 eucrepitis
1212 5410 1473 5576 „femgffiufflp
1487 5505 1593 5576 scriptu
1607 5500 1746 5560 direxerit.
1825 5544 1829 5549 .

127 4846 287 4917 admittens,
304 4850 360 4907 imo
374 4853 582 4925 reprehendens
592 4857 808 4927 excusationem,
819 4875 852 4915 eo
862 4862 936 4933 quod

126 4943 171 4998 alii
188 4943 317 5000 homiues
331 4947 456 5003 eamdem
481 4949 576 5005 sedem
604 4951 728 5020 adirent,
752 4959 780 5010 et
793 4953 852 5026 ipse
865 4955 937 5012 iate·

125 5041 200 5091 retur
211 5034 252 5091 las
266 5036 318 5092 sibi
351 5038 472 5095 adeundi
499 5056 555 5097 non
579 5042 665 5100 luisse
692 5060 866 5103 concessum.
882 5047 935 5104 De-

125 5126 233 5181 nuntiat
260 5142 326 5202 ergo
360 5130 498 5201 synodum
523 5148 554 5188 se
580 5150 630 5205 per
657 5152 782 5193 mensem
808 5138 934 5211 Septem-

124 5221 200 5277 brem
228 5222 398 5280 imminentis
428 5225 587 5288 indictionis
614 5231 718 5303 quintae
744 5232 858 5291 decimae
872 5252 933 5293 cer·

123 5311 228 5368 tissime
241 5313 383 5372 celebrare
411 5318 541 5376 statuisse
558 5339 565 5377 :
582 5324 713 5397 adquam
729 5329 870 5385 censendo
883 5345 931 5387 vo-

121 5416 188 5458 cans
201 5404 277 5460 hunc
291 5406 541 5481 archiepiscopum,
568 5421 662 5470 monet
676 5430 817 5487 expresse,
833 5428 931 5492 quate-

121 5515 174 5554 nus
189 5501 265 5556 omni
276 5517 353 5558 mora
366 5505 486 5574 repulsa,
495 5505 812 5581 omniqueexcusatione
826 5524 927 5584 amota,

120 5594 220 5649 eodem
232 5603 356 5668 tempore
369 5613 447 5655 suam
462 5601 612 5673 specialem
628 5606 803 5676 presentiam
821 5608 924 5678 eidem,
1015 5613 1212 5689 Totiusitaque
1227 5617 1306 5694 regni
1332 5633 1424 5675 curam
1453 5634 1539 5695 agens
1565 5619 1642 5675 idem
1669 5619 1775 5675 donnes

116 5687 282 5760 synodoque
294 5689 409 5750 omuino
424 5695 556 5753 exhibere
570 5703 697 5769 maturet,
716 5701 791 5774 quod
805 5700 828 5756 si
853 5717 925 5773 prae-
975 5706 1201 5782 archiepiscequs
1234 5710 1329 5783 Eulco,
1363 5711 1468 5771 litteras
1501 5710 1599 5803 dirigit
1626 5705 1773 5786 imperatori
1833 5768 1836 5789 Ι
