3840 6106
127 290 182 347 ota
506 285 691 344 leobotubt
709 286 864 344 othoniel
883 286 1049 345 emensis
1067 286 1236 346 opuscula
1253 285 1411 345 deleret.
1739 291 1787 350 dli

128 431 334 500 advertensque
348 425 387 481 illi
403 440 504 498 supero
518 441 549 480 se
561 423 689 498 dogmate
703 430 811 492 notum,
952 425 1047 497 AStat
1066 423 1331 496 madiduslaerymis
1344 423 1439 480 senior
1452 423 1556 495 pietate
1570 423 1720 497 profusis·

72 546 76 553 ·
129 519 272 575 Palliolum
281 517 394 573 tandem
407 516 485 586 jacit,
497 528 583 586 osque
598 513 626 568 in
642 512 852 589 tergereilectit.
989 514 1105 572 lllasuae
1118 515 1219 570 seriem
1234 512 1349 570 ritaesic
1363 513 1475 569 inchoat
1489 527 1562 569 ore:

127 610 175 667 llla
188 611 263 684 quod
276 610 426 683 accipiens,
438 610 530 667 carnis
543 609 706 682 pudibunda
716 614 835 676 coercet,
1020 624 1166 701 AEgyppum
1181 623 1269 681 satem·
1281 623 1398 696 pappam
1420 622 1592 697 phariosque
1609 630 1748 696 parentes,

126 707 256 773 Vetilium
272 706 401 778 illlll¹⁰l²¹t
415 713 506 761 &⁰²³⁸
521 705 589 778 quid
601 704 708 761 venerit
721 703 792 759 ibba
984 721 1105 787 Quorum
1116 718 1274 791 despiciens
1288 714 1416 774 allectum
1429 717 1485 787 jam
1499 717 1671 786 duodennis,

126 796 375 851 Sternunturterrae
389 794 501 866 paritor,
513 793 674 850 benedicier
688 800 789 850 orant:
984 809 1064 867 Urbis
1077 808 1222 865 Alexandri
1236 822 1390 880 properans
1405 806 1433 862 qn
1447 806 1551 863 moenja
1564 807 1650 874 penu

126 886 332 943 lllasacerdolls
344 887 459 943 ZOlellae
474 887 620 958 plffllelldll
634 886 780 952 bonorem,
983 902 1016 956 At
1030 900 1116 971 pudet
1126 897 1273 971 expediam
1287 897 1394 965 sordes,
1408 904 1580 968 tractemque
1596 904 1705 953 reatum

125 982 262 1036 ⁰⁰⁰0l¹¹ffl
276 979 322 1034 5¹¹0
333 979 381 1036 Del
397 979 477 1034 malli
493 979 624 1035 snbllffllfl
640 978 754 1051 plefell·
982 992 1040 1058 Quo
1053 1007 1096 1048 me
1109 989 1255 1066 uirginitas
1265 996 1360 1061 stupro
1371 986 1513 1060 petulante
1523 986 1640 1060 reliquit

125 1073 189 1139 Quae
204 1072 342 1145 praecibus
356 1072 452 1127 multis
466 1071 625 1127 tandemsic
638 1071 710 1127 uicta
723 1069 854 1142 praeiatur
870 1087 877 1125 :

125 1163 168 1217 Sis
182 1162 327 1218 benedicte
343 1163 415 1218 Deus
431 1161 557 1217 columen
573 1175 673 1226 curans
688 1159 850 1214 animarum.
982 1173 1047 1241 Ejus
1058 1188 1178 1244 namque
1192 1170 1260 1226 mihi
1275 1168 1414 1243 qu0ndam
1428 1166 1596 1223 insatiabilis
1608 1166 1704 1236 asdor,

123 1253 270 1308 &limem
286 1251 379 1324 igilur»
397 1250 553 1327 l⁰gllalll¹¹0
566 1250 688 1322 benigna
703 1249 823 1304 llsssslllm
983 1261 1084 1333 Hisque
1097 1261 1194 1317 decem
1206 1267 1233 1316 et
1246 1266 1353 1331 septem
1369 1257 1445 1326 duxi,
1458 1256 1502 1314 uel
1515 1272 1549 1313 eo
1560 1256 1693 1329 amplius,
1710 1272 1789 1313 annos

124 1342 157 1398 Ut
171 1349 259 1398 status
269 1341 411 1398 Ecclesiae.
427 1349 542 1398 sacerut
554 1340 800 1413 disponiturordo.
983 1350 1163 1406 oebaoehans
1178 1349 1267 1417 furiis,
1284 1358 1312 1406 et
1327 1347 1439 1421 publica
1449 1346 1653 1420 faetapopeuo,

123 1437 171 1493 ¹¹¹0
182 1437 265 1493 l0f⁰ll
279 1438 340 1507 ⁸2¹⁰ss
359 1436 441 1491 tribul
454 1435 594 1491 fulcimine
609 1451 716 1508 pacem,
982 1445 1037 1501 Nec
1051 1460 1113 1518 qnae
1126 1443 1278 1512 nonnullis,
1297 1443 1418 1498 tulerant
1433 1439 1501 1495 mibi
1518 1441 1592 1496 dona
1609 1438 1756 1511 pudorem,

124 1525 154 1580 Et
163 1526 229 1597 petit
240 1526 340 1581 obnixe
354 1542 403 1597 pro
417 1532 516 1582 cuncto
527 1525 632 1600 llagitet
646 1525 733 1592 orbe;
982 1535 1047 1589 Nam
1062 1535 1152 1606 pretio
1166 1550 1221 1590 non
1236 1533 1397 1607 quaerebam
1414 1531 1547 1587 damnare
1557 1531 1696 1603 petulcos,

122 1617 178 1672 Nec
186 1618 263 1689 prius
276 1617 382 1673 absistit
397 1624 485 1674 mater
499 1633 581 1689 quarn
594 1624 656 1673 vota
671 1616 822 1688 profundit,
982 1621 1014 1679 lu
1033 1622 1164 1695 laqueans
1178 1623 1263 1697 gratis
1271 1637 1379 1695 possem
1391 1621 1458 1675 mihi
1472 1619 1591 1692 prodere
1607 1619 1714 1691 plnres.

123 1708 188 1773 Quae
198 1708 379 1777 labiismotis,
389 1709 472 1764 tacita
482 1708 532 1762 sed
546 1723 614 1764 uoce
633 1707 752 1780 precari,
981 1714 1010 1770 ld
1026 1729 1116 1788 neque
1127 1714 1305 1787 praecipiebat
1319 1729 1404 1784 opum
1418 1728 1463 1767 me
1479 1711 1561 1783 copia
1573 1709 1666 1775 [οπως

125 1802 283 1874 Erectisque
296 1802 384 1858 oculis
398 1802 582 1873 manibusque
597 1802 630 1856 ad
648 1803 768 1858 culmina
784 1800 857 1864 coeti,
981 1803 1139 1860 blendicans
1153 1803 1268 1871 etenim,
1285 1809 1400 1874 stuppas
1417 1801 1461 1858 vel
1476 1799 1523 1856 lile
1537 1798 1676 1856 trahendo

122 1897 190 1951 llum
206 1892 299 1968 cepa,
313 1902 369 1955 tota
384 1896 494 1968 penitus
509 1896 609 1952 tellure
624 1897 739 1964 levatur,
942 1850 968 1918 B
982 1894 1124 1962 litabam,
1136 1908 1331 1965 summumque
1342 1892 1445 1948 bonum
1461 1889 1627 1947 illecebrosa
1652 1888 1783 1960 putthen.

124 1987 154 2042 Et
169 1985 256 2041 cubiti
270 1985 440 2057 spatioterra
452 1984 685 2043 sublatavidetur.
982 1983 1052 2057 Ergo
1068 1983 1151 2040 modo
1168 1983 1214 2039 tali
1229 1983 1312 2039 vitam
1325 1980 1481 2038 maculante
1497 1978 1644 2053 probrosis

122 2080 237 2151 Jamque
248 2087 350 2133 tremor
366 2078 498 2134 membris
512 2079 636 2145 zozimae,
650 2075 779 2134 titubatio
791 2077 876 2133 urenti
981 2078 1104 2146 Actibus,
1121 2077 1259 2149 aspiciens
1284 2075 1431 2148 quosdam,
1446 2072 1526 2146 quasi
1549 2080 1680 2143 ternpore
1690 2071 1783 2134 messis,

123 2169 258 2243 digniter,
271 2175 354 2241 atque
368 2167 446 2224 timet
461 2172 531 2224 raho
552 2185 587 2224 ne
598 2168 709 2224 llamine
723 2167 815 2223 forsan
981 2170 1089 2245 AEgypti
1105 2170 1251 2242 libyaeque
1262 2168 1337 2225 viros
1350 2165 1435 2223 maris
1445 2166 1500 2222 alta
1510 2172 1652 2238 petentes,

121 2258 252 2327 Ludatur,
268 2273 426 2331 pronusque
437 2258 594 2328 jacet,dum
608 2259 719 2315 conscia
730 2257 811 2316 vertit
928 2298 931 2305 -
982 2264 1069 2319 ludio
1084 2263 1228 2320 adoratum
1245 2261 1336 2317 crucis
1350 2261 1402 2316 bos
1416 2274 1566 2332 properare
1582 2264 1692 2330 tropea

121 2351 155 2407 Sc
171 2351 281 2418 mulier,
297 2352 600 2424 monachumquolevat
620 2352 753 2425 pellitque
782 2352 929 2418 timorem3
982 2355 1064 2424 Cujus
1080 2359 1159 2410 erant
1171 2353 1368 2424 hierosolymae
1383 2365 1446 2406 mox
1462 2349 1531 2406 lesta
1544 2349 1675 2406 colende.

120 2444 216 2513 Arguit
230 2460 351 2500 errorem
364 2463 373 2511 3
389 2444 538 2500 humanam
552 2445 652 2515 probat
665 2444 841 2502 orelarillam
855 2461 863 2511 ;
981 2446 1150 2518 rlbjeotoque
1162 2445 1223 2501 colo
1239 2443 1369 2500 manibus
1378 2441 1506 2514 lusuque,
1521 2441 1633 2498 cucurri
1650 2458 1658 2508 3

123 2533 239 2605 insuper
257 2533 408 2588 ostendens
423 2540 519 2589 sancto
534 2533 697 2605 baptismate
713 2534 808 2601 lotam,
979 2537 1052 2602 Quos
1071 2535 1152 2591 video
1164 2534 1272 2591 validos
1286 2531 1451 2604 placitisque
1463 2529 1532 2586 mihi
1544 2529 1646 2586 usibus
1659 2536 1733 2603 aptos

123 2621 141 2675 F
145 2630 222 2677 route
233 2621 323 2676 crucis
337 2621 419 2677 labiis
427 2627 454 2677 et
467 2629 577 2693 peclote
596 2621 724 2696 stigmata
734 2620 803 2696 figit,
979 2629 1283 2707 aggrediensjuuenes,
1303 2627 1332 2682 in
1341 2627 1432 2683 littore
1440 2623 1512 2682 forte
1522 2630 1664 2693 natantes,

123 2715 160 2768 hc
178 2714 335 2784 dominum,
347 2714 436 2770 bostis
443 2714 477 2769 ab
490 2712 600 2770 insidiis
614 2730 644 2769 se
655 2714 755 2770 liberet
769 2722 838 2771 orat.
980 2723 1066 2793 inque
1080 2717 1237 2775 verecundo
1252 2717 1372 2773 mediam
1388 2730 1431 2771 me
1446 2715 1589 2771 schemate
1605 2713 1716 2784 dedens,

123 2805 172 2860 lllo
187 2805 285 2861 iterum
297 2822 326 2861 se
341 2815 522 2877 prosternens
536 2805 710 2878 amplectitur
720 2806 802 2875 hujus
981 2809 1115 2881 Accipite,
1130 2808 1185 2876 aio,
1196 2808 1248 2864 uiri
1262 2807 1407 2864 vobiscum
1420 2811 1523 2861 memet
1538 2804 1668 2871 amicam,

122 2897 189 2953 Cum
205 2898 337 2971 plangore
352 2899 445 2970 pedes,
475 2900 657 2971 lacrymarum
670 2899 785 2954 llumina
800 2898 930 2969 lundens,
981 2901 1048 2957 Nam
1067 2900 1165 2956 faciam
1182 2898 1286 2971 possim
1299 2915 1355 2972 quo
1368 2896 1652 2973 noniugratasideri.

122 2989 211 3062 Atque
222 2997 329 3061 petens,
340 3006 500 3063 superoque
516 2990 564 3045 Dei
576 2991 628 3046 sub
644 2992 757 3047 numine
769 2991 876 3060 jurans,
983 2996 1028 3051 llis
1038 2995 1155 3068 aliisque
1168 2994 1209 3049 illi
1223 2994 1316 3051 verbis
1324 2993 1415 3050 ridere
1427 2991 1513 3063 iocati
1531 3009 1538 3046 :

122 3085 174 3139 Per
189 3084 325 3141 Christum
340 3085 484 3142 Dominum
494 3085 636 3162 dignatum
653 3085 765 3161 Virgine
781 3086 867 3155 nasci,
984 3088 1114 3144 Navicula
1128 3104 1173 3143 me
1186 3086 1350 3159 suscipiunt,
1366 3102 1421 3158 qua
1430 3084 1575 3141 scanditur
1588 3084 1676 3141 altum

123 3175 161 3231 Ne
175 3175 247 3231 celet
259 3191 320 3249 quae
331 3175 376 3242 sit,
392 3176 515 3247 quando,
527 3191 577 3231 cur
595 3175 712 3246 venerit,
729 3176 815 3242 unde,
982 3181 1096 3254 Navigio
1111 3188 1212 3253 ooepto,
1232 3196 1294 3253 quae
1304 3179 1428 3248 sinajan
1447 3178 1566 3250 turpiter
1580 3183 1642 3233 acta

125 3270 223 3325 littam
239 3277 314 3326 vasta
325 3270 410 3326 eremi
421 3271 585 3346 peragrandi
604 3271 714 3328 occasio
730 3271 843 3344 qualis?
982 3272 1125 3338 Quomodo
1139 3273 1182 3328 vel
1198 3271 1358 3327 meminisse
1367 3286 1468 3342 queam
1483 3270 1497 3324 l
1512 3269 1580 3324 llam
1592 3268 1687 3326 dicere
1696 3265 1769 3339 bagua

124 3359 155 3414 At
170 3366 273 3415 testans
291 3366 318 3415 et
330 3359 366 3416 ob
378 3360 534 3428 immissum
551 3376 582 3416 se
596 3360 709 3417 credere
722 3360 757 3415 ad
769 3360 867 3434 ipsam,
983 3363 1047 3428 Quae
1062 3361 1161 3429 valeat,
1178 3367 1291 3433 captare
1305 3376 1404 3417 sonum
1421 3374 1483 3431 quae
1496 3357 1620 3430 perierat
1633 3356 1705 3415 auris

125 3448 158 3504 Ut
170 3448 316 3504 manifesta
325 3447 374 3504 llei
390 3447 489 3505 fierent
508 3465 570 3522 quae
584 3459 708 3525 gesserat
722 3457 795 3519 acta,
983 3453 1126 3508 Gestorum
1141 3459 1196 3506 tarn
1214 3450 1367 3524 nigrorum,
1383 3448 1486 3522 quibus
1500 3447 1563 3519 ipsa
1577 3447 1707 3520 magistra

126 3540 330 3610 Cujusjudiciis
341 3540 480 3597 obsistere
494 3547 579 3597 staret
590 3540 715 3613 iniquum
732 3558 740 3609 ;
984 3540 1157 3608 Exstiteram,
1169 3555 1231 3613 quae
1244 3539 1411 3613 navigioque
1423 3538 1523 3610 viaque
1538 3537 1657 3609 patrari,

124 3634 171 3689 Cui
185 3633 238 3689 nisi
248 3633 444 3706 complacitum
460 3633 531 3690 foret
549 3633 610 3706 ejus
624 3648 752 3705 promere
767 3634 849 3691 vitam
983 3630 1113 3687 dolentes
1129 3644 1233 3703 cogens
1242 3627 1426 3700 stimulosque
1445 3626 1607 3684 volentibus
1621 3621 1735 3682 addensl

123 3727 182 3783 Non
197 3727 273 3783 illam
285 3727 397 3783 sibimet
410 3727 552 3784 visendam
565 3726 634 3782 torte
650 3726 768 3794 tulisset,
983 3728 1068 3796 Abba,
1085 3726 1199 3801 ignosce
1209 3732 1326 3797 stupens
1340 3723 1407 3797 quia
1420 3739 1465 3780 me
1478 3722 1749 3793 nonsorbnitaequor,

122 3816 178 3873 Noc
187 3817 328 3873 tribuisset
338 3817 364 3873 ci
380 3824 486 3873 tantum
496 3817 613 3873 tolerare
628 3816 753 3873 laborem
983 3820 1101 3891 lpsaque
1116 3818 1202 3875 miror
1217 3818 1299 3873 hians
1317 3817 1392 3890 quod
1413 3832 1457 3872 me
1470 3831 1527 3872 non
1542 3823 1616 3872 terra
1630 3813 1735 3880 vorarit,

123 3911 153 3967 Et
169 3920 270 3970 tantam
287 3928 449 3985 properasse
463 3914 546 3980 viam,
562 3914 610 3985 qui
624 3912 726 3970 debilis
741 3919 825 3986 atque
983 3911 1013 3966 ln
1031 3910 1162 3983 laqueum
1173 3910 1271 3966 mortis
1287 3917 1380 3967 tantus
1393 3907 1585 3981 quaepessima
1597 3907 1664 3978 jeci.

123 4002 257 4077 Longaevo
276 4004 379 4061 lractus
390 4006 480 4072 senio,
494 4021 545 4061 ceu
557 4015 694 4072 cerneret,
705 4012 786 4073 astet,
981 4003 1034 4060 Sed
1050 4011 1118 4076 puto
1132 4047 1141 4072 ,
1157 4003 1206 4076 qui
1221 4002 1328 4059 nullum
1339 4002 1669 4073 hominusvnltperdere.
1680 4002 1769 4056 cuncte

124 4092 170 4147 llis
184 4093 300 4165 aliisque
313 4094 414 4150 iullexa
426 4095 478 4167 piis
496 4095 684 4161 sermonibus,
695 4095 772 4150 illurn
981 4095 1046 4150 Esse
1060 4094 1158 4151 solens
1173 4094 1274 4162 salros,
1290 4093 1365 4166 quod
1378 4100 1656 4165 mequoqucrertere
1663 4101 1765 4164 quercu

123 4182 142 4237 li
157 4183 254 4238 tellure
264 4184 337 4240 levat
351 4183 460 4251 mulier,
480 4185 521 4241 sio
537 4185 620 4241 larici·
634 4201 716 4242 orsa:
979 4185 1035 4240 Nec
1046 4185 1178 4240 damnare
1191 4198 1303 4255 parans,
1313 4181 1428 4255 patienti
1443 4191 1538 4238 urente
1552 4180 1671 4239 terebat.

120 4273 205 4340 Abba,
220 4273 343 4349 ignosce,
359 4273 446 4345 pudet
458 4275 587 4331 uitiorum
602 4284 692 4332 texere
707 4284 794 4350 gesta,
979 4275 1266 4334 Perveuienstandcm
1280 4274 1429 4346 Solymum,
1446 4273 1550 4346 quibus
1560 4280 1626 4330 ante
1638 4272 1729 4329 diebus

120 4366 332 4438 htqueopcrum
345 4367 441 4424 sordes
456 4368 505 4424 tibi
518 4368 694 4426 dinumerare
707 4386 845 4428 meorum.
978 4369 1086 4425 Festum
1101 4367 1141 4423 ibi
1152 4366 1282 4435 sustinui,
1297 4366 1468 4439 nequissima
1479 4381 1600 4439 quaeque
1613 4365 1713 4440 peregi.

119 4458 174 4513 Sed
189 4460 253 4532 quia
268 4460 361 4517 vidisti
377 4473 477 4517 memet
491 4460 552 4518 sine
566 4464 688 4538 tegmine
701 4465 814 4533 nudam,
977 4461 1032 4518 dcc
1044 4460 1111 4517 satis
1121 4475 1181 4516 esse
1193 4459 1238 4515 ria
1246 4459 1362 4528 juvenes
1375 4457 1444 4512 rnibi
1459 4458 1563 4529 deputo
1576 4458 1695 4529 junctos.

119 4545 222 4620 Turpia
239 4566 301 4622 quae
318 4552 391 4625 gessi
407 4567 521 4626 quoque
535 4552 684 4610 denudabo
700 4554 807 4625 piacla3
982 4553 1122 4623 adjiciens
1138 4553 1270 4624 ciuesque
1282 4551 1336 4608 loci
1351 4559 1435 4623 atque
1450 4550 1561 4607 aliunde
1578 4556 1695 4608 coactos.

122 4634 248 4694 ltuxuriae
263 4638 361 4696 luerim
372 4641 475 4712 potoris
488 4655 655 4712 pesnoscere
669 4648 789 4714 quantae,
982 4641 1062 4697 Venit
1073 4640 1120 4696 ubi
1133 4655 1198 4714 ergo
1211 4640 1272 4695 dies
1284 4639 1371 4696 sancti
1387 4637 1517 4695 exaltatio
1536 4638 1606 4715 ligni

122 4731 207 4796 Quam
221 4733 314 4806 magni
329 4733 443 4790 sceleris
456 4734 587 4806 squalens
597 4740 625 4790 et
637 4734 749 4791 sordida
763 4750 841 4791 naevo
982 4737 1039 4802 Qua
1054 4736 1162 4804 colitur,
1174 4735 1275 4791 ludens
1289 4735 1423 4804 juvenum
1439 4733 1567 4805 praecedo
1582 4733 1715 4797 tumultus,

121 4822 180 4877 Non
193 4823 333 4896 equidem,
348 4823 409 4895 ipse
424 4824 500 4879 uelut
515 4823 668 4892 reris,milri
679 4824 768 4898 gloria
782 4832 876 4880 mente
981 4825 1102 4880 buxibus
1120 4823 1239 4880 illiciens
1253 4823 1369 4886 animas,
1385 4823 1524 4894 venioque
1539 4823 1614 4879 beati

122 4912 207 4977 Quam
219 4912 269 4968 tibi
280 4913 416 4985 dedigner
434 4912 505 4969 lustu
521 4929 674 4971 memorare
690 4915 824 4972 nitescat:
979 4915 1048 4970 Ante
1063 4913 1136 4970 lores
1151 4910 1257 4983 templi,
1273 4918 1383 4967 tentans
1397 4911 1499 4967 intrare
1515 4917 1631 4967 sacratae

123 5006 221 5069 iluaeve
230 5004 361 5060 milritam
384 5003 495 5075 pollutae
507 5004 621 5074 iactatio
636 5012 729 5073 restet,
977 5003 1180 5070 Secedamus,
1195 5001 1383 5057 aotaaetherea
1397 5000 1499 5056 uirtute
1511 5000 1641 5072 repellor.

124 5095 188 5161 Quae
202 5097 310 5154 delecta
322 5096 363 5154 lui
376 5095 476 5154 zabulo
495 5113 543 5154 aas
561 5098 753 5170 perditionis?
980 5095 1095 5152 ldisceor
1107 5094 1171 5150 hinc
1186 5093 1287 5150 iterum
1300 5092 1408 5161 turmis,
1420 5093 1577 5164 iterumque
1589 5090 1705 5165 repellor.

123 5189 155 5243 dt
170 5204 268 5246 vereor
279 5205 313 5246 ne
328 5189 399 5247 lorte
413 5191 461 5246 tibi
476 5205 540 5246 cunr
552 5205 665 5262 corporo
680 5191 780 5262 probra
980 5188 1087 5259 Terque
1103 5193 1256 5259 quaterque
1275 5184 1337 5241 aliis
1352 5186 1444 5241 nitens
1459 5184 1668 5257 penetrantibus
1677 5184 1727 5239 usit,

123 5280 230 5355 Flagitii
241 5283 347 5340 nudare
360 5283 524 5360 mei,lugias
536 5284 612 5339 velut
626 5298 757 5358 anguem,
980 5283 1044 5339 Sola
1063 5281 1129 5337 loris
1143 5280 1245 5337 namsi
1260 5280 1354 5352 superi
1373 5279 1542 5352 prohibebar
1557 5277 1676 5337 honoris.

119 5371 192 5428 dure
206 5388 259 5430 nec
272 5375 420 5434 admittens
439 5392 501 5449 quae
520 5391 637 5448 corpore
654 5375 772 5448 turpiter
785 5375 842 5450 egi,
982 5373 1086 5446 Yixquo
1100 5372 1378 5445 aliquandoprobans
1387 5372 1500 5447 dignam
1506 5370 1631 5428 melerre
1638 5363 1751 5442 repulsit·

120 5471 174 5526 Sed
188 5471 306 5526 narrabo
321 5481 423 5535 tamen,
436 5471 572 5527 scelerum
588 5471 719 5527 neclecta
731 5470 832 5528 silebo.
982 5463 1087 5534 Incipio
1097 5478 1206 5518 mecum
1222 5462 1314 5519 lacllls
1329 5469 1444 5518 lfactare
1459 5462 1582 5534 querelis

121 5563 199 5619 Unde
213 5561 290 5635 prius
303 5562 419 5633 supplex
432 5561 496 5617 imis
509 5560 655 5634 expostulo
670 5561 742 5618 votis
981 5554 1011 5609 ld
1027 5553 1087 5608 dira
1102 5552 1237 5608 scelerum
1250 5551 1311 5608 lieri
1323 5553 1456 5625 gravitate
1470 5568 1611 5610 meorum.

123 5654 156 5709 Ut
170 5669 205 5710 ne
215 5651 330 5710 deficias
341 5653 451 5711 veniam
462 5653 530 5709 mihi
546 5668 661 5725 poscere
669 5651 779 5710 tandem
980 5646 1048 5702 Ilum
1064 5660 1185 5702 moereus
1197 5646 1283 5722 igitur
1298 5645 1390 5715 doleo,
1407 5646 1529 5719 dumque
1547 5646 1618 5703 airis
1630 5645 1705 5702 lustro

123 5744 225 5804 ludicii
239 5744 371 5817 prodesse
386 5744 618 5804 diemiseramine
629 5744 737 5802 Christi.
980 5741 1078 5799 Pectus
1089 5739 1274 5811 contundens,
1287 5740 1352 5798 imis
1364 5740 1484 5813 suspiria
1498 5741 1572 5798 duco
1587 5757 1596 5808 ;
