3848 6106
133 230 186 310 'aaa
695 246 876 302 rcoooxnor
897 243 1047 300 cauomn
1069 241 1232 331 nennusrs
1742 245 1797 303 320

131 379 261 445 latrones,
277 385 417 448 comperto
445 375 518 447 quod
547 373 625 445 pauci
641 371 809 427 resedissent
823 371 851 424 in
870 369 933 424 navi
944 377 971 444 Α
985 367 1137 433 Guntmari,
1153 376 1181 421 et
1206 382 1240 421 ex
1263 367 1386 438 ipsorum
1411 367 1537 437 jussione
1561 368 1725 438 praedictum
1746 370 1796 426 iter

131 469 269 534 custodes,
285 467 378 538 ibique
393 468 547 531 thesauros,
568 464 609 518 vel
626 468 787 518 ornamenta
797 460 883 515 saneti
892 474 935 512 re·
985 461 1142 533 iniungeret
1154 458 1194 512 illi
1210 474 1303 513 seeum
1331 459 1457 530 exsequi,
1482 459 1529 514 tali
1545 460 1677 516 videlicet
1688 468 1794 531 tenore,

131 557 263 611 mansisse
279 557 340 624 rati,
356 571 507 611 conscensa
532 553 649 607 tendunt
676 551 722 606 illo
750 549 856 621 cymba.
870 547 934 613 Sed,
985 565 1015 610 ua
1031 554 1063 608 ab
1079 569 1110 607 ea
1123 554 1169 607 ‹lie
1185 569 1236 608 nec
1251 553 1307 619 ille,
1324 569 1376 609 nec
1397 554 1457 625 ipsa
1480 571 1591 610 carnem
1602 556 1792 625 comederent,

130 655 278 720 antequam
290 636 479 721 pertingerent
491 647 525 700 ad
542 646 627 715 ipsam
642 660 722 714 quam
740 643 869 714 petebant
884 656 936 693 na·
986 655 1032 702 aut
1048 647 1141 701 vinum
1165 647 1302 712 biberent,
1332 647 1422 702 donec
1440 649 1492 703 iter
1511 649 1600 719 ipsum
1626 650 1792 720 arriperent,

128 755 200 806 rem,
228 740 481 803 caestidivinitns,
512 737 675 809 perditoque
703 751 786 790 sensu
800 733 936 805 remigare
987 738 1038 793 nisi
1055 745 1160 793 tantum
1180 738 1247 804 vini,
1272 739 1476 809 quantumemi
1501 741 1792 810 potuissetexpretio,

128 847 183 886 non
194 833 328 898 valentes,
345 832 448 903 inipetu
461 829 582 885 fluminis
591 828 655 883 ferri
668 833 821 898 eoeperunt.
833 825 933 895 Siequc
987 826 1061 897 quod
1073 842 1156 896 super
1169 825 1255 881 altare
1271 825 1410 896 quoddam
1423 825 1458 880 ab
1474 826 1544 897 ipsis
1568 827 1595 882 ei
1617 827 1792 897 designatum

129 926 254 981 navicula
268 942 364 981 eorum
394 925 467 990 nari,
488 941 548 995 que
573 922 658 977 sancti
680 936 780 991 corpus
794 919 932 988 sorvabat,
984 924 1125 988 repertura
1144 925 1226 982 esset,
1242 917 1302 988 ipsa
1330 917 1463 972 duntaxat
1482 918 1649 989 perciperet.
1669 918 1703 973 Ut
1726 935 1791 994 ergo

128 1017 245 1088 impacta
258 1017 443 1089 contritaque,
459 1015 560 1070 mediis
581 1030 630 1069 eos
655 1013 682 1066 in
696 1011 827 1067 ductibus
847 1010 930 1064 dere·
983 1010 1049 1064 inde
1063 1008 1152 1082 magis
1167 1009 1334 1064 crederetur.
1345 1010 1606 1080 quasdamsorores‚
1623 1018 1682 1065 tras
1698 1010 1793 1066 uideli-

128 1105 220 1176 liquit.
236 1106 356 1172 Quorum
370 1106 479 1160 duobus
495 1103 578 1158 lluvio
588 1119 648 1158 mox
665 1100 813 1171 absorptis,
823 1099 929 1161 tertius,
982 1111 1025 1159 eet
1039 1103 1263 1159 sanctimoniales
1271 1103 1353 1170 buius
1368 1104 1540 1170 monasterii,
1556 1104 1631 1160 adid
1645 1105 1788 1177 inquiren·

128 1197 174 1267 qui
187 1197 268 1251 etiarn
285 1197 404 1252 famulus
426 1203 485 1251 erat
499 1195 586 1250 saneti
600 1193 745 1257 Balderiei,
765 1192 837 1259 jacta
849 1206 931 1244 manu
982 1194 1046 1248 dnm
1062 1193 1113 1247 sibi
1124 1199 1209 1247 testes
1223 1193 1791 1266 ascisceret‚denominatisscilicetparso·

128 1280 467 1356 navemsanetiarripuit,
497 1293 524 1339 et
540 1284 629 1338 taliter
655 1282 775 1337 eradens
803 1285 930 1345 mortem,
981 1282 1036 1347 nis,
1056 1297 1126 1352 quas
1140 1280 1274 1335 advocare
1288 1280 1443 1336 debuisset.
1458 1281 1573 1337 Sanctus
1588 1291 1684 1338 autem
1700 1284 1790 1339 Remi·

127 1375 346 1448 elericorumqne
360 1376 546 1448 perductnsin
557 1375 741 1446 praesentiam,
755 1372 822 1426 nibil
836 1386 931 1425 eorum
981 1376 1043 1449 gius
1059 1376 1112 1429 hoe
1126 1374 1242 1446 Insuper
1260 1375 1378 1442 addidit,
1409 1383 1439 1430 ut
1467 1376 1573 1431 diceret
1587 1376 1635 1430 illa
1651 1375 1727 1430 fratri
1743 1391 1790 1433 suo

127 1485 188 1539 quae
203 1484 300 1538 passus
316 1467 404 1521 luerat
418 1466 528 1521 edicere
537 1465 632 1531 saluit,
646 1463 771 1519 donecin
781 1463 931 1518 erastinum
983 1473 1120 1537 quatenus
1136 1472 1209 1520 esset
1220 1480 1335 1531 memor,
1352 1466 1426 1537 quod
1441 1466 1479 1520 illi
1495 1466 1638 1537 quondam
1654 1483 1789 1536 apparue-

125 1557 303 1622 reloeillatus,
326 1571 465 1628 sensuque
495 1561 605 1625 recepto
633 1553 742 1607 tandem
770 1567 832 1622 quae
854 1559 932 1626 gesta
985 1563 1035 1622 rat,
1051 1563 1078 1609 et
1093 1554 1117 1608 ei
1132 1554 1347 1608 locutusluerat.
1364 1554 1474 1608 addens
1490 1555 1573 1608 etiam
1589 1569 1641 1626 pro
1656 1554 1789 1629 signore·

125 1648 234 1703 lucrant
247 1649 393 1703 enarravit.
425 1647 569 1717 Postquam
592 1660 658 1699 roro
688 1661 703 1698 a
731 1642 844 1714 praelato
870 1643 931 1698 loco
982 1645 1160 1720 cognitionis,
1175 1644 1249 1716 quod
1265 1661 1328 1700 euni
1341 1645 1369 1698 in
1381 1645 1470 1714 palma
1483 1646 1639 1701 decultello
1653 1645 1789 1701 uisuslue·

103 1725 105 1728 Α
126 1737 208 1805 liujus
220 1737 293 1791 beati
309 1736 359 1790 uiri
374 1736 407 1789 ad
422 1751 504 1789 suum
520 1733 718 1789 monasterium
734 1739 800 1785 sunt
815 1746 877 1785 ossa
893 1746 933 1784 re·
946 1757 969 1824 B
983 1744 1025 1788 rat
1048 1735 1225 1804 percussisse.
1254 1735 1287 1787 nt
1306 1733 1353 1787 illa
1375 1747 1438 1788 mox
1459 1733 1492 1788 ad
1518 1733 1668 1804 praelatum
1683 1736 1789 1789 tratrem

126 1824 290 1889 lma,multa
313 1823 383 1877 inibi
408 1823 535 1877 seruntur
563 1830 673 1876 ostensa
702 1820 844 1885 miracula,
871 1835 932 1890 quae
983 1841 1063 1880 suom
1079 1826 1200 1891 mittenS,
1223 1825 1402 1880 mandas-ixei
1417 1834 1446 1880 ut
1461 1825 1547 1892 adse
1569 1825 1790 1881 festinanterre-

127 1932 183 1986 [περ
199 1916 376 1970 multitudine
400 1931 454 1969 non
479 1914 615 1968 habentur
637 1912 747 1983 scripta.
764 1912 830 1966 lllue
844 1926 934 1981 nuper
984 1918 1064 1972 niret,
1082 1917 1132 1981 Qui
1147 1918 1264 1972 veniens
1283 1932 1405 1972 sororem
1433 1933 1510 1972 suam
1525 1917 1591 1972 bora
1613 1918 1790 1988 J'amuespef.

127 2008 238 2078 qnidam
254 2024 358 2079 pauper
372 2007 514 2063 candelam
542 2006 671 2062 deierans
683 2006 710 2060 in
726 2006 828 2060 circulo
844 2005 932 2060 dero·
984 2008 1041 2061 tina
1052 2007 1175 2077 ieiunam
1188 2006 1289 2074 adbuc,
1304 2015 1331 2063 et
1346 2007 1381 2061 de
1395 2007 1501 2062 risione
1512 2007 1592 2062 ualde
1610 2007 1788 2078 stupefactam

126 2098 221 2163 lutam,
237 2098 319 2169 paulo
333 2098 498 2152 anteliorarn
513 2096 696 2167 vespertinam
713 2111 796 2165 supra
812 2092 931 2148 loculum
984 2097 1098 2151 invenit.
1120 2096 1184 2160 Quae
1208 2095 1347 2150 advocans
1362 2095 1555 2151 denominatas
1570 2095 1626 2150 sibi
1644 2097 1787 2151 sanctimo-

124 2203 265 2243 sacrorum
281 2189 351 2242 bane
366 2189 460 2259 posuit
489 2188 603 2242 ossium.
627 2187 676 2252 Qui
706 2186 933 2242 dumdataora-
983 2188 1079 2254 nialeS,
1092 2188 1265 2256 pariterante
1280 2186 1440 2241 denotatum
1454 2187 1539 2242 altare
1555 2188 1787 2258 septempsalmos

124 2277 199 2332 tione
226 2277 378 2344 recederet,
409 2276 500 2335 subito
537 2277 663 2347 candela,
688 2291 789 2347 supero
816 2289 932 2330 accensa
982 2279 1186 2351 paenitentiales
1199 2279 1425 2344 decantaverunt,
1437 2279 1667 2349 additisinsuper
1680 2279 1785 2333 litania-

127 2368 200 2440 igne,
215 2370 300 2441 eoepit
318 2370 425 2424 ardere.
455 2370 520 2434 Quae
535 2369 625 2424 donec
653 2375 745 2423 custos
760 2367 884 2423 eeclesiae
897 2367 931 2421 ad
982 2385 1043 2423 rum
1060 2367 1421 2439 precibus,accesscruntad
1433 2368 1530 2435 altare,
1541 2374 1569 2422 et
1580 2375 1717 2423 exuentes
1725 2383 1787 2438 ope-

123 2459 318 2530 vespertinalia
344 2461 480 2532 pulsanda
503 2461 578 2519 renit
606 2459 694 2532 signa,
713 2457 806 2528 pallio,
824 2455 929 2510 cuisu-
981 2459 1564 2531 rirnentis,repereruntincornuejusdcm
1575 2458 1787 2514 altarisobolum

125 2549 245 2618 perjecta
254 2548 375 2619 jacebat,
390 2549 486 2615 illaeso,
499 2549 734 2623 deflagravit,nec
750 2547 832 2600 ullam
846 2545 929 2616 pallio
981 2568 1105 2624 parvam,
1125 2568 1208 2624 quem
1233 2560 1406 2607 assumentes
1434 2567 1496 2607 cum
1521 2551 1788 2626 gratiarumactionc

116 2638 277 2725 lesionem,
293 2641 337 2695 oui
352 2641 518 2706 adhaerebat,
544 2642 672 2716 aggessit.
689 2642 770 2700 Multa
797 2647 931 2710 praeterea
981 2647 1118 2701 dederunt
1131 2662 1181 2717 pro
1202 2647 1278 2713 vino,
1299 2646 1374 2717 quod
1399 2646 1663 2701 tantummodohaec
1687 2646 1788 2701 sancti-

123 2731 282 2798 sanitatum,
299 2731 580 2805 clarificationumque
596 2734 699 2787 ibidem
716 2732 928 2788 creberrimead
981 2736 1111 2790 monialis
1121 2735 1202 2800 bibit,
1223 2751 1278 2790 non
1308 2735 1442 2805 deinceps
1468 2734 1587 2805 amplius
1605 2735 1787 2790 rinumsum-

124 2817 290 2874 declaranda
307 2821 394 2875 sancti
410 2823 451 2874 sni
464 2823 561 2877 merita
569 2823 701 2877 Dominus
716 2821 929 2895 ostenderedig·
980 2837 1070 2898 ptura,
1082 2827 1172 2882 ‹lonee
1186 2828 1238 2882 iter
1253 2826 1406 2894 injunctum
1433 2832 1488 2880 tarn
1504 2828 1573 2898 ipsa,
1589 2843 1673 2898 quarn
1690 2827 1788 2898 praedi·

124 2914 205 2960 natur
219 2907 359 2974 miracula,
376 2909 411 2962 ad
433 2911 566 2966 bonorem
587 2912 692 2967 scilieet
709 2928 740 2966 ac
751 2912 861 2966 laudern
877 2927 929 2966 no·
979 2924 1040 2972 etus
1055 2917 1139 2971 irater
1153 2933 1230 2980 suus,
1240 2916 1351 2971 inirent.
1364 2916 1441 2979 Quod
1455 2915 1574 2971 fideliter
1584 2923 1612 2971 et
1626 2915 1790 2971 fiducialiter

124 2992 268 3062 urinissui,
285 2996 358 3066 quod
370 3005 411 3052 est
426 2998 601 3054 benedictum
617 3000 767 3055 insaecula.

421 3109 525 3166 CAPUT
541 3112 629 3167 xilv.

194 3198 232 3250 De
245 3199 384 3254 miraculis
399 3202 428 3253 ia
440 3204 602 3256 morrosterie
613 3206 765 3257 subactorum
779 3204 856 3257 Bouoe

410 3287 441 3325 uc
459 3273 540 3328 Dorice
553 3275 646 3340 sociis.

159 3362 187 3414 ln
200 3371 409 3431 prememorato
436 3364 557 3437 denique
585 3366 741 3438 puellarum
758 3367 928 3422 monasterio

123 3452 226 3522 (supro,
240 3470 302 3524 cop.
319 3454 405 3524 idida
421 3472 476 3528 quo
485 3457 660 3528 praelatarum
671 3464 826 3512 sanctarum
838 3458 926 3524 Borae,

123 3560 154 3599 ac
175 3546 255 3601 oodae
274 3547 404 3603 translata
418 3548 522 3618 praelati
537 3565 633 3604 sumus
652 3564 778 3619 corpora,
795 3549 928 3619 nonnulla

124 3638 300 3708 postmodum
316 3648 420 3711 patrata
435 3643 587 3713 probantur
602 3643 743 3697 miracula.
755 3642 804 3697 Ubi
821 3642 928 3713 frigori-

58 3757 61 3761 *
124 3727 169 3781 tici
180 3735 262 3799 atque
276 3729 611 3806 dirersisaegritudinibus
629 3732 755 3802 occupati
770 3731 925 3797 venientes,

123 3823 216 3885 optata
226 3828 367 3874 merentur
381 3821 514 3892 sospitate
528 3821 624 3876 donari
640 3821 757 3875 maxime
774 3821 802 3875 in
823 3821 869 3874 die
880 3835 929 3875 so-

124 3908 445 3967 leinnitatisearumdern
474 3915 568 3983 [illest
594 3914 628 3967 bl
659 3915 788 3984 Aprilis).
818 3919 847 3967 ln
875 3927 928 3983 qua

122 3999 349 4071 ‹praedamnuper
374 4002 476 4071 puella,
505 4003 602 4056 auditu
622 4003 758 4070 frustrata,
786 4001 813 4056 xi
830 4000 928 4056 invali-

980 3004 1155 3074 arripientes,
1182 3019 1326 3075 prospere,
1352 3004 1407 3059 lieo
1420 3004 1547 3072 jurante,
1570 3012 1598 3059 ot
1621 3005 1651 3059 S.
1668 3005 1750 3060 Petro
1764 3013 1790 3059 et

942 3079 1073 3151 Csemcto
1091 3097 1215 3170 Remigio
1225 3094 1484 3170 suffragantibus‚ut
1500 3096 1568 3167 ipsis
1592 3098 1788 3169 promiserant,

982 3194 1159 3259 peregerunt.
1170 3187 1207 3241 de
1219 3185 1352 3256 deinceps
1374 3202 1390 3240 a
1404 3186 1534 3240 carnibus
1549 3186 1597 3241 illa
1614 3190 1727 3265 (praeter
1740 3174 1790 3242 ue'

981 3278 1124 3350 minicam)
1143 3278 1273 3345 abstinet,
1285 3294 1317 3333 ac
1332 3277 1421 3332 tribus
1435 3277 1535 3332 diebus
1550 3277 1579 3331 in
1602 3277 1788 3342 bebdomada,

979 3386 1067 3441 usque
1078 3371 1259 3442 dumsignum
1275 3376 1358 3425 sonet
1371 3369 1405 3424 ad
1428 3370 1589 3436 secundam,
1612 3369 1682 3423 nibil
1699 3371 1822 3440 operis,

978 3464 1044 3535 agit,
1055 3464 1230 3519 orationibus
1251 3470 1278 3517 et
1306 3463 1467 3534 psalmodias
1494 3479 1595 3519 vacans
1617 3464 1720 3535 ;quod
1736 3464 1811 3522 sib?

978 3574 1067 3629 usqne
1082 3559 1116 3612 ad
1130 3566 1237 3629 septem
1249 3573 1336 3612 annos
1350 3559 1813 3636 commemoratadirnplerepre-

978 3656 1100 3720 ceptum.
1116 3650 1202 3704 Fratri
1217 3665 1283 3705 vero
1304 3664 1354 3704 suo
1366 3656 1579 3721 praememorato
1593 3651 1649 3706 boc
1663 3666 1679 3705 a
1691 3666 1800 3722 snpra·

979 3740 1172 3796 dictissanetis
1196 3756 1244 3811 per
1267 3741 1355 3811 ipsam
1375 3741 1535 3796 mandatum
1559 3747 1655 3808 est,ut
1670 3749 1792 3814 quatuor

979 3830 1078 3885 diebus
1100 3831 1127 3884 in
1149 3830 1353 3885 hebdomadae
1379 3829 1520 3897 carnibus,
1537 3831 1614 3886 omni
1630 3847 1698 3887 vero
1712 3842 1782 3888 sexta

979 3923 1047 3979 lenia
1061 3941 1076 3978 a
1090 3924 1155 3979 vino
1166 3941 1275 3995 sempor
1286 3925 1351 3979 dum
1363 3925 1506 3989 advixerit,
1517 3925 1620 3980 debeat
1633 3926 1773 3982 abstinere.

979 4013 1042 4078 erae
1058 4021 1085 4069 et
1098 4012 1246 4068 observare
1261 4012 1396 4068 visisunt.

123 4086 227 4140 tudinis
242 4104 341 4143 sensus
358 4090 440 4158 liujus
459 4090 595 4145 obturatis
609 4093 754 4159 meatibus,
771 4093 927 4149 interventu

122 4175 282 4230 earumdem
315 4187 471 4232 sanctarum
500 4179 599 4234 illinisti
628 4196 802 4250 sponsarum,
820 4183 927 4252 perdita

122 4263 226 4318 dudum
242 4266 336 4320 munia
346 4267 469 4336 recipere
482 4269 582 4323 meruit
595 4269 713 4325 aurium.

424 4384 531 4440 adeor
547 4385 620 4441 xta.

300 4457 337 4508 lle
351 4456 454 4510 uisioac
480 4459 624 4527 majusdum
642 4460 747 4528 praellae.

157 4546 277 4602 liabetur
291 4547 319 4601 in
331 4549 383 4604 boe
399 4552 565 4606 monasterio
581 4554 707 4623 quaedam
722 4552 923 4608 sanctimonia-

122 4637 246 4711 lisvirgo,
261 4639 352 4708 neptis
365 4639 505 4710 quondam
522 4640 661 4696 Guralmari
675 4642 795 4716 religiosi
811 4643 925 4714 presby·

122 4726 183 4794 leri,
197 4727 449 4794 nonniuellicuidis,
458 4730 694 4801 euiapparuerunt
704 4733 769 4786 olim
780 4733 923 4803 pervisum

120 4818 217 4874 beatus
231 4820 327 4875 Petrus
339 4823 481 4892 apostolus
494 4830 520 4877 et
534 4823 632 4878 beatus
647 4823 799 4898 Remigius,
815 4823 924 4895 signill-

120 4920 215 4966 cantes
229 4912 265 4977 ei,
281 4913 355 4983 quod
372 4914 424 4968 iter
437 4914 528 4969 domes
548 4914 649 4982 eidem,
673 4916 737 4970 dum
755 4925 926 4972 reverteren-

120 5008 165 5056 tur
175 5002 209 5056 ad
224 5001 320 5072 ipsam,
334 5005 499 5074 praecepturi
526 5013 619 5060 essent
631 5024 638 5071 ;
652 5018 926 5080 asserueruntquese

120 5094 212 5149 medio
228 5110 322 5149 mense
333 5095 499 5167 Septembri,
519 5097 625 5153 scilicet
640 5097 926 5157 Exultationissanctae

120 5188 274 5255 Crueisdie,
283 5207 452 5246 reversuros.
464 5192 926 5266 Quaexspectationesuspensani-

122 5279 160 5333 bil
176 5278 341 5346 indealicui,
358 5281 496 5351 prohibita
511 5281 617 5338 seilicet
632 5283 666 5336 ab
682 5283 731 5348 eis,
749 5295 865 5342 ansaesl
879 5288 924 5341 in-

121 5366 229 5422 timare.
243 5368 290 5422 ilie
304 5384 369 5423 vero
384 5386 438 5440 qua
462 5352 644 5441 praedixerant
663 5373 810 5444 redituros,
827 5375 926 5431 iterum

121 5468 306 5531 apparaerunt
316 5461 353 5528 ei,
365 5462 498 5530 jubentes
511 5470 541 5518 ut
559 5465 705 5522 accersiret
724 5468 834 5524 fratrem
846 5486 924 5524 suum

120 5545 296 5603 llredericum
307 5550 508 5622 presbyterum,
524 5555 747 5611 etcxbortaretur
758 5575 820 5612 euna
835 5560 925 5632 sequi,

121 5645 203 5707 prout
217 5637 307 5713 magis
328 5640 473 5711 potuisset,
500 5643 615 5716 vestigia
630 5646 762 5714 praemissi
775 5649 927 5705 sacerdotis

1278 4103 1383 4159 CAPUT
1393 4103 1480 4158 XLVl.

1083 4200 1120 4251 lle
1133 4198 1217 4252 altero
1228 4199 1319 4254 Remis
1336 4197 1489 4267 puellarem
1502 4201 1677 4254 morermterio.

1013 4288 1135 4343 alterurn
1164 4291 1285 4361 denique
1312 4292 1434 4361 puellare
1462 4290 1665 4346 monasterium
1692 4291 1762 4347 lienis

976 4375 1095 4432 babetur
1107 4380 1189 4434 situm
1201 4380 1235 4434 ad
1245 4387 1361 4451 portam,
1370 4397 1433 4453 quse
1444 4380 1508 4435 olim
1521 4378 1763 4447 collaticiaseilieet

939 4448 1181 4527 Daconlerendis
1196 4473 1344 4541 mercibus,
1365 4489 1439 4528 nune
1454 4473 1611 4528 basilicaris
1633 4474 1709 4545 [sorte
1725 4473 1760 4525 lla·
1828 4548 1830 4553 Ι

975 4560 1063 4631 seille]
1075 4569 1198 4629 vocatur,
1215 4563 1330 4633 eoquod
1344 4563 1417 4619 circa
1427 4579 1456 4617 se
1468 4562 1712 4629 basilicisdudum,
1722 4573 1760 4631 pra
1825 4558 1830 4572 '

975 4653 1082 4707 caeteris
1096 4654 1192 4723 portis,
1206 4654 1362 4709 abundasse
1378 4654 1555 4721 lerator3seu
1572 4651 1759 4726 quodeuntibus

975 4741 1009 4794 ad
1024 4741 1178 4805 basilicam,
1205 4742 1232 4795 in
1252 4743 1312 4798 rico
1338 4744 1425 4798 sancti
1452 4742 1567 4816 llemigii
1590 4743 1759 4800 consistentes

977 4832 1071 4902 persia
1082 4832 1173 4888 luerit.
1189 4834 1276 4905 Supra
1286 4851 1368 4906 quam
1381 4835 1483 4890 domno
1508 4835 1658 4908 Rigoberto
1674 4832 1757 4889 babila·
1817 4832 1830 4844 “

977 4922 1068 4976 culum
1081 4922 1164 4977 luisse
1184 4925 1462 4979 commemoravimus
1485 4923 1513 4994 [l.
1530 4939 1560 4991 n,
1582 4939 1608 4978 c.
1636 4923 1691 4994 12].
1704 4912 1758 4984 anal

978 5014 1175 5069 monasterium
1200 5017 1336 5074 domnus.
1353 5015 1522 5070 Guntbertus
1542 5014 1586 5070 uir
1614 5013 1720 5069 illustris
1740 5008 1758 5059 it
1814 5075 1822 5087 .

978 5108 1081 5162 bonore
1109 5108 1194 5162 saneti
1228 5108 1297 5163 Petri
1340 5108 1524 5163 construxisse
1553 5107 1681 5173 traditur,
1705 5097 1758 5175 (111⁰d
1822 5166 1830 5175 ,

978 5197 1079 5271 regale,
1091 5197 1133 5251 vel
1146 5195 1237 5252 fiscale
1246 5203 1368 5261 uocatur,
1380 5213 1413 5252 eo
1425 5197 1499 5267 quod
1513 5197 1541 5251 in
1552 5196 1638 5268 regali
1649 5195 1758 5267 potestate

976 5291 1115 5362 usquead
1132 5290 1265 5344 moderna
1297 5296 1421 5359 tempora
1445 5288 1528 5344 luerit
1557 5275 1758 5350 habitumllutl
1820 5338 1823 5343 .

977 5379 1173 5434 monasterium
1191 5378 1344 5433 Lndovicus
1359 5378 1509 5448 imperator
1524 5374 1653 5446 diplreidi
1671 5360 1759 5444 [olall‘

977 5471 1052 5541 paldi
1079 5476 1103 5525 et
1129 5471 1216 5541 tanseat]
1249 5468 1312 5525 fitia
1334 5485 1400 5535 suae,
1423 5469 1501 5523 uxori
1521 5467 1643 5541 Begonis
1664 5453 1760 5520 comitia

977 5563 1050 5617 dono
1074 5562 1160 5629 dedit,
1177 5563 1322 5634 eidemque
1344 5577 1423 5617 sacro
1444 5561 1504 5616 loco
1519 5557 1699 5614 immunitatis
1709 5560 1761 5622 pra·

976 5648 1313 5722 ceptumdelegauit,ntot
1327 5659 1405 5720 pater
1414 5643 1762 5720 ipsiusllarolusimperalll
