3848 6106
52 258 102 314 'l8l

51 381 159 437 Decidit
178 381 206 436 in
220 381 333 447 lectum,
347 387 375 435 et
388 378 473 449 longo
489 379 621 451 languore
636 377 754 445 solutus,

52 472 187 528 Carnibus
196 471 321 533 exuitur:
335 472 435 538 conjnx
450 469 546 525 loetorc
562 477 673 546 gravata

51 567 125 624 Tabe
144 567 195 622 viri
210 566 359 638 absumpti,
374 567 423 621 sed
437 580 492 621 non
504 563 599 620 eltiare
614 563 731 620 valentis
746 581 754 625 ;

52 656 181 712 Hortatur
193 655 301 711 lacinus
317 670 371 726 quo
385 654 442 709 sint
461 661 515 709 tam
531 653 590 708 dira
603 652 707 709 revelet

51 745 124 800 Voce
135 745 243 820 ingesta
261 742 315 799 sibi
336 742 440 816 prelati
455 742 510 798 lata
523 742 666 797 trahentia.

295 257 337 311 DE
357 254 486 312 cnutstt
505 252 687 310 TlllUldPlllS
708 252 792 307 apuu
813 251 947 307 ttnttalt
966 250 1079 307 Gestis
1100 252 1187 308 etant
1207 252 1273 308 xit.
1294 285 1328 296 -
1347 254 1411 310 tta.
1432 255 1463 311 X.

875 381 899 448 Α
914 374 1016 431 lstubi
1035 374 1178 431 consessus
1191 375 1315 447 quaedam
1331 378 1502 433 monimenta
1516 380 1612 434 tulisse

1665 257 1718 314 tae

914 464 1071 520 Clrartarum
1086 481 1149 521 cum
1166 467 1307 537 proposito
1324 469 1469 540 pretioque
1483 470 1595 526 dedisse

914 553 1046 627 indignis,
1061 554 1160 628 retegit
1174 570 1237 611 mox
1252 571 1373 623 carcere,
1384 573 1500 629 corpore
1516 559 1592 627 texit,

912 647 1046 720 Supplicii
1060 647 1168 704 cunctis
1177 649 1281 719 proprii
1295 650 1444 706 luctamine
1459 652 1580 723 prodens

912 741 1036 818 Gregorii
1051 742 1142 818 legum
1163 743 1228 799 lanii
1241 744 1306 815 quid
1321 743 1392 801 iorrc
1411 754 1561 802 merentur.

790 878 895 934 CAPUT
912 879 982 935 xvi.

487 1010 527 1069 lie
547 1011 692 1070 ministro
712 1015 768 1085 qut
786 1010 851 1083 ejus
872 1010 1032 1072 imnrinnit
1052 1011 1279 1087 eleemosynam.

52 1150 100 1206 llic
115 1151 199 1206 etiam
215 1151 262 1222 qui
278 1156 426 1207 consuetas
440 1149 576 1206 minuisse
587 1151 719 1221 probatur

52 1242 173 1312 liapsilis
186 1243 327 1313 impensas
338 1242 452 1312 inopum
468 1241 603 1297 solamina
612 1241 709 1314 patria,

50 1330 198 1386 Praemisse
215 1345 343 1402 praecone
356 1330 431 1402 capit
446 1331 574 1386 mandata
594 1330 667 1386 beati

50 1423 136 1490 liure,
153 1423 214 1477 dies
228 1422 282 1476 sibi
298 1437 349 1494 pro
363 1421 475 1493 dempta
486 1423 589 1493 pietate
602 1428 743 1478 resectos:

50 1516 180 1587 Dumque
195 1516 278 1572 iidem
298 1518 390 1573 minus
407 1515 545 1589 impendit
565 1534 615 1589 pro
630 1525 753 1590 tempore
772 1519 863 1577 dictis.

914 1153 1021 1209 Pariete
1033 1153 1193 1226 flagrantem
1207 1154 1283 1210 solus
1295 1155 1388 1212 subite
1400 1157 1499 1227 aspicit
1510 1157 1614 1233 ignem,

913 1245 998 1311 Quem
1009 1246 1137 1303 manibus
1149 1255 1258 1304 tentans
1271 1258 1406 1317 avertere,
1421 1252 1544 1323 carpitur
1559 1253 1635 1323 ipse:

913 1334 1017 1390 Ardere
1032 1337 1147 1391 interius
1160 1335 1300 1409 febrisque
1314 1339 1404 1396 calore
1417 1348 1537 1406 voratur,

914 1426 1000 1497 Atque
1010 1443 1085 1499 gran
1097 1425 1179 1483 finem
1196 1428 1259 1483 ritas
1273 1427 1381 1487 fervore
1396 1429 1523 1502 capessit.

786 1654 891 1711 CAPUT
915 1657 993 1712 Xllll.

561 1768 566 1779 ⁸
614 1789 653 1848 De
672 1791 831 1851 nwomlrr's
853 1793 949 1868 ipsius
971 1797 1158 1854 monosterii.

47 1924 165 1996 Templo
180 1924 328 2000 Gregorius
340 1943 395 1998 quo
408 1926 524 1983 inridere
536 1934 598 1984 vota
611 1928 720 1985 solebat
756 1930 763 1945 ⁴

48 2015 173 2086 Spiritus
187 2015 306 2072 infestus
320 2026 400 2085 teter,
416 2020 517 2075 virtute
536 2018 601 2076 fidei

48 2109 167 2166 Robusti
183 2111 294 2180 ejicitur
307 2113 445 2179 monachi,
461 2114 525 2170 licet
540 2115 639 2172 ictibus
654 2122 730 2172 actus

48 2200 190 2256 insomnis
199 2201 262 2255 vani
277 2217 327 2274 per
341 2203 400 2258 visa
414 2203 550 2259 minantia
563 2205 618 2261 teli.

47 2291 157 2345 Ducere
171 2299 232 2361 post
244 2292 311 2348 lethi
326 2294 374 2366 qni
388 2293 467 2351 leuce
482 2296 606 2367 pericula
621 2297 705 2365 visus,

47 2383 158 2454 Accipit
172 2383 200 2437 in
217 2384 275 2439 visu
290 2385 375 2456 patris
387 2385 516 2443 mandata
530 2386 605 2443 beati

50 2475 149 2532 Vivere
170 2479 193 2532 si
208 2487 286 2535 curet
298 2479 440 2536 morituris
455 2479 510 2537 lata
524 2481 645 2548 revelet;

51 2571 180 2628 Pandere
195 2572 330 2644 promittit
344 2571 509 2649 fungentum
525 2583 553 2631 et
566 2574 679 2631 nomina
693 2573 792 2639 sumit;

52 2661 104 2718 Orc
118 2662 206 2735 patris
219 2661 316 2734 recipit
330 2662 442 2735 digitos,
455 2662 557 2736 quibus
570 2665 663 2721 ulcere
677 2671 757 2735 rupto

51 2749 167 2806 Excreat
181 2750 302 2806 innanm
318 2750 378 2806 dira
390 2752 530 2824 putridine
545 2762 651 2825 pestem

51 2843 173 2917 lloxque
186 2853 281 2902 secuta
293 2846 368 2902 salus
381 2847 476 2903 mortis
490 2847 565 2903 bunc
575 2847 699 2904 faucibus
713 2863 812 2904 arcens

50 2937 190 3011 Aggrcgat
205 2938 372 3010 hymnidice
386 2940 462 2995 nullo
477 2947 605 3011 sperante
620 2948 745 2996 catervae.

51 3026 120 3082 lieni
135 3028 257 3100 stupidis
271 3029 371 3100 prodit,
387 3029 461 3085 dicta
479 3029 577 3085 astruit
596 3030 664 3085 ordo
685 3030 863 3105 migrantum,

51 3119 168 3183 Praesul,
182 3120 310 3176 caenobio
326 3121 466 3192 praelatus,
484 3128 512 3175 ut
532 3121 644 3177 ultimus
657 3122 735 3178 audit

875 1938 898 2005 Β
912 1934 1036 2006 Tumque
1046 1935 1243 1990 monasterium
1259 1935 1419 2009 ingrediens
1428 1942 1549 1992 mutatur
1564 1937 1669 1993 bonore

913 2030 944 2083 Et
958 2028 1086 2084 monachi
1105 2045 1219 2085 sumens
1240 2030 1363 2086 habiturn
1379 2031 1475 2086 mundi
1495 2031 1614 2106 abnegat
1631 2041 1721 2089 acturn

912 2124 1029 2178 iludraea
1043 2124 1154 2180 tandem
1168 2141 1232 2180 sese
1246 2127 1353 2182 visente
1367 2127 1450 2184 beato

913 2216 999 2283 nique
1014 2212 1108 2267 obitus
1122 2213 1217 2268 horam
1234 2215 1323 2285 patrio
1334 2231 1463 2271 sermone
1478 2223 1602 2283 notante,

914 2301 1002 2356 lectus
1015 2301 1083 2367 obit,
1100 2304 1194 2378 peragi
1215 2304 1269 2359 sibi
1285 2321 1347 2366 mox
1362 2300 1488 2361 lubebris
1503 2321 1631 2376 poscens,

917 2392 1082 2448 luminibus
1097 2394 1158 2449 latis
1172 2394 1266 2470 dignis
1278 2403 1305 2452 et
1324 2397 1458 2453 odoribus
1472 2397 1570 2465 auctis,

916 2483 949 2539 llt
962 2484 1048 2539 sancti
1059 2499 1177 2556 poscens
1187 2485 1299 2543 Fabiani
1313 2487 1383 2544 leste
1397 2487 1526 2561 rependi.

914 2570 1076 2645 Gregorium
1090 2573 1187 2631 insano
1204 2577 1357 2632 monachus
1369 2592 1420 2648 pro
1433 2576 1516 2634 fratre
1530 2585 1668 2651 precatus,

915 2663 1084 2734 conspectus
1103 2664 1226 2740 fugiente
1240 2669 1394 2735 hominum,
1410 2670 1471 2726 loca
1484 2677 1560 2727 vasta
1573 2671 1688 2728 terendo

915 2755 1018 2827 Aspicit
1028 2755 1056 2810 ln
1072 2755 1132 2812 visu
1148 2756 1258 2813 dantem
1273 2759 1408 2816 solamina
1423 2767 1527 2832 patrem

915 2843 992 2909 Quod
1007 2860 1124 2901 cerneus
1139 2847 1272 2919 lacrymas
1287 2854 1379 2905 votum
1399 2850 1554 2922 susceperit
1568 2852 1638 2920 ojus,

915 2933 946 2988 Et
959 2949 1056 2990 sanum
1065 2935 1119 2990 sibi
1131 2951 1293 3011 germanum
1306 2954 1368 2994 cum
1384 2939 1445 2996 luce
1456 2940 1580 3005 reducet,

915 3023 1061 3096 Presbyter
1073 3033 1100 3080 ut
1117 3024 1229 3082 clausus
1239 3027 1319 3083 venia
1331 3029 1468 3084 resolutus
1479 3028 1579 3084 abibit.

915 3113 1036 3171 Crastina
1051 3116 1097 3172 lux
1112 3117 1247 3187 promissa
1266 3116 1365 3189 probat
1377 3118 1526 3173 mandante
1541 3117 1671 3174 sacerdos

50 3209 87 3262 Se
97 3224 212 3281 quoque
227 3225 404 3281 percensum,
417 3211 548 3283 languore
561 3216 696 3282 sequente
706 3219 826 3277 coactus,
914 3207 1031 3264 lavatur
1041 3225 1112 3281 papa
1125 3208 1262 3282 fraterque
1277 3226 1404 3266 reversus
1419 3210 1532 3278 amacii,

51 3295 171 3352 Credere
184 3297 309 3369 disponit
321 3298 438 3369 propriae
459 3314 515 3353 rem
531 3299 643 3354 territus
656 3297 732 3353 adis.

876 3276 900 3343 C
915 3296 1050 3353 necuim
1063 3297 1212 3353 incolumis
1225 3298 1364 3371 serviique
1374 3299 1512 3355 mansuro
1527 3298 1626 3354 noeirs.

779 3439 884 3496 eleut
903 3440 993 3496 XVlll.

615 3574 653 3634 lie
671 3573 887 3651 purificatione
906 3574 1001 3649 funali
1021 3575 1165 3650 ejtrrdem.

56 3709 173 3782 Spiritus
188 3710 298 3767 hostilis
308 3711 470 3783 praedictum
484 3711 667 3767 barbilianum

62 3801 184 3861 lastabat
195 3804 325 3869 lundam,
336 3805 481 3862 simulatus
498 3816 644 3862 stemmate
653 3813 774 3872 taurum,

62 3895 158 3955 dorius
171 3898 303 3973 agricolis
317 3900 432 3964 instans,
445 3916 477 3956 ac
487 3899 578 3957 ironic
593 3899 721 3976 fatigans,

66 3987 257 4064 cusodesque,
270 3992 411 4067 bovesque
424 3994 483 4050 suis
495 3994 668 4066 praesepibus
681 4009 792 4058 arcens;

68 4075 193 4152 dispersis
206 4080 352 4138 allisanus
366 4090 470 4139 terrore
481 4081 618 4138 bubulcus

67 4167 139 4230 letus
153 4174 212 4230 adit
224 4175 378 4232 monachos
391 4174 526 4247 trepidus,
544 4191 601 4230 rem
618 4174 741 4247 pandere
758 4174 842 4248 gestit
858 4192 865 4241 ;

65 4254 133 4322 ¹uter
145 4273 174 4323 et
185 4265 336 4332 effandum,
348 4276 430 4339 rupto
440 4283 582 4336 sermone,
597 4267 703 4323 recedit

63 4349 219 4427 irrugiens,
239 4357 418 4431 dominisque
431 4359 507 4414 celer
520 4358 684 4414 mirantibus
693 4357 759 4412 exit.

62 4437 135 4505 flauo
148 4450 216 4507 dein
230 4451 342 4507 rediens
356 4451 472 4524 pecudis
482 4468 514 4507 se
528 4452 642 4507 herrore
655 4448 777 4525 iugatum

916 3713 1073 3769 infestantis
1087 3714 1125 3770 ait
1138 3719 1194 3770 tota
1208 3714 1367 3770 discrimina
1383 3721 1463 3771 nocte

915 3802 1029 3858 Fervida
1040 3818 1070 3858 se
1085 3818 1207 3874 passum,
1224 3802 1310 3877 mergi
1324 3810 1355 3858 nt
1367 3803 1403 3859 de
1415 3809 1498 3876 ponte
1514 3810 1656 3875 renutans,

916 3896 1037 3971 Fugerit,
1050 3906 1133 3969 atquc
1144 3897 1212 3952 aviis
1225 3897 1297 3952 inter
1309 3897 1451 3953 molimina
1464 3899 1572 3969 prensis

916 3991 1059 4046 Portarum
1079 3989 1208 4045 claustris
1219 3989 1305 4045 tuitus
1319 3990 1354 4045 sit
1369 3990 1489 4062 praesule
1503 3992 1633 4063 quodam.

917 4084 978 4153 lpse
992 4096 1103 4154 quoque
1117 4097 1256 4152 apparens
1265 4081 1374 4137 cuidam
1386 4097 1436 4153 per
1450 4082 1508 4138 risa
1522 4098 1634 4139 suorum

917 4171 1074 4244 Gregorius,
1086 4170 1142 4227 ruri
1155 4170 1331 4227 benedictam
1344 4172 1469 4246 spargier
1480 4172 1582 4228 undam

918 4264 1055 4337 precipit,
1070 4271 1098 4320 et
1111 4264 1183 4320 laeto
1197 4263 1276 4320 labes
1285 4264 1374 4320 invisa
1385 4281 1508 4332 recessu,

917 4357 999 4413 Fines
1007 4355 1067 4412 visa
1081 4355 1154 4411 dein·
1165 4370 1275 4431 gyrare,
1292 4355 1394 4412 intrare
1409 4373 1461 4413 nec
1475 4373 1580 4412 ausam.

791 4581 895 4638 CAPUT
916 4581 986 4636 Xlll.

636 4715 674 4774 lie
695 4716 811 4774 vicione
836 4710 980 4787 Tetqondi
997 4709 1137 4786 episcopi.

68 4842 216 4928 letgaudns
225 4851 338 4924 quidam
354 4852 463 4923 praesul,
477 4850 599 4923 privatus
611 4852 726 4916 bonore,

71 4935 173 5000 lamam
189 4943 298 5012 adiens,
308 4944 361 5000 boc
377 4944 526 5015 hospitium
541 4945 683 5015 prebente
695 4943 798 4998 subivit

72 5030 204 5102 (canobio,
216 5051 305 5107 papa;
321 5035 366 5092 eui
378 5037 470 5092 aomm
485 5051 571 5106 pauca
583 5034 714 5091 trahenti.

10 5152 13 5159 ·
70 5123 139 5183 lisns
154 5127 254 5183 adesse
264 5135 353 5200 pater,
366 5126 579 5199 minitantiaque
591 5126 674 5182 edere
684 5125 779 5194 jussa:

68 5214 141 5272 Exeat
156 5222 241 5289 atque
253 5215 307 5273 cito
322 5231 476 5289 properans
493 5232 544 5272 sua
559 5227 637 5288 septa
652 5215 795 5288 relinquat.

64 5303 200 5361 incutitur
213 5305 316 5373 stratis,
334 5311 403 5374 orat,
420 5307 612 5379 phantasmata
626 5314 711 5369 retur,

60 5398 147 5471 lique
162 5398 262 5455 iterum
276 5397 389 5466 dormit;
410 5414 505 5455 rursus
522 5408 602 5472 pater
619 5397 746 5454 imminet
764 5404 867 5460 astans,

60 5488 216 5548 Poutilicali
233 5491 344 5548 habitu:
368 5514 379 5543 r
401 5491 508 5549 Nostris
524 5491 675 5548 abscedere
689 5489 818 5547 claustris

59 5582 118 5640 llon
135 5583 249 5657 (inquit)
257 5585 330 5655 jussi
343 5584 458 5641 domino
468 5600 530 5656 quae
544 5583 610 5640 dote
625 5582 714 5639 dicavi

59 5671 199 5745 Principis
213 5673 338 5729 andraeae
353 5689 415 5745 quae
430 5673 582 5730 diversoria
601 5670 712 5728 nolim?
734 5696 746 5716 a

879 4856 905 4923 Ι)
920 4846 967 4901 lile
982 4843 1076 4900 lereus
1090 4858 1106 4895 a
1121 4839 1253 4913 pontifice
1268 4841 1327 4898 haee
1340 4841 1392 4897 sibi
1409 4839 1474 4912 jura
1487 4838 1620 4900 manendi

920 4941 1011 5008 Gessa,
1025 4940 1098 5011 capit
1111 4939 1240 4994 mulctam
1257 4937 1362 4995 Christo
1378 4939 1516 5011 plectente
1526 4941 1577 4997 sub
1593 4944 1653 5013 ipso

920 5031 1084 5101 Sumpturos
1098 5035 1152 5084 tam
1167 5029 1214 5102 qui
1224 5029 1315 5102 petiit,
1331 5046 1412 5102 quarn
1429 5030 1476 5103 qui
1492 5029 1571 5087 dedit
1583 5048 1672 5098 anno;

921 5124 1047 5180 intremit
1060 5122 1205 5197 evigilans,
1216 5123 1287 5179 lacta
1301 5138 1393 5194 prece,
1409 5124 1526 5180 reddere
1541 5139 1638 5180 somno

921 5217 955 5273 So
971 5224 1068 5285 tentat,
1084 5217 1262 5289 sonitumque
1277 5226 1392 5289 repente
1404 5217 1478 5289 capit
1490 5216 1657 5272 subeuntum

922 5313 1039 5378 limina,
1050 5312 1130 5369 valde
1140 5328 1244 5385 pavens
1253 5311 1389 5387 tingitque
1403 5327 1502 5383 sapore
1515 5319 1655 5385 gravatum

921 5401 1084 5477 ingrediens
1098 5402 1136 5458 ita
1150 5402 1308 5477 Gregorius,
1323 5401 1502 5474 dextramque
1518 5400 1639 5457 tenendo

920 5493 1054 5562 Andreae,
1068 5495 1237 5567 appropians
1251 5493 1330 5553 latori
1348 5492 1462 5551 luminis
1476 5490 1585 5564 linquit}

923 5603 934 5632 ι
956 5582 1256 5656 Corripeprostratum.
1277 5604 1289 5635 ι
1314 5577 1543 5653 correptusatitte
1553 5577 1673 5636 resedit:

925 5694 936 5723 e
958 5673 1055 5744 llspice
1070 5674 1250 5743 noslsanctus
1266 5671 1398 5743 trepido),
1408 5669 1474 5743 quia
1487 5667 1532 5725 bis
1544 5686 1606 5727 mea
1620 5670 1693 5728 dicta
