3840 6106
147 279 204 334 aot

781 281 948 340 EPlSTOLAE
967 285 1008 339 ET
1028 285 1185 340 uscham.

1766 288 1820 344 958

149 423 212 463 esse
222 406 414 481 cognovimus,
442 422 491 477 per
516 409 569 465 hoc
596 416 719 465 nostrum
735 426 751 466 a
765 417 842 482 parte
856 419 959 468 sancta
971 418 996 486 Α
1010 412 1145 480 eratione,
1173 421 1202 468 et
1226 412 1406 469 investitione
1430 420 1532 468 sanctae
1561 413 1690 469 Ecclesiae
1703 420 1731 468 et
1743 413 1820 468 sedis

129 499 280 560 ‚Romanae
302 496 431 552 Ecclesiae
446 497 520 554 beati
547 499 620 554 Petri
643 500 759 570 apostoli
786 500 814 555 in
829 503 960 573 praedicts

96 640 99 644 .
150 593 248 643 sancta
261 586 429 642 ferrariensi
456 587 575 643 eeclesia
600 587 673 644 beati
697 589 817 661 Georgii,
832 591 960 646 similiter

150 692 242 733 coram
251 675 359 732 cunctis
372 675 534 730 astantibus
547 683 574 731 et
586 676 744 733 videntibus
762 677 959 737 confirmamus

150 775 329 840 praeceptum,
358 783 478 822 massam
505 768 636 825 videlicet
663 770 848 827 babilonicam
872 772 956 841 illam,

150 879 212 935 quae
238 869 350 918 vocatur
374 861 508 928 Ferraria,
529 861 557 916 in
574 879 629 934 qua
644 864 703 934 ipsa
722 872 818 921 sancta
840 866 958 924 ecclesia

151 952 224 1007 beati
248 950 358 1026 Georgii
379 949 432 1005 sita
446 958 475 1007 et
495 960 656 1008 consecrata
675 960 717 1008 est
731 969 794 1009 cum
808 955 957 1012 duodecim

151 1042 244 1097 lundis
254 1042 313 1096 suis
328 1059 335 1108 ;
352 1040 474 1097 cnialias
488 1057 586 1097 omnes
600 1058 706 1099 massas
721 1045 844 1101 minores
856 1048 959 1119 positas

152 1133 224 1189 inira
238 1139 362 1190 nostrum
377 1133 505 1189 ducatum
520 1140 548 1189 et
571 1136 733 1191 comitatum
756 1137 959 1196 Ferrariensem

130 1240 214 1313 ,cnm
234 1223 312 1279 omni
336 1223 494 1291 obedientia
517 1231 545 1279 et
569 1225 714 1284 securitate
740 1226 921 1301 subiugamus
950 1247 958 1296 ;

151 1333 267 1372 massam
292 1317 399 1373 scilicet
425 1323 453 1372 et
480 1317 567 1389 ripam
598 1317 772 1388 Pullariolus,
798 1338 859 1378 cum
889 1324 960 1380 duo

151 1410 242 1465 decim
258 1409 352 1466 lundis
378 1413 445 1474 suis,
476 1419 504 1469 et
527 1428 645 1468 massam
675 1413 960 1474 Constantiacnscum

153 1497 301 1553 duodecim
316 1498 410 1554 lundis
424 1500 492 1568 suis,
508 1508 536 1556 et
550 1518 668 1557 massam
687 1505 883 1574 quartisianam
897 1524 960 1565 cum

153 1589 302 1645 duodecim
317 1587 409 1646 lundis
429 1591 488 1647 suis
498 1599 539 1659 ;et
560 1608 678 1648 massam
692 1595 798 1652 boncro
809 1613 872 1653 cum
887 1598 960 1654 duo·

151 1680 241 1735 decim
266 1680 360 1737 lundis
384 1683 465 1749 suis;
484 1684 580 1756 sicque
610 1701 727 1741 massam
756 1688 884 1745 Petrieuli
898 1707 960 1746 cum

151 1769 299 1850 duodecim
321 1769 414 1826 lundis
442 1773 500 1828 suis
515 1791 523 1840 3
538 1781 565 1828 et
593 1791 710 1830 massam
727 1776 958 1848 Popularis·cum

152 1862 300 1918 duodecim
320 1861 414 1918 lundis
428 1865 505 1931 suis;
527 1865 657 1921 similitor
678 1885 796 1925 massam
813 1871 915 1941 Curuli,
932 1880 960 1929 et

147 1974 267 2013 massam
282 1958 493 2030 Salcctumlcum
511 1961 609 2036 triginti
632 1970 751 2035 quatuor
770 1965 863 2022 lundis
876 1968 958 2035 suis;

147 2055 303 2104 etmassam
322 2049 489 2117 Scneticam,
518 2058 546 2106 et
571 2052 746 2110 castilionem
779 2071 841 2111 cum
867 2058 958 2112 omui-

148 2138 201 2192 bus
230 2136 324 2192 lundis
351 2138 409 2192 suis
424 2155 432 2202 ;
448 2139 577 2195 similiter
605 2149 633 2195 et
656 2157 774 2197 massam
790 2144 957 2200 Firmianum

146 2227 352 2284 cumomnibus
375 2227 479 2296 lundis,
498 2236 527 2284 et
551 2230 728 2301 pertinentiis
743 2233 810 2290 suis.
826 2234 877 2289 llas
891 2235 957 2306 qui-

145 2320 211 2374 dem
227 2336 325 2376 omnes
339 2337 443 2377 thassus
454 2339 518 2379 cum
533 2324 781 2395 omnibusjuribus
796 2329 850 2385 sibi
871 2331 958 2401 perti-

147 2409 289 2472 nentibus,
305 2410 402 2466 sicula
416 2413 520 2468 sanctis
535 2414 637 2470 nostris
651 2417 817 2487 supradictis
831 2429 958 2475 anteces-

146 2501 259 2557 soribus
278 2502 307 2557 in
326 2502 439 2574 praelata
451 2515 546 2561 sancta
560 2507 728 2564 l'errariensi
744 2512 863 2567 ccclesia
884 2514 957 2570 beati

145 2590 258 2665 Georgii
277 2589 404 2665 largitum
429 2592 489 2649 lore
520 2597 723 2671 cognovimus:
742 2598 780 2654 ita
799 2607 826 2655 et
841 2616 891 2657 nos
907 2619 958 2674 per

147 2684 201 2738 hoe
217 2692 351 2751 nostrum,
366 2686 438 2741 sicut
452 2703 536 2758 supra
555 2688 657 2743 dictum
683 2698 734 2756 est,
751 2691 779 2746 in
794 2700 889 2748 sancta
904 2710 957 2750 no-

147 2784 206 2831 stra
220 2776 350 2844 ecclesia,
371 2786 398 2833 et
413 2778 462 2833 tibi
484 2779 616 2851 praedicto
628 2781 742 2839 llartino
770 2785 912 2856 confratri,
929 2797 957 2847 et

146 2870 282 2941 episcopo
304 2879 408 2938 nostro,
430 2879 458 2927 el
481 2874 689 2930 successoribus
712 2876 766 2931 tuis
782 2877 853 2934 inira
869 2888 955 2937 totum

143 2962 275 3017 ducatum
289 2972 372 3034 atque
386 2963 558 3031 comitatum,
580 2973 607 3020 et
620 2967 812 3040 episcopatum
830 2979 954 3028 nostrum

144 3049 350 3106 l'errariensem
374 3051 402 3106 in
417 3052 534 3125 singulis
550 3056 658 3122 massis,
673 3057 954 3129 ecclesias,clericos‚

144 3143 331 3214 presbyteros,
347 3145 478 3201 diaconos
490 3145 621 3202 ordinare
635 3157 664 3203 et
677 3163 850 3207 consecrare.
868 3153 957 3225 Super

119 3260 127 3271 ·
144 3241 204 3295 haec
212 3240 325 3312 quidem
341 3241 443 3310 omnia,
459 3243 590 3299 omnibus
604 3252 658 3299 tam
674 3248 859 3317 praesentibus
872 3267 954 3323 quarn

143 3330 318 3399 absentibus,
348 3343 442 3389 notum
471 3333 532 3389 ficri
552 3335 691 3405 volumus,
722 3355 771 3410 per
794 3342 954 3410 pradictum

144 3423 335 3495 episcopatum
350 3424 565 3495 Ferrariensem,
577 3435 604 3483 et
626 3430 772 3486 ecclesiam
789 3431 816 3486 S.
832 3432 954 3509 Georgii,

146 3520 175 3568 et
189 3519 217 3568 tc
232 3512 376 3569 llartinum
391 3513 563 3585 episcopum,
577 3522 695 3589 tuosque
718 3516 825 3574 futuros
839 3534 955 3575 succes·

145 3617 236 3669 corcs,
256 3603 412 3673 episcopos,
440 3610 586 3676 utramque
626 3607 783 3677 parochiam
808 3618 953 3681 perpetuo.

146 3696 219 3752 sicut
231 3696 387 3766 'supradicti
416 3697 502 3751 nostri
527 3703 718 3755 antecessores
746 3699 902 3757 habuerunt
928 3709 956 3758 et

145 3796 296 3842 tenuerunt
315 3787 342 3841 in
362 3803 414 3842 suo
434 3787 559 3843 dominio
579 3808 587 3851 t
619 3789 655 3844 ita
685 3796 711 3845 ct
728 3806 778 3848 nos
792 3792 906 3864 injure,
929 3800 956 3848 ct

144 3877 281 3945 dominio,
297 3879 611 3955 seuprivilegiosanctae
633 3889 733 3938 nostrae
757 3885 886 3940 Romana
902 3886 955 3942 Ec-

145 3967 325 4024 clesiaebeati
348 3968 419 4024 Petri
436 3970 565 4040 apostoli,
581 3980 608 4026 et
621 3980 715 4029 nostro
744 3980 956 4046 nostrorumque

144 4077 338 4118 successorum
365 4077 476 4133 semper
497 4069 635 4119 tenemus.
659 4065 691 4120 Ul
715 4065 738 4119 si
765 4080 875 4136 semper
900 4065 953 4121 sub

145 4159 240 4209 nostra
250 4152 397 4220 electione,
410 4153 596 4220 ordinatione,
608 4154 794 4222 investitione,
808 4163 836 4210 et
859 4171 955 4211 conse·

145 4245 281 4315 oratione,
296 4252 324 4300 et
339 4245 478 4302 districtu.
494 4245 524 4300 tt
539 4260 594 4301 non
610 4246 690 4302 liceat
714 4262 834 4318 unquam
850 4248 955 4303 nemini

147 4343 183 4397 de
199 4341 254 4397 tuis
271 4341 480 4397 successoribus
494 4340 602 4408 luturis,
619 4341 757 4416 eligendis
773 4342 800 4397 in
818 4342 879 4414 ipso
894 4343 955 4415 epi-

145 4434 242 4504 scopio
259 4435 399 4506 episcopis
412 4433 446 4488 ad
461 4432 564 4488 nullius
574 4432 957 4508 electionemnequeinvesti-

144 4524 251 4581 tionem
279 4524 322 4579 vel
348 4524 583 4580 consecrationem
610 4524 658 4589 ire,
689 4524 743 4579 nisi
770 4524 804 4579 ad
834 4531 954 4581 nostram

143 4614 347 4671 sanctissimam
362 4615 457 4669 sedem
473 4614 622 4671 Romanam
643 4621 671 4670 ct
684 4615 863 4684 apostolicam
879 4616 954 4672 beati

145 4704 219 4761 Petri
240 4704 359 4776 apostoli
380 4710 594 4776 nostrorumque
617 4721 811 4761 successorum
829 4724 837 4773 ;
853 4716 881 4762 et
896 4722 953 4762 non

143 4798 228 4855 liceat
254 4797 359 4854 nemini
385 4807 542 4853 nostrorum
570 4814 775 4864 successorum,
802 4799 844 4855 vel
872 4800 954 4856 alicui

146 4887 226 4963 regni
242 4902 348 4960 maguae
358 4901 495 4957 personae,
523 4886 712 4960 regisscilicet
731 4888 774 4943 vel
790 4888 879 4955 ducis,
889 4889 953 4960 cpi·

146 4977 224 5047 scopi
252 4992 342 5047 neque
368 4976 582 5047 archiepiscopi,
598 4977 672 5032 huuc
687 4976 828 5047 praelatum
845 4981 954 5052 episco-

146 5088 214 5144 pum
229 5078 256 5128 ct
271 5072 415 5127 ecclesium
436 5071 525 5127 sancti
549 5071 667 5145 Georgii,
693 5087 784 5144 nequo
808 5075 955 5146 episcopos

144 5161 311 5222 adominio,
328 5167 356 5216 et
368 5161 441 5230 iure,
458 5168 486 5216 ct
507 5159 655 5228 electione,
671 5161 861 5232 ordinatione,
877 5164 956 5221 inte-

144 5254 268 5321 stitione,
290 5253 511 5319 consccratione,
537 5252 665 5308 districtu
695 5263 797 5310 sanctae
825 5256 954 5314 Romanae

147 5349 275 5404 Ecclesiae
290 5349 363 5405 beati
385 5349 455 5404 Petri
474 5347 592 5421 apostoli
608 5364 746 5420 separare.
774 5351 800 5406 Si
818 5368 956 5424 quaevcro

118 5453 265 5511 ,persona
291 5440 373 5510 hujus
395 5441 481 5496 nostri
510 5441 600 5512 regni,
625 5440 700 5515 regis
712 5443 754 5497 vel
769 5442 857 5510 ducis,
873 5461 956 5515 parva

143 5529 188 5584 ael
198 5545 308 5605 magna,
325 5531 396 5587 hanc
410 5530 597 5602 supradictam
612 5537 733 5585 nostram
750 5530 954 5589 Ferrarlensem

144 5626 424 5682 sanctamecclesiam
450 5627 521 5682 beati
544 5626 653 5702 Georgii
681 5627 772 5698 ajure
787 5634 814 5684 et
830 5628 955 5686 dominio

143 5721 173 5770 et
183 5722 322 5787 potestate
332 5717 528 5791 episcoporum
551 5733 676 5786 suorum,
692 5718 840 5787 electione,
853 5734 955 5778 conse·

1010 505 1139 562 llomanae
1149 505 1222 561 beati
1240 505 1310 560 Petri
1322 505 1439 576 apostoli
1453 505 1635 576 separaverit,
1650 503 1694 559 vel
1708 504 1818 560 aliena-

1009 597 1089 664 verit,
1114 605 1160 652 aut
1184 597 1207 652 si
1236 597 1271 652 de
1299 586 1429 652 om'nibns
1452 612 1513 668 quae
1540 612 1555 652 a
1585 595 1818 652 sanctaltomaua

1010 684 1131 740 Ecclesia
1144 684 1198 740 sibi
1209 692 1274 741 sunt
1287 685 1350 740 data
1366 691 1393 740 et
1405 685 1504 740 tradita
1519 684 1676 739 diminuere
1697 683 1740 739 vel
1755 699 1816 740 mo·

1009 777 1107 832 lestare
1120 775 1238 831 tentabit
1253 775 1308 830 ullo
1336 774 1429 840 medo,
1453 775 1496 830 vel
1516 775 1630 848 ingenio
1649 790 1772 846 unquam
1787 775 1816 829 in

1009 868 1102 941 aliquo
1116 876 1239 938 tempore
1262 866 1444 922 anathematis
1468 867 1578 922 vinculo
1607 873 1713 938 aparte
1728 866 1820 922 omni·

1010 958 1129 1030 potentis
1144 957 1203 1024 bei,
1232 964 1259 1012 et
1278 957 1365 1012 beatae
1381 955 1495 1032 virginis
1511 955 1611 1020 hieriae,
1626 962 1653 1010 et
1673 955 1817 1011 bealorum

1010 1045 1195 1117 apostolorum
1212 1045 1285 1100 Petri
1305 1051 1332 1101 et
1358 1043 1445 1111 Pauli,
1461 1052 1489 1100 et
1502 1044 1624 1099 omnium
1648 1050 1818 1108 sanctorum,

1010 1145 1039 1193 ct
1054 1145 1145 1193 costra
1173 1144 1305 1208 perpetuo
1332 1137 1486 1212 alligamus
1517 1137 1560 1192 cui
1583 1150 1681 1190 omncs
1703 1135 1748 1206 qui
1770 1136 1820 1190 ad-

1010 1235 1088 1282 erant
1103 1227 1142 1281 ibi
1158 1227 1359 1299 responderunt
1374 1225 1499 1282 dicentes
1514 1243 1520 1279 ε
1536 1225 1604 1291 Fiat,
1619 1223 1675 1279 siat.
1697 1224 1817 1288 Quorum

1010 1315 1124 1371 nomina
1147 1322 1212 1370 suut
1242 1314 1287 1370 hic
1298 1314 1327 1369 iu
1349 1323 1427 1386 parte
1449 1313 1598 1385 descripta,
1614 1312 1642 1367 id
1657 1323 1699 1368 cst
1713 1313 1741 1367 in
1757 1312 1817 1383 pri·

1011 1407 1080 1462 mis:

1047 1497 1178 1552 llartinus
1200 1496 1462 1568 episcopussanctae
1485 1494 1655 1550 Sutrinensis
1680 1494 1818 1561 Ecclesiae,

1046 1590 1128 1646 Wido
1139 1589 1286 1660 episcopus
1296 1588 1561 1644 sanctaeSersenatis
1576 1586 1715 1643 Ecclesia.

1047 1678 1064 1732 J
1067 1677 1326 1747 oannesepiscopus
1337 1683 1438 1732 sanclae
1451 1676 1636 1731 Cornelicnsis
1646 1673 1781 1731 Ecclesia.

1048 1772 1113 1826 huic
1137 1767 1367 1842 protoscrinarius
1393 1775 1421 1824 et
1444 1768 1628 1840 apocrisarius
1641 1775 1743 1822 sancta
1764 1765 1819 1821 lto-

1010 1880 1098 1920 mauae
1114 1863 1254 1918 Ecclesia.

1045 1954 1166 2009 loannes
1176 1952 1231 2007 dux
1245 1950 1324 2006 urbis
1334 1951 1439 2013 Romae,
1450 1949 1497 2022 qui
1513 1956 1625 2005 vocatur
1639 1946 1816 2002 Gambaruto.

1045 2045 1200 2116 Stephanus
1214 2043 1364 2098 iniculator
1377 2041 1564 2096 urbisllomm.

1044 2139 1100 2195 Nec
1109 2155 1165 2194 uon
1180 2138 1281 2193 Paulus
1294 2137 1432 2212 gloriosus
1442 2136 1538 2205 judex.

1044 2229 1200 2304 Vigojudex
1215 2226 1408 2283 ferrariensis-

1043 2321 1139 2375 Petrus
1154 2319 1262 2375 delitus
1275 2319 1356 2374 istius
1371 2316 1490 2373 civitatis
1506 2316 1653 2371 llarcnnae.

1043 2413 1165 2468 loannes
1179 2411 1287 2467 dativus
1295 2409 1487 2465 Ferrariensis.

1044 2501 1098 2557 Leo
1111 2500 1220 2555 dativus
1228 2500 1262 2554 dc
1278 2498 1388 2554 civitate
1408 2496 1549 2553 Faventia.

1043 2593 1140 2649 Petrus
1153 2602 1180 2648 et
1190 2592 1348 2664 Stephanus
1362 2590 1445 2646 dativi
1461 2590 1566 2645 Ferrar.

1044 2689 1139 2745 Petrus
1155 2703 1257 2744 comes.

1029 2782 1190 2849 Garardus,
1206 2789 1235 2836 et
1249 2781 1378 2835 ilirardus
1392 2780 1426 2833 do
1440 2777 1599 2834 comitibus.

1042 2879 1201 2941 rlrdcralus,
1217 2884 1245 2932 et
1260 2874 1423 2931 [lambertus
1433 2871 1557 2950 germani
1570 2869 1717 2926 comitibus

1042 2968 1164 3023 loannes
1178 2966 1233 3021 dux
1248 2965 1418 3020 dellomano

1040 3064 1162 3119 loannes
1177 3069 1205 3118 ct
1220 3061 1370 3115 llmcricus
1383 3055 1507 3134 germani
1521 3054 1570 3108 dlii
1584 3055 1634 3108 sui.

1042 3151 1142 3206 Paulus
1157 3158 1185 3205 ct
1199 3149 1296 3204 Petrus
1309 3148 1429 3204 ducibus
1441 3143 1608 3203 lravesarie.

1042 3243 1138 3298 Petrus
1152 3240 1226 3296 lilius
1241 3240 1294 3312 ipsi
1305 3239 1393 3295 Pauli.

1042 3333 1211 3391 llomualdus
1230 3333 1295 3388 dux.

1042 3423 1143 3478 Paulus
1155 3420 1228 3476 lilius
1243 3419 1392 3475 vitabiani.

1041 3517 1163 3573 loannes
1173 3513 1270 3570 consul
1279 3519 1306 3567 ct
1321 3511 1463 3582 patricius.

1043 3609 1175 3666 lleraldus
1191 3606 1264 3662 lilius
1276 3605 1377 3661 laraldi
1388 3621 1421 3660 ex
1436 3621 1539 3678 genere
1555 3606 1668 3662 ducum.

1042 3704 1197 3760 atelbertus
1211 3709 1238 3758 el
1248 3701 1360 3777 Sergius
1374 3701 1496 3774 germani
1513 3701 1631 3756 ducibus

1042 3797 1166 3852 Andreas
1180 3793 1253 3848 filius
1265 3792 1405 3865 quondam
1421 3792 1532 3849 amabil.
1550 3791 1659 3848 dativus

1042 3887 1193 3945 Deusdedit
1208 3885 1242 3940 de
1258 3886 1343 3940 Ponte
1358 3885 1491 3960 Augusto.

1043 3979 1163 4036 Gasirins
1176 3977 1249 4033 filius
1261 3974 1378 4033 loannis
1392 3974 1525 4032 consulis.

1040 4072 1134 4127 vitalis
1146 4072 1181 4126 de
1192 4070 1281 4127 liuto.

1040 4161 1161 4217 loannes
1182 4166 1209 4214 ct
1231 4158 1324 4214 luicio
1349 4155 1484 4232 germani,
1517 4154 1566 4209 lilii
1580 4153 1722 4226 quondam
1739 4154 1814 4209 elna-

1005 4251 1081 4309 stasii
1098 4248 1228 4305 consulis.

1043 4344 1193 4402 leotarius.

1043 4435 1139 4490 Petrus
1154 4433 1188 4486 de
1203 4430 1284 4487 lllalo.

1043 4524 1191 4581 Mauricius
1205 4522 1292 4594 Spaza
1307 4520 1427 4576 inferno.

1043 4617 1138 4673 Vitalis
1152 4615 1227 4671 iilius
1239 4612 1335 4670 Vitalis
1353 4612 1387 4667 dc
1401 4610 1505 4666 hiarino

1127 4710 1163 4762 lle
1177 4704 1367 4761 tabellionibus
1381 4703 1471 4755 autem
1491 4699 1561 4753 cives
1575 4700 1694 4763 honen-o.

1040 4797 1160 4852 loannes
1176 4794 1273 4851 consul
1287 4794 1321 4848 de
1332 4789 1455 4857 tabellio,
1475 4787 1523 4860 qui
1536 4793 1649 4843 vocatur
1668 4786 1740 4843 Uter.

1041 4884 1329 4960 Stephanustabellio.

1040 4978 1199 5036 Dominicus
1214 4974 1336 5042 tabellio,
1350 4971 1534 5047 llppollinaris
1549 4969 1670 5036 tabellio,

1042 5071 1153 5147 Sergius
1167 5067 1289 5134 tabellio,

1237 5163 1274 5214 Dc
1296 5157 1465 5213 cancellariis
1480 5158 1579 5209 caten.

1042 5253 1136 5310 vitalis
1147 5250 1328 5309 cancellarius

1043 5345 1175 5402 llartinus
1186 5341 1370 5400 cancellarius
1384 5346 1411 5395 et
1425 5350 1543 5392 sarsore.

1042 5439 1096 5493 beo
1108 5435 1302 5493 cancellarius.

1042 5534 1135 5589 Sarius
1145 5533 1180 5587 de
1194 5531 1329 5587 cisterno.

1041 5626 1201 5682 Dominicus
1224 5631 1252 5681 et
1279 5617 1436 5679 bernardus
1462 5612 1625 5673 cancellarii
1652 5612 1688 5668 de
1713 5610 1813 5667 arbore

1005 5718 1149 5775 Gaudenti.
1160 5716 1208 5773 lsti
1225 5729 1324 5773 omnes
1333 5713 1368 5769 de
1381 5709 1492 5769 civitate
1502 5703 1655 5777 Ravenna!
