3840 6106
66 251 105 308 bb
404 244 568 304 bustuale
586 243 753 302 sceleste
771 242 936 300 REllENSlS
954 243 1044 300 blunt
1062 243 1227 310 uultuou.
1239 275 1274 289 -
1293 246 1359 307 uto.
1379 244 1389 302 Ι
1703 250 1739 306 66

69 393 134 435 meo
147 377 243 434 labore
257 375 402 443 constitui,
416 377 468 433 snb
484 392 518 432 ea
529 376 689 433 conditione
695 373 881 447 utapartibns
892 386 916 447 Α
929 375 997 440 moi,
1014 374 1088 447 Lupe
1106 375 1248 448 episcope,
1271 384 1298 433 et
1314 378 1440 452 Agricola
1470 381 1623 455 presbyter,
1638 403 1739 459 porcos

68 472 139 538 suia,
154 469 284 527 omnibns
298 468 399 524 dicbus
413 468 491 524 iestis
518 485 551 524 nc
572 469 723 525 Dominicis
741 481 793 539 pro
803 480 882 522 com·
935 482 1015 524 meos
1029 467 1101 524 inter
1115 482 1164 524 vos
1173 469 1317 541 equaliter
1330 471 1472 529 dividetis.
1484 475 1640 557 Friaredus,
1655 495 1738 551 quom

69 559 270 615 memoratione
285 573 348 612 mea
362 557 448 612 sacris
462 556 595 613 altaribus
608 556 741 613 offeratur
751 555 858 612 oblatio
874 556 884 592 ³
935 556 1366 629 neoccidereturquatuordecim
1381 562 1478 617 solidis
1491 567 1739 636 comparavi,duos

69 659 97 704 et
107 647 340 704 laudunensibus
362 646 532 718 presbyteris
551 654 635 720 atque
649 645 815 703 diaconibus
829 660 882 701 an·
933 662 1082 704 concessos
1099 648 1210 716 habeat,
1225 650 1373 706 duodecim
1383 652 1430 707 det
1444 652 1612 712 adbasilicae
1623 656 1741 715 domno-

69 755 123 795 nna
142 738 280 801 convivia,
296 736 880 809 111111111111111111111111111111111.[11111
931 753 992 792 rum
1007 746 1161 810 martyrum
1185 738 1321 795 Timothei
1349 749 1377 796 et
1406 742 1572 812 Apollinaris
1599 762 1737 804 cameram

68 835 195 891 ecelesiae
211 834 387 891 laudunensi
408 850 443 889 ex
456 834 530 889 uillis
544 849 613 907 quas
631 831 700 887 mihi
722 838 882 886 1111111111-
930 826 1095 893 taciendam.
1109 828 1171 885 llaec
1199 828 1235 885 ita
1256 830 1302 884 do.
1329 830 1366 884 ita
1392 830 1465 901 lego,
1479 830 1518 886 ita
1531 839 1625 890 testor.
1641 836 1738 893 Ceteri

67 927 239 984 cordationis
253 926 382 998 prefatus
391 943 438 983 rex
452 926 606 983 ludovicus
615 923 704 990 dedit,
717 923 795 988 duas,
811 920 879 976 Ani·
930 928 1027 971 omnes
1036 916 1196 972 exheredes
1210 924 1309 986 estote,
1320 924 1441 974 suntote.

66 1017 185 1085 siacum,
200 1014 362 1087 solidosque
389 1015 485 1070 decem
508 1023 536 1070 et
550 1020 623 1077 octo,
639 1027 710 1084 quos
725 1009 879 1082 presbyteri
968 1006 1059 1063 ‹lluic
1072 1015 1164 1064 autem
1179 1015 1345 1066 testamento
1358 1025 1421 1067 meo
1440 1011 1521 1067 dolus
1545 1014 1634 1070 malus
1649 1016 1739 1078 abest.

69 1103 216 1161 etdiaconi
248 1103 321 1159 inter
348 1119 378 1159 sc
401 1104 499 1175 aeqnali
533 1102 670 1160 diuisione
699 1099 878 1156 distribuant.
929 1097 1075 1170 aberitque
1089 1100 1117 1155 in
1132 1116 1188 1172 quo
1198 1100 1222 1156 si
1233 1118 1288 1173 que
1303 1101 1397 1168 litura,
1423 1103 1467 1159 vel
1481 1112 1643 1161 caraxatura
1658 1109 1742 1164 luerit

69 1194 178 1248 Partem
195 1208 284 1248 meam
299 1193 334 1248 de
344 1192 423 1249 Secio
447 1207 480 1247 cx
495 1191 604 1267 integro
618 1189 652 1245 ad
668 1205 698 1245 se
717 1194 881 1245 revocetec·
929 1186 1051 1255 inventa,
1063 1187 1134 1245 lacta
1149 1195 1190 1245 est
1203 1205 1250 1245 me
1274 1201 1422 1262 presente,
1438 1192 1503 1248 dum
1518 1209 1534 1249 a
1549 1210 1593 1250 me
1607 1195 1742 1271 relegitur

71 1286 155 1343 clesia
170 1285 372 1352 bardunensis,
382 1292 410 1342 ot
419 1284 583 1350 lauscitam,
594 1299 678 1355 quarn
692 1281 761 1337 mihi
778 1278 880 1337 charis·
929 1283 958 1330 et
971 1276 1136 1334 emendatur
1156 1277 1255 1350 Neque
1276 1279 1302 1334 ci
1316 1280 1372 1336 duo
1387 1279 1480 1351 priora
1492 1288 1667 1351 testamenta,
1683 1285 1741 1355 pri-

71 1381 140 1434 sima
155 1376 213 1432 filia
225 1382 253 1432 et
266 1391 346 1433 soror
364 1391 436 1446 mea,
463 1376 610 1447 virgoque,
626 1383 656 1429 111
669 1372 763 1439 credo,
780 1369 879 1426 Christi
929 1383 1004 1423 mum
1025 1370 1138 1441 quidem
1153 1371 1228 1442 quod
1247 1380 1310 1428 ante
1336 1374 1556 1444 quatuordeeim,
1570 1384 1597 1432 et
1615 1378 1737 1434 alterum
1781 1366 1786 1377 ’

72 1465 247 1522 sanctissima
268 1463 416 1532 Genovela,
441 1464 471 1518 in
488 1463 586 1519 usibus
610 1477 764 1535 pauperum
780 1457 879 1515 Christi
930 1461 1005 1531 quod
1020 1469 1084 1518 ante
1094 1471 1200 1534 septem
1213 1464 1327 1519 condidi
1342 1481 1441 1532 annos,
1452 1466 1599 1534 obsistere,
1613 1469 1740 1533 obviare.

72 1553 122 1609 tibi
138 1554 260 1609 dandam
273 1553 309 1608 ad
322 1552 461 1625 integrum
476 1551 624 1626 delegarit.
635 1548 805 1606 Commendo
816 1562 881 1602 san·
930 1556 978 1603 aut
987 1549 1125 1605 ullatenus
1137 1566 1238 1607 nocere
1250 1560 1390 1623 poterunt,
1401 1568 1435 1609 eo
1458 1554 1532 1626 quod
1557 1555 1694 1628 quidquid
1710 1557 1739 1612 in

71 1646 160 1702 ctitati
176 1653 240 1708 tuae,
255 1643 295 1699 lili
308 1643 401 1700 fratris
411 1643 559 1716 mei,Lupe
577 1643 720 1715 episcope,
734 1658 767 1697 ex
781 1639 882 1713 prela·
931 1640 1000 1712 ipsis
1013 1641 1216 1703 continebatur.
1245 1643 1274 1698 in
1299 1645 1448 1716 praesentia
1472 1645 1585 1703 fratrum
1612 1665 1741 1705 meorum

72 1739 106 1794 tis
115 1738 203 1805 uillis,
222 1753 293 1810 quos
312 1737 429 1794 libertos
441 1753 503 1793 osse
532 1736 675 1808 precipio,
695 1734 880 1800 Catusionem,
894 1693 977 1786 Bhic
991 1730 1104 1798 inserta,
1124 1737 1152 1787 et
1162 1731 1496 1803 qnaedeorantadJ'uncta,
1509 1736 1622 1806 insuper
1636 1746 1664 1793 et
1676 1754 1739 1810 qne

71 1835 98 1882 et
112 1826 286 1882 Auliateuam
294 1825 442 1900 conjugem
449 1842 538 1894 suam,
549 1825 721 1882 Nounionem
733 1823 780 1896 qui
791 1837 881 1878 meam
930 1822 1063 1878 Dominus
1075 1822 1144 1878 mihi
1172 1823 1281 1898 largiri
1294 1824 1322 1879 in
1350 1825 1525 1897 postmodum
1541 1829 1673 1903 dignatus
1686 1837 1740 1898 cst,

72 1917 183 1971 vineam
203 1914 278 1983 lacit,
294 1913 501 1982 sonnoveifam,
517 1929 599 1986 quam
611 1913 748 1985 captivam
763 1910 879 1977 redemi,
930 1910 1111 1981 superaddita
1125 1920 1289 1968 noscuntur.
1302 1913 1355 1968 Sed
1368 1912 1560 1971 inconvulsum
1575 1924 1602 1973 et
1616 1917 1744 1974 inconta-

69 2003 323 2075 bonisparentibus
346 2012 448 2070 natam,
476 2011 504 2058 et
525 2001 586 2071 ejus
612 2000 700 2057 lilium
717 2000 880 2058 1111111111-
931 2001 1066 2061 minatum
1082 2018 1204 2075 praesens
1219 2004 1272 2061 hoo
1286 2003 1360 2077 quod
1375 2006 1489 2062 condidi
1504 2015 1708 2076 testamentum,
1726 2027 1743 2065 a

70 2094 148 2162 dum,
163 2093 336 2149 llellaridum
351 2101 379 2149 et
403 2089 879 2157 ldellateuam,Vasantem,Cocum.
931 2088 1064 2146 iratribus
1087 2091 1158 2146 meis
1183 2092 1402 2160 successoribus,
1431 2096 1562 2152 videlicet
1593 2098 1741 2154 Remorum

71 2186 230 2249 Cmaariam,
263 2186 473 2260 llagarasenam,
499 2193 527 2240 et
541 2184 764 2240 Bandoroscnam
781 2182 880 2238 Leonis
931 2178 1080 2250 episcopis,
1099 2180 1321 2236 conservandum
1344 2182 1402 2253 [ms.
1427 2185 1446 2237 i.
1472 2186 1675 2257 conservatum]
1704 2203 1743 2242 :a

71 2287 198 2351 neptem,
215 2285 243 2333 21
254 2276 441 2334 marcoleifum
456 2274 544 2332 filium
557 2276 712 2341 T02n0n523
732 2277 879 2343 postolos,
931 2267 1045 2342 regibus
1059 2283 1172 2339 quoquc
1187 2268 1365 2338 Francorum,
1388 2270 1453 2326 liliis
1470 2272 1576 2329 scilicet
1590 2276 1663 2330 meis
1671 2276 1740 2331 cha·

69 2370 106 2424 tili
128 2368 222 2423 fratris
237 2367 302 2435 mei,
319 2366 395 2438 Lupe
410 2365 552 2438 episcope,
568 2362 734 2421 sacerdotali
757 2363 881 2420 auctori·
931 2359 1058 2426 rissimis,
1074 2374 1145 2431 quos
1160 2375 1210 2431 per
1236 2360 1413 2431 baptismum,
1439 2363 1505 2419 lesu
1520 2365 1619 2420 Christi
1630 2367 1704 2423 dono
1715 2375 1744 2424 et

71 2470 126 2518 tate
143 2461 250 2516 liberos
271 2456 441 2514 defensabis.
470 2456 530 2512 Tibi
546 2466 650 2524 antem,
671 2455 775 2511 heredi
790 2455 881 2512 eccle·
930 2451 1019 2525 gratia
1034 2451 1154 2523 Spiritus
1185 2453 1274 2507 sancti
1298 2461 1476 2524 cooperante,
1507 2457 1742 2514 Dominoconse-

70 2554 120 2608 siae
135 2568 218 2620 mee,
241 2550 398 2606 Flavianum
415 2557 443 2606 et
470 2564 582 2606 uxorem
597 2564 676 2604 suam
690 2547 881 2623 sparagildem
931 2544 1015 2611 orari,
1043 2543 1149 2616 abique
1175 2542 1334 2610 defensum,
1358 2554 1441 2618 atqua
1469 2555 1627 2618 protectum
1645 2559 1742 2606 contra

71 2645 154 2701 dono.
173 2643 273 2700 liorum
290 2641 403 2697 filiolam
419 2640 558 2712 parvulam
574 2640 795 2705 Flavarasenam,
806 2639 881 2696 lihc-
932 2635 1025 2691 omnia
1041 2653 1048 2690 :
1062 2643 1090 2691 et
1108 2635 1138 2689 in
1153 2635 1294 2704 omnibus,
1309 2636 1498 2695 inviolabilem
1520 2649 1742 2716 perpetuamque

71 2752 205 2793 1111111111
228 2734 371 2792 constitui.
392 2733 548 2789 Fedumiam
577 2748 690 2788 uxorem
719 2731 831 2801 Melani,
855 2739 884 2788 et
932 2743 1043 2800 semper
1070 2726 1195 2783 obtineat
1222 2727 1389 2784 firmitatem.
1407 2730 1438 2786 Et
1457 2732 1480 2786 si
1500 2733 1573 2804 quis,
1599 2734 1743 2793 inordina

69 2841 167 2882 eornm
195 2823 336 2896 parvulam
357 2822 507 2878 hamenses
529 2822 685 2893 presbyteri
714 2828 743 2877 11
771 2820 882 2877 diaconi
934 2820 1269 2894 clericali,apresbytero
1282 2838 1371 2894 usquc
1381 2823 1532 2880 adtonsum
1543 2827 1744 2897 contradicere,

70 2917 263 2989 possidebunt.
286 2913 476 2987 crispiciolum
510 2915 640 2970 colonum
669 2913 788 2969 liberum
822 2928 884 2969 esse
933 2920 980 2968 ant
994 2912 1100 2970 obviari
1114 2914 1139 2970 ei
1161 2915 1381 2987 praesumpserit,
1404 2925 1431 2972 et
1445 2926 1744 2989 correptusasucoos·

70 3008 294 3082 praecipi0,etad
305 3014 436 3079 nepotem
451 3023 544 3063 meum
554 3006 662 3062 Aetium
673 3007 733 3075 ejus
748 3004 881 3062 familiam
897 3017 996 3090 csore
1010 3018 1073 3059 meo
1090 3003 1250 3060 satisfacere
1265 3005 1597 3078 neglexerit,convocatis
1618 3025 1653 3064 ex
1671 3009 1744 3066 vici·

70 3098 212 3170 pertinere
232 3114 239 3152 :
256 3096 291 3152 ad
302 3104 462 3168 atrumque,
478 3094 570 3162 idest,
586 3093 736 3150 autetiam
751 3100 780 3149 et
790 3093 883 3169 hgati·
934 3097 1060 3154 nioribus
1073 3096 1141 3154 locis
1157 3097 1306 3152 llemorum
1320 3095 1476 3155 dioeceseoa
1490 3099 1579 3156 tribus
1591 3100 1743 3172 episeopis,

69 3203 176 3243 merum
204 3185 354 3258 peruenire
375 3184 531 3241 colonicam
555 3183 723 3240 Passiacum.
754 3183 883 3255 l’ronepti
935 3187 1223 3263 deponaturagradu.
1249 3187 1277 3241 Si
1303 3203 1380 3254 vero,
1408 3187 1483 3260 quod
1514 3204 1568 3244 non
1598 3197 1675 3260 opto,
1693 3205 1745 3244 nro

71 3280 320 3335 meaePraetcrtatae
334 3276 408 3333 dono
423 3273 802 3332 Modoroscnam.l’roluturo
813 3274 885 3331 heu·
935 3279 1029 3352 cupio,
1043 3280 1092 3336 sed
1107 3296 1199 3353 neque
1221 3295 1315 3351 spero,
1331 3295 1475 3337 successor
1501 3280 1620 3352 quilibet
1633 3282 1702 3336 mihi
1714 3282 1744 3336 in

72 3367 236 3424 docharium
264 3381 380 3437 puemm
411 3364 499 3421 trado.
534 3363 686 3420 Profuturae
715 3363 773 3418 dari
798 3362 885 3432 iubeo
936 3370 1066 3428 hacsede
1076 3372 1225 3428 Remorum
1242 3372 1401 3444 episcopus,
1413 3372 1577 3429 exsecrabili
1592 3374 1745 3446 cupiditate

75 3459 274 3515 bondoneram.
295 3455 530 3512 laudunensibus
551 3454 781 3521 subdiaconibus,
797 3456 886 3512 lecto·
936 3459 1045 3527 ductus,
1071 3476 1116 3516 res
1143 3459 1366 3532 [ramatensium
1390 3477 1476 3528 ame,
1492 3469 1605 3517 anctore
1628 3463 1746 3518 Domino

74 3551 162 3618 ribus,
173 3548 306 3614 ostiariis,
329 3555 358 3605 et
374 3547 535 3622 junioribus
558 3555 677 3620 quatuor
690 3547 795 3603 solidos
805 3546 887 3604 dere-
936 3553 1074 3609 meoJcsu
1090 3552 1208 3620 Christo,
1221 3552 1254 3607 ad
1269 3553 1345 3608 illins
1365 3553 1510 3621 honorem,
1529 3563 1557 3610 et
1569 3555 1745 3626 ejnspanpe·

74 3641 181 3714 linquo.
198 3640 369 3713 Pauperibus
383 3639 413 3695 in
435 3639 578 3696 matricula
592 3639 690 3710 positis
713 3637 821 3695 solidus
836 3638 887 3695 da·
936 3657 996 3696 rum
1018 3641 1236 3698 consolationem
1250 3641 1386 3698 ordinate
1407 3651 1479 3710 sunt,
1500 3643 1633 3698 aliorsum
1647 3642 1747 3700 distra-

73 3733 145 3790 hitur
172 3733 208 3788 ad
237 3747 336 3789 eorum
362 3731 555 3787 refectionem.
575 3731 734 3804 Delegoque
762 3747 796 3787 ex
822 3732 886 3788 dato
937 3735 1014 3801 here,
1035 3734 1191 3801 immutare,
1216 3741 1397 3802 commutare,
1413 3751 1461 3791 seu
1489 3735 1616 3806 quolibet
1628 3736 1746 3792 obtentu

73 3824 180 3896 prelati
204 3824 340 3897 principis
364 3823 537 3880 Salronarias
565 3839 649 3895 supra
660 3823 774 3890 lloram,
796 3824 886 3880 etde·
936 3822 965 3876 in
974 3837 1042 3877 usus
1055 3822 1199 3888 laicorum,
1221 3820 1352 3877 beneficii
1376 3824 1464 3897 gratia
1488 3824 1565 3889 dare,
1582 3831 1660 3878 anta
1675 3840 1747 3895 quo-

73 3933 132 3973 rem
147 3916 255 3973 solidos
274 3915 398 3972 ecclesie
420 3915 593 3971 suessonicae
613 3930 663 3987 pro
680 3930 887 3978 commemora·
937 3910 1008 3965 libet
1031 3912 1120 3976 datas,
1144 3910 1246 3975 lavere,
1275 3919 1322 3967 aut
1346 3910 1503 3966 consentire
1526 3911 1743 3982 praesumpserit,

74 4006 147 4062 tione
160 4004 436 4062 nominismei.liam
449 4002 626 4059 Sablonarias
639 4003 884 4074 supraldatronam
936 3999 1095 4055 convocatis
1127 4000 1212 4055 totius
1234 3998 1388 4055 dioeceseos
1417 3999 1565 4055 Remorum
1593 3999 1744 4072 episcopis,

75 4097 232 4154 heredibus
259 4097 328 4152 meis
343 4096 484 4169 deputavi.
501 4094 695 4151 Catalaunensi
717 4095 841 4152 ecclesie
852 4113 885 4152 ex
936 4087 1160 4160 presbyterisque
1180 4104 1212 4143 ae
1239 4088 1415 4156 diaconibus,
1446 4105 1557 4147 necnon
1580 4100 1609 4146 er
1632 4106 1666 4146 ex
1681 4089 1747 4144 filiis

77 4186 137 4242 dato
152 4201 229 4258 saepe
244 4185 310 4242 dieti
324 4184 374 4240 filii
389 4185 454 4245 mei,
476 4184 607 4240 Gellonos
621 4200 706 4256 supra
721 4184 886 4249 matronam,
937 4177 1006 4232 meis
1020 4176 1191 4233 charissimis
1222 4177 1334 4234 Francis
1357 4178 1497 4254 religiosis
1523 4178 1747 4251 quamplurimis,

77 4281 102 4330 et
112 4274 223 4332 solidos
237 4273 347 4330 decem.
365 4273 495 4330 Ecclesiae
509 4273 599 4329 1111111
614 4272 746 4341 blemmii,
758 4273 887 4330 Fascius-
936 4278 1029 4325 reatus
1042 4271 1086 4325 sui
1109 4286 1230 4341 poenam,
1246 4270 1402 4341 privatione
1422 4271 1465 4326 sui
1487 4271 1664 4344 episcopatus
1679 4289 1747 4344 per·

79 4366 130 4422 rias
144 4383 179 4422 111
194 4366 279 4430 donis
293 4365 446 4438 praescripti
476 4364 618 4437 principis,
640 4374 667 4420 et
689 4366 794 4421 solidos
811 4373 883 4422 omo,
895 4359 1036 4459 Dsolvat,
1048 4367 1075 4416 et
1089 4375 1267 4433 nequaquam
1299 4360 1369 4415 ultra
1389 4360 1626 4431 recuperationem
1645 4363 1748 4434 gradus

77 4456 291 4532 llosomagensi,
316 4457 422 4514 solidos
435 4456 572 4530 quinquo.
599 4456 749 4530 vongensi,
789 4473 884 4532 agrum
937 4452 1040 4517 amissi,
1071 4452 1099 4507 in
1124 4453 1177 4508 hoc
1201 4453 1302 4509 seculo
1337 4450 1549 4522 promerebitur.
1585 4452 1748 4525 Quicunque

79 4550 146 4620 apud
160 4547 302 4604 officinam
328 4549 509 4617 molinarum,
523 4563 585 4621 qnae
607 4547 645 4603 ibi
661 4556 704 4604 est
725 4548 884 4605 constitum.
935 4556 1001 4597 vero
1016 4556 1050 4596 ex
1064 4539 1134 4596 laico
1156 4539 1252 4596 habitu
1275 4556 1292 4595 a
1313 4539 1396 4596 nobis
1412 4546 1513 4596 statuta
1530 4540 1748 4612 parvipendens,

79 4638 247 4715 Catamgensi
277 4639 413 4708 ecclesie,
432 4639 537 4696 solidos
562 4648 692 4712 quatuor,
716 4639 887 4712 totidemque
936 4634 1046 4706 sibique
1061 4633 1169 4701 larena,
1188 4648 1250 4704 quae
1275 4631 1446 4703 pauperibus
1471 4631 1599 4688 Ecclesiae
1615 4632 1748 4689 attributa

80 4727 199 4786 lortensi
212 4743 263 4800 pro
273 4728 538 4785 commemoratione
560 4727 615 4783 mei
630 4727 751 4784 nominis
762 4728 887 4783 111111111-
936 4735 1011 4795 sunt,
1040 4727 1127 4793 abuti,
1151 4732 1198 4781 ant
1226 4740 1360 4796 usurpare
1387 4723 1514 4796 quolibet
1538 4723 1655 4780 obtentu
1674 4739 1747 4795 pre-

80 4820 257 4878 hrbcciesiae
283 4819 479 4888 attrabatensi,
511 4819 569 4886 oui,
599 4819 715 4876 Domino
733 4826 885 4891 annuente,
936 4819 1094 4891 sumpserit,
1104 4817 1253 4891 parisimul
1262 4815 1749 4887 perpetuaquedamnationealiena-

82 4906 225 4965 ledastum
239 4908 351 4964 fratrem
381 4925 475 4965 meum
503 4907 696 4965 charissimum
722 4908 886 4980 episcopum
937 4919 988 4981 tor,
1005 4912 1118 4985 petitor,
1139 4911 1227 4976 dator,
1243 4915 1381 4980 acceptor,
1408 4923 1551 4981 pervasor,
1566 4909 1748 4965 anathematis

83 5001 247 5069 consecravi,
262 5016 295 5057 ex
309 5000 384 5056 dono
404 5001 461 5070 jam
486 5000 554 5057 dicti
579 5000 714 5072 principis
728 5000 808 5056 villas
818 5000 888 5057 duas
935 5004 1047 5061 vinculo
1059 5003 1093 5059 ab
1110 5002 1232 5061 Ecclesia
1244 5001 1379 5059 catholica
1393 5001 1584 5073 seiungantur,
1597 5001 1687 5057 donec
1700 5018 1748 5057 ua·

82 5088 104 5147 in
119 5093 263 5149 alimoniis
288 5092 452 5149 elericorum
476 5092 617 5164 deputavi,
648 5093 731 5150 Oreos
744 5092 884 5161 videlicet,
937 5091 1743 5168 leant,lleomiserautecondignesatisfactionisemenda-

84 5187 106 5236 11
116 5181 289 5238 sabucetum
303 5198 311 5247 3
325 5180 519 5254 1111131111111
540 5197 591 5253 pro
618 5181 750 5238 1111110111
763 5182 886 5238 nominis
935 5190 1011 5246 tione
1020 5189 1220 5265 indulgentiam
1231 5185 1393 5259 promereri.
1411 5184 1459 5241 Sin
1474 5191 1565 5240 autem
1576 5185 1605 5240 in
1619 5186 1671 5241 hoc
1681 5202 1746 5257 per-

84 5272 130 5328 nei
145 5273 256 5329 solidos
263 5273 365 5345 uiginti
382 5272 441 5328 dari
452 5273 538 5342 jubeo
565 5272 627 5329 Ursi
642 5273 831 5331 archidiaconi
845 5273 886 5329 ia·
934 5294 1061 5335 severare
1075 5279 1266 5350 cuiuscunque
1292 5275 1451 5333 donationis
1464 5274 1611 5331 occasione
1623 5274 1744 5347 quilibet

83 5364 234 5420 miliaribus
248 5380 315 5420 usus
329 5365 483 5438 obsequiis,
495 5365 571 5422 dono
590 5364 615 5421 ei
632 5364 707 5422 domi
722 5365 824 5422 textilis
839 5382 886 5422 ca·
937 5368 1084 5442 delegerit,
1112 5383 1177 5440 spes
1191 5366 1217 5423 11
1233 5365 1378 5439 presentis
1405 5380 1439 5421 nc
1451 5363 1550 5421 lutnrae
1565 5362 1747 5420 restitutionis

81 5452 164 5509 sulam
178 5453 321 5522 subtilem,
333 5463 360 5512 et
384 5455 465 5511 aliam
484 5454 651 5527 pleniorem,
666 5456 722 5512 duo
737 5472 803 5529 saga
814 5456 887 5512 dcli·
936 5472 953 5513 a
967 5471 1126 5513 successore
1140 5469 1214 5519 meo,
1234 5455 1384 5512 Remorum
1406 5453 1513 5510 scilicet
1529 5451 1672 5523 episcopo,
1684 5464 1748 5506 om-

80 5551 149 5614 cata,
163 5553 258 5618 tapete
272 5545 348 5619 quod
368 5546 460 5604 habeo
475 5546 503 5602 in
525 5547 607 5614 lecto,
624 5555 652 5605 11
666 5548 788 5605 tunicam
802 5564 885 5621 qnam
936 5548 1058 5606 uimodis
1072 5548 1212 5605 auferatur
1245 5549 1344 5605 Generi
1365 5543 1558 5605 tantummodo
1569 5543 1656 5617 regio,
1671 5540 1747 5613 quod

81 5639 203 5711 tempore
217 5635 350 5693 transitus
364 5636 418 5692 mci
434 5634 572 5709 reliquero
586 5635 743 5695 moliorem.
759 5635 886 5696 haeredes
935 5638 970 5695 ad
988 5639 1122 5696 honorem
1142 5644 1244 5695 sancte
1269 5637 1410 5706 Ecclesia,
1423 5643 1452 5693 et
1464 5631 1656 5691 defensionem
1676 5646 1748 5702 pan·
