3840 6106
119 225 187 287 {llll
653 219 680 277 S.
704 217 857 273 Ultnlblct
878 215 1064 272 lucustam
1086 213 1244 271 EPlSCOPl.
1720 213 1785 272 tots

121 357 187 413 tium
203 353 323 416 mittere,
349 364 429 404 nrane
456 348 579 404 diluculo
607 347 785 418 comperietis
812 346 930 418 qualiter
943 349 967 417 Α
981 351 1066 400 retur.
1084 341 1228 398 Missurum
1241 355 1307 395 vero
1322 336 1415 394 cilicia
1428 337 1556 410 quotidie
1581 337 1724 395 celebrare
1738 357 1783 397 nou

121 441 358 511 circaepiscopum
374 444 518 493 maneat.»
535 436 658 491 Crastina
673 435 791 492 verodie
804 434 926 490 diluculo
977 439 1136 505 desistebat,
1157 436 1338 509 quoadusque
1351 434 1425 489 uires
1445 433 1572 504 corporis
1591 434 1783 491 subtraheban.

122 535 233 609 quidam
263 533 298 588 de
313 531 471 587 Constantia
495 530 578 592 venit,
604 538 632 585 et
650 530 777 586 deobitu
803 527 928 600 episcopi
979 540 1022 589 tur
1037 538 1066 586 ut
1080 530 1156 585 nullo
1172 528 1254 584 modo
1282 527 1352 582 ultra
1368 542 1418 596 per
1435 541 1465 580 se
1488 533 1563 581 stare
1592 526 1781 596 potuissetld

123 626 258 684 veraciter
275 622 479 689 contradixerat
500 622 560 688 ejus
582 621 805 694 possibilitatem,
830 634 930 675 secun·
981 642 1103 683 mensam
1119 640 1184 680 vero
1199 622 1326 687 sedebat,
1341 627 1368 677 et
1386 621 1549 676 sedentibus
1573 636 1636 675 cum
1653 637 1686 676 ρο
1701 624 1782 678 couvi.

124 720 281 776 dumsuam
306 714 786 783 ⁰0⁰8110l11d5110m20⁵S⁰1¹¹11ls¹llll
816 713 932 767 Saleius
983 719 1202 781 viumlaciebat,
1230 725 1258 774 et
1287 717 1426 789 illequasi
1449 717 1564 785 jeiunns
1594 716 1780 784 absistebal,et

114 819 220 867 eutem
234 809 382 881 episcopus
397 807 540 863 Udalricus
558 813 678 878 emptum
703 807 755 862 iter
768 804 888 879 peregit,
907 812 935 859 et
985 820 1090 886 poma,
1113 812 1142 866 in
1157 810 1275 867 ecclesia
1288 809 1332 864 vel
1349 810 1376 863 tn
1392 808 1521 864 cubiculo
1536 824 1598 873 suo,
1615 808 1690 863 dirici
1703 820 1780 866 caup.

128 899 270 971 ibi,quasi
295 897 501 953 ⁸d0⁰¹¹lil¹¹¹¹¹l
527 904 650 963 mellus,
667 903 731 967 post
749 895 934 966 θΧΡῙθῑῑθῐῑθῐῐὶ
987 906 1061 961 tione
1091 903 1270 973 psalmorum,
1298 901 1342 956 rel
1371 900 1514 955 auditione
1533 915 1676 954 sacrarum
1703 899 1780 956 lectio·

128 987 256 1045 salutaris
268 986 364 1043 ¹¹0⁸liae
384 1003 466 1059 quam
485 986 609 1059 (lllffildlss
629 1001 678 1056 per
697 1001 737 1052 ³⁰2
754 984 879 1056 l{Uimiil
893 984 936 1039 ll·
988 1011 1052 1049 num
1070 999 1210 1048 recreatus
1226 997 1278 1046 est.
1305 990 1384 1045 Vires
1405 1005 1471 1045 vero
1487 988 1614 1060 corporis
1634 1005 1697 1043 cum
1718 989 1739 1043 ci
1751 991 1779 1044 ita

129 1079 206 1134 libus
220 1077 345 1148 ⁰0lll⁰li⁸
366 1077 446 1131 Valde
472 1082 544 1130 ⁰⁵⁸⁰ss
559 1074 717 1137 d0S¹l¹¹¹¹¹¹⁸u
747 1075 803 1130 ⁰⁰0
830 1072 937 1145 POPSOl·
988 1085 1156 1142 defecissent
1179 1091 1209 1139 ut
1221 1099 1271 1155 per
1285 1098 1314 1137 sc
1328 1081 1441 1136 missam
1455 1088 1568 1136 cantare
1583 1096 1638 1135 non
1654 1081 1779 1151 potuisset,

45 1166 52 1175 ’
130 1182 193 1223 vele
205 1166 356 1241 sallsseblb
373 1163 938 1235 011111⁰⁰¹¹V1V³¹¹ilbl¹⁸q¹1⁰lll¹l⁰illffllll·
988 1174 1112 1248 quotidie
1129 1174 1155 1228 in
1177 1171 1323 1228 eeclesiam
1345 1170 1519 1226 introductus
1539 1167 1717 1224 devotissime
1732 1185 1779 1223 eam

131 1271 188 1311 ΜΠ]
217 1253 343 1320 sedebflb
367 1261 396 1309 el
423 1252 528 1307 ”unum
553 1251 660 1322 c⁰sl¹⁰ri
689 1251 781 1307 Cibum
805 1251 937 1318 exhibunt
988 1267 1094 1325 audire.
1109 1275 1137 1321 et
1153 1264 1262 1320 interim
1280 1262 1453 1319 orationibus
1467 1261 1584 1316 intentis
1599 1261 1725 1316 insistere
1738 1277 1780 1316 nou

132 1349 186 1406 nisi
208 1349 293 1403 micas
318 1348 399 1419 panis
423 1365 502 1420 aquae
532 1346 637 1401 inlusus
663 1346 691 1400 ln
713 1363 744 1402 0⁸
766 1347 849 1412 ssusii,
872 1362 940 1418 quas
989 1355 1149 1412 desistebat.
1179 1355 1231 1409 Pro
1258 1359 1333 1408 certo
1358 1359 1420 1422 post
1439 1351 1550 1405 missam
1577 1351 1710 1420 expletam
1731 1366 1781 1405 cum

133 1442 216 1497 ellim
237 1441 390 1512 sbellissime
412 1441 492 1513 ³quss
512 1439 680 1512 ⁰¹SPO¹i³¹³⁸
705 1439 739 1494 ‘1⁰
760 1455 806 1494 ΟΝ
833 1439 939 1510 selem,
990 1447 1147 1503 cubiculum
1167 1444 1291 1507 intraret,
1308 1440 1497 1512 repausationi
1512 1441 1606 1494 lectuli
1619 1454 1782 1495 senoncom·

133 1530 279 1585 haustibus
294 1545 358 1585 l'ssl0
383 1545 461 1600 ἕψω]
477 1529 614 1583 inletdum
639 1543 750 1600 mrbus,
773 1545 835 1583 cum
850 1530 941 1585 adbuc
991 1534 1132 1590 mondavit
1143 1543 1207 1589 aute
1222 1534 1279 1588 bur>
1291 1548 1317 1585 m
1333 1530 1538 1602 vespertinam,
1553 1529 1602 1584 sed
1618 1545 1701 1599 super
1713 1528 1783 1583 sedile

134 1619 167 1673 ad
183 1634 305 1674 inensam
321 1618 442 1685 sederet,
459 1615 610 1673 reliciobat.
629 1618 885 1690 lionsummutisque
902 1617 940 1671 ibi
991 1642 1071 1681 suum
1083 1625 1220 1680 calceatus
1231 1623 1311 1686 sedit,
1325 1629 1353 1676 er
1368 1620 1505 1675 interdum
1516 1634 1547 1673 se
1559 1634 1646 1689 super
1660 1619 1781 1689 pulvillum

135 1707 217 1763 rebus
232 1723 282 1778 pro
304 1707 407 1779 quibus
423 1706 489 1761 l¹ll¹0
502 1716 616 1761 meltius
631 1715 682 1771 081,
697 1705 773 1760 abire
788 1707 890 1776 coepit;
907 1710 944 1762 al·
956 1704 981 1771 ii
995 1715 1020 1769 in
1039 1714 1179 1770 dexterum
1208 1721 1314 1785 partem
1339 1710 1491 1775 reclinavit,
1513 1709 1653 1763 interdum
1677 1709 1708 1762 ad
1729 1709 1781 1763 siui-

136 1800 256 1856 lerfldie
278 1801 313 1855 ad
333 1799 485 1871 ¹0⁰¹quui
512 1799 614 1854 dicitur
643 1800 783 1872 Uliuntiga
803 1800 858 1871 (57)
876 1818 939 1872 per·
995 1814 1089 1873 stram,
1104 1812 1132 1860 et
1154 1805 1293 1860 interdum
1309 1803 1410 1857 sedens
1439 1800 1474 1855 ad
1489 1801 1601 1856 dorsum
1616 1816 1698 1871 super
1709 1808 1783 1870 poste

137 1894 224 1958 venit,
250 1892 332 1948 etibi
354 1892 433 1945 adse
458 1891 774 1946 convocatismonacbis
799 1892 946 1950 demona—
997 1899 1068 1953 riora
1096 1897 1191 1952 sedilis
1220 1897 1248 1951 in
1273 1909 1328 1968 quo
1357 1893 1472 1950 sedebat
1499 1893 1656 1948 reclinavit.
1684 1892 1711 1946 El
1736 1900 1783 1963 post

139 1987 225 2042 sterio
252 1984 404 2041 Uttcnbura
430 1983 582 2050 nominato,
605 1990 748 2039 autumare
773 2001 834 2040 cum
864 1986 947 2042 eisel
998 1989 1184 2061 expletionem
1199 2005 1296 2045 cursus
1308 1997 1335 2044 et
1358 1986 1442 2043 totins
1466 1984 1601 2056 psalterii,
1631 1984 1734 2058 legente
1747 1984 1784 2037 Ge·

139 2092 202 2132 cum
218 2074 276 2129 suis
290 2072 419 2128 fidelibus
435 2072 551 2143 provide
575 2074 660 2144 coepit
674 2075 814 2145 quomodo
841 2075 948 2131 deliba·
999 2079 1098 2135 rbardo
1114 2079 1262 2150 preposito
1280 2077 1359 2148 [sorte
1374 2073 1499 2130 ecclesiae
1520 2073 1694 2144 cathedralis]
1714 2089 1786 2128 sacro

141 2166 288 2232 rollonem.
303 2179 385 2236 quem
406 2163 447 2218 05⁸
462 2169 541 2218 aniel
553 2162 624 2218 sicul
638 2164 752 2233 lllaetllxi
779 2164 815 2219 ab
830 2165 949 2237 impera·
1001 2188 1062 2229 rum
1072 2170 1206 2225 lectiones
1222 2167 1355 2223 librorum
1369 2163 1484 2219 audivit·
1503 2170 1530 2217 et
1546 2163 1685 2217 interdum
1697 2179 1750 2217 cum
1762 2178 1785 2217 eo

142 2267 200 2316 tore
220 2259 426 2330 impetraverat,
447 2257 589 2312 restituere
608 2265 753 2328 potuisset,
768 2265 796 2313 et
810 2259 879 2315 dixit
894 2259 949 2314 eis:
1001 2265 1066 2320 inde
1082 2262 1155 2317 dulci
1170 2259 1281 2332 eloquio
1294 2258 1445 2313 fruebatur.
1464 2255 1577 2310 Cnidum
1594 2271 1660 2311 vero
1676 2254 1726 2326 [sic]
1739 2254 1785 2308 elo·

146 2373 158 2402 a
178 2351 278 2426 Eligite
293 2349 413 2405 exrobis
425 2365 510 2404 unum
525 2349 558 2403 ad
570 2349 708 2417 abbatem,
722 2350 768 2422 qui
789 2351 815 2404 in
831 2351 879 2406 [lei
893 2367 953 2407 ser·
1003 2356 1068 2429 quio
1080 2355 1152 2409 inter
1163 2353 1239 2424 ipsos
1252 2349 1341 2417 sinito,
1356 2349 1486 2421 praelatus
1500 2348 1621 2403 clericus
1634 2347 1786 2421 interrogarit

143 2445 210 2500 vitio
238 2443 323 2508 utilis,
344 2448 372 2497 et
396 2442 495 2498 vestris
514 2441 726 2497 necessitatibus
745 2443 832 2513 possit
859 2450 954 2499 cautus
1004 2460 1078 2511 eum,
1108 2441 1218 2497 dicens:
1242 2461 1254 2490 a
1277 2439 1365 2493 liabes
1389 2453 1465 2508 spem
1483 2451 1533 2507 pro
1563 2436 1615 2490 ista
1640 2434 1785 2496 infirmitate,

146 2537 274 2595 inveniri.
293 2537 321 2591 Si
349 2536 426 2591 illum
451 2536 553 2609 eligitis
572 2537 619 2608 qui
644 2537 712 2592 mibi
728 2538 761 2591 ad
787 2538 839 2593 boc
855 2539 954 2609 placet,
1006 2533 1129 2597 Domine,
1141 2531 1248 2588 obitum
1260 2539 1336 2585 tuum
1348 2525 1575 2584 libiimminere'l
1588 2550 1601 2573 ι
1619 2526 1664 2581 Cui
1677 2524 1787 2597 illequasi

144 2627 345 2686 commendabo
361 2624 399 2679 illi
411 2625 549 2680 abbatiam
563 2639 650 2697 usque
666 2624 694 2678 in
716 2627 888 2696 praesentiam
909 2627 957 2683 do
1005 2641 1069 2681 eum
1081 2622 1253 2694 increpando
1266 2619 1427 2692 respoudit:
1448 2641 1458 2669 ‹
1475 2618 1564 2683 Quare
1577 2618 1620 2673 sic
1634 2617 1737 2672 dixisti?
1748 2631 1789 2670 nou

145 2719 214 2775 mini
238 2718 293 2773 mei
313 2716 507 2789 imperatoris;
537 2716 688 2772 sinautem
707 2716 790 2772 alium
813 2718 866 2772 nisi
886 2719 954 2774 mibi
1007 2732 1099 2789 spero,
1114 2716 1162 2770 sed
1178 2713 1332 2769 certissime
1343 2725 1481 2786 cognosco
1494 2709 1569 2764 diem
1582 2708 1674 2764 obitus
1688 2708 1738 2763 mci
1752 2723 1791 2761 nou

146 2806 301 2880 placentem
315 2806 428 2881 eligitis,
445 2821 501 2861 non
518 2804 558 2859 illi
571 2806 782 2862 commendabo.
810 2829 816 2852 ·
841 2806 893 2871 Qui
910 2823 954 2864 re·
1006 2814 1067 2878 post
1078 2805 1178 2859 multos
1191 2803 1251 2858 dies
1263 2801 1330 2856 mibi
1343 2799 1464 2856 evenire.
1479 2818 1494 2848 a
1511 2798 1549 2853 llc
1565 2815 1621 2870 qua
1632 2813 1659 2852 re
1674 2796 1794 2868 presbyter

146 2897 318 2970 spondentes
332 2896 475 2952 dixerunt:
500 2896 656 2952 «Nominat
669 2896 749 2952 nobis
764 2897 896 2952 sanctitas
910 2904 957 2953 lua
1006 2893 1183 2951 contristatus
1203 2890 1401 2965 indulgentiam
1427 2886 1588 2960 postulavit,
1619 2894 1646 2942 et
1673 2887 1737 2940 dixit
1751 2885 1794 2940 illi:

147 2993 222 3048 bunc
242 2991 290 3062 qui
310 2997 363 3046 tuae
384 2990 566 3046 dominationi
592 2990 707 3061 placitus
726 2992 761 3046 sit
786 2992 820 3046 nd
845 2992 955 3048 electio·
1010 3006 1020 3037 ι
1042 2984 1169 3050 Domine,
1193 2997 1275 3055 quem
1296 2980 1489 3051 episcoporum
1517 2976 1647 3048 precipis
1669 2974 1795 3030 vocarcad

148 3081 455 3138 nemnostraeunitatis.
480 3106 492 3127 a
513 3082 588 3136 Tunc
597 3081 665 3136 dixit
680 3081 734 3136 eis:
760 3103 770 3132 ι
793 3083 956 3157 lludungum
1008 3078 1279 3137 commendationem
1290 3075 1414 3146 corporis
1427 3072 1510 3128 tull»
1532 3071 1578 3127 Cui
1596 3072 1641 3128 ille
1655 3070 1793 3142 respondit:

150 3172 203 3243 (58l
214 3169 324 3226 fratrem
335 3178 457 3224 vestrum
467 3169 500 3223 ad
512 3169 566 3224 boc
577 3169 726 3247 nominabo
736 3170 931 3226 ministerium.
945 3194 956 3224 ι
1010 3192 1023 3220 α
1044 3171 1083 3227 Εο
1094 3180 1219 3241 tempore
1233 3166 1444 3240 quandoanima
1459 3179 1521 3219 inea
1534 3163 1702 3218 derelictura
1714 3170 1751 3216 est
1760 3164 1797 3216 bor

150 3259 257 3324 Quibus
285 3256 398 3322 auditis,
433 3255 530 3311 iratres
560 3256 686 3313 inducias
725 3260 957 3329 postulaverunt,
1009 3276 1119 3332 corpus,
1148 3274 1204 3314 non
1230 3255 1445 3329 potestisullum
1473 3255 1640 3310 eorumhuc
1664 3253 1795 3308 advocare:

151 3352 242 3407 donec
257 3365 355 3406 omnes
375 3348 457 3404 simul
473 3350 653 3421 loquerentur
670 3351 693 3405 si
712 3351 770 3407 baec
785 3351 883 3409 electio
898 3370 959 3408 cum
1012 3355 1076 3427 quia
1103 3351 1345 3425 comprovincialis
1373 3365 1452 3405 meus
1483 3348 1648 3404 Cbunradus
1672 3347 1797 3419 episcopus

151 3443 278 3499 omnium
292 3441 405 3497 lralmm
427 3455 565 3498 consensu
592 3441 652 3497 tieri
670 3443 817 3514 potuisset.
840 3443 961 3516 Cumque
1012 3448 1086 3499 tanta
1115 3440 1274 3496 intirmilate
1300 3439 1429 3495 detentus
1453 3443 1494 3492 est
1522 3444 1552 3491 ut
1571 3437 1626 3492 buc
1645 3436 1737 3491 vcuire
1759 3450 1798 3488 nor

151 3531 179 3587 in
195 3531 256 3587 loco
277 3530 417 3586 destinato
432 3529 541 3586 collecti
565 3530 662 3586 iratres
685 3531 824 3605 colloquia
845 3533 918 3589 inter
931 3551 962 3590 se
1011 3535 1109 3608 possit,
1125 3532 1250 3605 episcopi
1265 3545 1330 3587 vero
1353 3530 1549 3590 bauvariorum
1570 3528 1606 3582 ad
1624 3528 1714 3602 regale
1728 3525 1796 3581 collo·

152 3623 256 3679 babere
269 3622 419 3694 coepisscnt
437 3622 472 3677 de
488 3621 601 3694 praelata
620 3623 766 3692 electione,
797 3626 962 3698 quibusdam
1012 3626 1107 3699 quium
1121 3624 1155 3679 ad
1169 3623 1309 3679 l'ranciam
1323 3619 1567 3694 suntcongregati.
1584 3619 1644 3672 »At
1659 3618 1704 3672 ille
1714 3616 1797 3688 iuquit:

152 3717 283 3775 iratribus
309 3717 422 3790 placuit,
444 3717 609 3790 quibusdam
638 3719 790 3790 displicuit,
807 3722 855 3777 sed
869 3729 961 3778 tamen
1014 3742 1026 3775 ι
1044 3719 1172 3786 Domine,
1184 3718 1251 3790 quid
1264 3726 1330 3773 tunc
1343 3715 1433 3771 lacere
1444 3710 1607 3769 debemus?
1624 3737 1635 3760 ι
1654 3713 1799 3767 Cuisaurtus

153 3804 347 3862 cumconsilio
366 3805 519 3861 suricorum
541 3806 674 3876 roborati,
691 3809 813 3881 episcopi
828 3812 962 3869 voluntati
1012 3806 1255 3882 episcopusdixit:
1273 3830 1284 3853 ι
1301 3805 1502 3876 Nostiscorpus
1513 3802 1639 3858 bominis
1652 3813 1730 3857 terrac
1743 3815 1798 3855 cour·

152 3901 293 3967 parentes,
309 3894 433 3949 inunum
449 3895 595 3951 coadunati
603 3897 766 3970 lludungum
783 3899 817 3953 ad
832 3900 961 3956 abbatem
1012 3899 1166 3958 mendarel
1183 3924 1195 3949 n
1212 3897 1299 3954 litille
1310 3898 1362 3952 ait:
1379 3921 1391 3943 ιι
1408 3895 1436 3950 Si
1450 3895 1510 3950 talis
1521 3909 1643 3966 persona
1658 3900 1799 3961 essetsuprr

152 3983 306 4060 clegerunt,
333 3989 371 4051 et,
387 4000 448 4039 oum
465 4000 498 4040 eo
522 3985 557 4040 ad
574 3985 736 4057 episcopum
758 3990 960 4063 regredientes,
1011 4010 1093 4066 quam
1109 3988 1313 4047 commendatio
1333 3994 1425 4043 nostra
1438 3984 1497 4040 fieri
1522 3985 1673 4050 debuisset,
1694 3984 1796 4038 timoren

152 4077 267 4132 unitatis
281 4091 376 4131 corum
398 4077 562 4132 electionem
582 4079 607 4133 ci
624 4079 828 4137 nuntiaverunt.
850 4083 895 4138 iiis
907 4100 960 4140 au·
1012 4083 1078 4137 inde
1090 4096 1145 4136 nou
1157 4078 1323 4133 haberemus
1351 4101 1364 4125 u
1382 4074 1429 4130 Cui
1440 4075 1593 4146 episcopus
1607 4073 1690 4128 dixit:
1703 4094 1713 4122 ‹
1727 4069 1797 4126 facite

152 4168 227 4234 ditis,
250 4168 399 4239 episeopus
413 4176 554 4241 assumpto
569 4169 667 4227 baculo
683 4172 885 4229 commendavit
908 4175 960 4230 ab·
1012 4172 1047 4226 de
1076 4171 1127 4225 bac
1152 4185 1194 4236 re,
1222 4183 1285 4223 cum
1313 4173 1423 4237 tempus
1447 4164 1602 4230 advenerit,
1625 4163 1697 4218 sicut
1713 4160 1797 4232 optime

153 4256 257 4312 baliam
271 4256 385 4329 praelato
407 4257 544 4330 Rudungo
559 4275 649 4331 usque
665 4259 693 4314 iu
713 4262 886 4332 prraesentiam
910 4263 963 4319 im·
1013 4263 1139 4336 potestis,
1169 4261 1302 4316 [lominus
1327 4256 1584 4315 commendatorem
1617 4255 1736 4326 corporis
1756 4249 1798 4304 mel

153 4345 298 4419 peratoris,
316 4347 363 4418 qui
393 4353 459 4401 tuuc
482 4347 510 4401 in
526 4347 644 4419 imperio
670 4351 739 4420 patri
756 4367 806 4407 suo
820 4354 961 4425 aequivoco
1013 4351 1180 4424 providebit.
1196 4372 1211 4401 r
1228 4351 1258 4405 Et
1270 4350 1313 4404 bis
1325 4349 1407 4404 dictis
1418 4346 1549 4418 praelatus
1562 4346 1706 4418 presbyter
1719 4343 1798 4397 iterum

152 4443 332 4502 successerat,
349 4444 377 4490 et
401 4435 476 4490 illum
497 4438 701 4494 commendavit
734 4440 792 4495 suis
811 4443 960 4512 nepotibus
1011 4445 1137 4502 lectionis
1152 4461 1231 4499 usum
1240 4442 1397 4514 assumpsit,
1413 4449 1440 4496 et
1453 4441 1480 4495 iu
1496 4456 1538 4503 ca,
1553 4439 1626 4494 sieut
1642 4438 1736 4493 solitus
1746 4437 1798 4495 cral,

154 4537 181 4586 et
194 4529 255 4585 aliis
267 4530 326 4586 suis
342 4529 481 4598 fidelibus,
496 4538 525 4586 ut
538 4548 602 4587 cum
617 4533 776 4615 celsitudini
791 4535 964 4607 imperatoris
1014 4552 1102 4608 usque
1117 4535 1182 4590 dum
1199 4542 1318 4590 sonante
1337 4533 1417 4606 signo
1432 4528 1635 4602 vespertinalis
1654 4524 1805 4580 landisbere

154 4625 363 4690 praesentarent,
380 4627 417 4687 et,
435 4619 489 4674 illis
503 4636 564 4675 cum
578 4620 632 4676 lide
654 4622 679 4677 ei
691 4623 864 4694 juvantibus,
879 4627 914 4681 ab
929 4645 963 4686 eo
1014 4624 1238 4680 annuntiabatur.
1253 4621 1398 4678 Lectiones
1418 4631 1482 4675 vero
1500 4618 1612 4674 luerunt
1635 4617 1700 4670 i'itae
1714 4613 1805 4668 Patmn

154 4708 214 4762 berc
227 4705 464 4762 confirmarentur.
484 4709 529 4764 llis
551 4708 588 4765 itu
608 4710 735 4783 expletis,
751 4715 890 4786 propriam
919 4719 964 4774 sui
1014 4724 1182 4784 sanctorum,
1197 4724 1225 4771 et
1240 4713 1404 4770 libersancti
1419 4710 1543 4786 Gregorii
1556 4725 1639 4782 quem
1652 4708 1807 4781 bialogorum

154 4797 334 4870 episcopatus
350 4799 500 4856 revisitavit
512 4802 618 4860 sedem.
1015 4818 1126 4876 rocaut3
1149 4808 1228 4877 eujus
1242 4809 1356 4864 ultimus
1369 4805 1440 4860 liber
1454 4804 1576 4874 disputat
1594 4801 1710 4855 multum
1727 4798 1758 4852 de
1775 4796 1809 4850 bis

189 4886 278 4943 XXVI.
296 4886 395 4944 lloenia
410 4899 502 4944 autem
526 4892 654 4965 Augustae
674 4891 794 4948 civitatis
814 4894 964 4971 introgres-
1015 4900 1062 4971 qui
1077 4899 1112 4953 dc
1127 4912 1242 4968 corpore
1269 4895 1339 4967 rapti
1359 4894 1388 4948 in
1410 4892 1507 4964 spiritu
1532 4890 1620 4945 multa
1644 4890 1776 4952 viderunt,
1789 4894 1811 4939 et

155 4996 213 5048 sus,
227 4997 328 5056 magua
348 4981 455 5037 tristitia
469 4990 565 5055 septus
579 4991 621 5039 est
636 5001 685 5056 pro
707 4994 796 5042 morte
811 4989 964 5046 adalbero·
1015 4992 1114 5047 iterum
1139 4990 1172 5044 ad
1193 5004 1295 5060 corpus
1320 4986 1472 5041 redierunt.
1489 4982 1592 5038 Taliter
1617 4997 1684 5038 vero
1708 4995 1810 5036 conser-

156 5072 200 5127 nis
213 5074 395 5145 suinepotis„
407 5082 434 5129 et
445 5090 496 5146 pro
509 5075 586 5132 obitu
601 5077 787 5149 imperatoris,
798 5081 842 5136 cui
854 5098 964 5154 semper
1014 5086 1101 5141 sando
1121 5083 1322 5141 formosissime
1350 5079 1527 5152 exspectabat
1547 5077 1622 5134 diem
1647 5077 1738 5132 obitus
1755 5074 1812 5138 sul,

156 5160 238 5219 sidem
255 5165 284 5219 iu
302 5166 433 5221 omuibus
455 5167 583 5235 servavit,
604 5170 683 5237 cujus
703 5172 786 5227 eliam
814 5189 890 5229 amor
912 5191 964 5247 pe·
1015 5184 1043 5231 et
1061 5175 1199 5230 interdum
1220 5172 1249 5227 in
1268 5171 1368 5243 spiritu
1387 5169 1506 5240 plurima
1525 5167 1649 5237 ridebat,
1670 5167 1704 5223 de
1724 5166 1814 5239 quibus

155 5256 224 5312 ctori
244 5257 304 5326 ejus
330 5257 446 5314 firmiter
473 5259 678 5334 conglutinatus
707 5271 757 5318 est.
786 5265 837 5321 Pro
867 5266 964 5339 requie
1015 5267 1161 5339 paucalris
1181 5266 1306 5338 quicum
1328 5269 1456 5320 eceraut
1475 5258 1604 5316 narravit.
1634 5261 1816 5315 intereavero

155 5362 221 5426 vero
241 5348 395 5405 animarum
414 5350 559 5407 amborum
585 5352 687 5408 multas
701 5355 893 5428 eleemosynas
908 5359 964 5414 lar·
1015 5362 1190 5419 Werinbario
1212 5360 1305 5416 abbati
1331 5360 1365 5415 de
1389 5356 1560 5414 monasterio
1586 5355 1667 5411 lulla
1700 5349 1815 5426 [Fnlda}

156 5435 229 5508 gitus
243 5445 285 5492 ⁰³¹
297 5439 477 5510 impetibus,
501 5448 528 5497 el
547 5443 647 5498 mullos
665 5443 804 5500 0l8150110³
825 5455 853 5500 et
868 5461 965 5518 preces
1014 5454 1168 5517 nominato,
1183 5469 1265 5508 causa
1276 5449 1454 5524 ivisitationis
1469 5448 1503 5503 ad
1518 5462 1581 5501 eum
1597 5446 1736 5511 venienti,
1755 5445 1817 5498 iuter

156 5524 191 5578 ad
206 5524 353 5583 [lominum
367 5528 491 5599 quotidie
501 5529 608 5601 effudit,
628 5539 658 5588 ut
669 5532 709 5588 cis
721 5532 845 5589 misereri
862 5535 964 5609 digna·
1014 5544 1069 5600 alia
1080 5543 1162 5599 dixis:
1181 5567 1192 5590 a
1208 5544 1247 5599 tu
1255 5550 1318 5614 post
1333 5555 1377 5594 mc
1392 5539 1438 5594 bic
1453 5536 1572 5593 deberes
1588 5535 1741 5607 episeopus
1754 5533 1815 5599 fieri,

193 5652 267 5724 (5⁷)
283 5655 342 5722 Ab,
359 5655 479 5730 Ollius&
494 5627 500 5638 '
1052 5661 1104 5730 (58
1117 5661 1126 5731 l
1140 5661 1199 5723 at,
1218 5658 1412 5732 lluoduugum·
