3840 6106
203 258 238 312 79
425 322 427 327 Ι
729 248 782 327 ¹llll
801 245 994 302 Floobatton
1014 244 1175 304 unnedica
1196 243 1369 300 REMENSIS.
1839 251 1872 308 30

206 385 316 444 obuiam
331 384 473 440 studerent
491 395 647 446 occurrero,
676 393 708 433 ac
729 393 785 433 non
801 377 884 432 modo
896 375 1011 451 benigni
1023 384 1048 449 Α
1063 374 1263 441 immolatione,
1286 373 1388 431 mulier
1411 374 1537 446 quaedam
1560 373 1596 432 de
1624 390 1696 451 pago
1724 376 1872 437 'frecasino

206 475 297 533 cordis
307 472 501 537 intentionem,
515 468 583 541 quin
611 467 693 522 etiam
710 478 801 521 reram
818 465 1011 537 temporalium
1064 467 1250 523 membrorum
1277 466 1401 522 omnium
1427 466 1579 547 agitatione
1600 469 1727 536 multata,
1756 470 1872 527 venians

206 567 415 630 exhibitionem,
444 571 526 634 prout
561 561 662 632 cuique
692 559 806 615 facultas
834 558 1010 630 suppetebat.
1064 556 1873 630 eoramaltariruitinpavimento;ibiqnemiserabiliter

207 659 352 716 afferrent:
367 657 468 712 mulier
489 654 613 728 quaedam
638 652 815 724 paupercula,
845 651 879 706 dc
902 651 1012 707 civitate
1063 647 1110 701 din
1126 657 1221 701 vexata
1241 646 1322 716 hujus
1350 645 1468 717 piissimi
1483 646 1667 702 consolatoris
1691 646 1871 705 miseratione

207 763 360 820 properans
375 747 404 802 in
417 761 573 810 occursum,
600 759 682 797 manu
706 758 817 797 cereum
834 740 949 806 ferebat,
964 740 1012 812 qui
1063 738 1152 812 surgit
1166 737 1313 793 incolumis
1337 736 1444 793 effecta.
1472 738 1538 802 Quae
1558 755 1643 810 super
1667 745 1770 796 eventu
1787 746 1873 796 rania

205 856 340 896 accensus
367 833 508 910 nunquam
533 835 630 892 fuerat.
651 833 775 912 Mirabile
798 832 884 898 dictu,
919 831 1012 887 subito
1062 829 1188 886 consulta
1211 829 1384 895 calamitatis,
1409 845 1507 885 necem
1529 847 1560 887 se
1591 831 1874 904 propriaeuuniirauni

206 930 316 986 coalitus
344 934 412 983 nutu
436 926 530 982 divino
554 940 651 981 cereus
675 923 704 977 iu
729 938 812 978 mauu
833 920 957 996 gerentis
971 926 1014 974 est
1064 930 1239 994 perpetrasse
1257 923 1365 977 matris.
1386 922 1529 978 blissarum
1544 923 1670 996 denique
1698 925 1874 982 solemnibus

207 1011 402 1077 illuminatus:
426 1019 560 1089 illumque
585 1017 651 1072 dum
680 1031 729 1087 per
749 1023 833 1071 totam
855 1013 943 1069 defert
968 1012 1014 1067 illa
1065 1028 1190 1069 armore
1218 1012 1349 1083 peractis,
1383 1028 1434 1067 sna
1449 1013 1554 1084 quique
1569 1020 1712 1085 repetunt,
1737 1016 1875 1072 reversuri

206 1115 289 1177 viam,
317 1113 365 1168 llei
388 1110 545 1166 confitendo
572 1108 747 1175 miraculum,
768 1121 944 1178 nequaquam
966 1120 1023 1165 su·¹
1065 1109 1172 1157 mature
1188 1101 1215 1155 in
1229 1100 1437 1166 crastinum,arl
1452 1102 1505 1157 hoc
1521 1102 1613 1159 tutelae
1634 1119 1691 1159 suae
1716 1105 1875 1174 praesidium

208 1203 287 1274 pomi
304 1201 415 1257 luminis
429 1200 530 1256 amittit
545 1199 592 1254 ille
606 1197 784 1263 beneficium,
806 1195 896 1251 donec
906 1192 1015 1249 mirifici
1067 1191 1095 1246 in
1110 1191 1249 1247 civitatem
1266 1190 1472 1261 perferendum.
1501 1191 1580 1246 ldane
1592 1191 1649 1264 jam
1664 1192 1746 1262 facto,
1759 1194 1828 1250 dum
1843 1197 1875 1251 ad

209 1291 325 1364 pignora
343 1289 429 1362 patris
444 1289 472 1343 in
486 1288 614 1344 stationis
630 1287 750 1359 propria
766 1283 1015 1357 perferrenturdo·
1066 1280 1224 1338 condictum
1251 1282 1375 1338 studiose
1402 1283 1589 1351 contenditur,
1614 1285 1734 1341 Erluidis
1748 1288 1876 1360 quaedam

209 1397 294 1447 mum,
322 1380 423 1451 hicque
448 1364 473 1433 a'
483 1377 612 1449 pontifice
647 1376 784 1433 solemnia
807 1374 1016 1431 celebrarentur
1066 1372 1175 1440 mulier,
1192 1372 1265 1426 haud
1282 1373 1377 1443 procul
1392 1372 1426 1427 ab
1443 1374 1512 1428 urbe
1532 1375 1650 1448 degens,
1666 1375 1700 1430 ad
1717 1383 1878 1450 munninio.

210 1471 365 1526 missarum.
380 1471 454 1525 Tunc
474 1469 576 1526 femina
604 1485 716 1526 cereum
737 1468 842 1523 lumine
853 1467 1015 1541 flagrantem
1067 1462 1200 1519 cessionis
1229 1464 1419 1534 spectaculum
1446 1464 1612 1536 disponebat
1631 1466 1719 1522 exire.
1741 1476 1877 1539 quatenus

209 1560 330 1614 mirabili
346 1558 467 1615 basilicas
482 1558 697 1614 traditcustodi:
711 1557 758 1629 qui
768 1556 804 1612 ob
817 1570 1018 1627 supernaegra-
1067 1563 1167 1626 optatae
1182 1555 1324 1626 sospitatis
1340 1556 1381 1610 uti
1408 1564 1562 1613 mereretur
1590 1573 1714 1614 munere.
1732 1559 1800 1625 Quae
1814 1561 1878 1631 quia

208 1653 253 1708 tie
269 1652 343 1724 quod
362 1651 517 1726 contigerat
526 1651 670 1725 gaudium,
680 1649 828 1704 luminaria
843 1661 1017 1718 quaecunque
1066 1647 1122 1715 jam
1137 1663 1188 1718 per
1200 1647 1684 1724 quinquenniumlanguorepressa,
1701 1659 1879 1724 partemcor·

209 1757 259 1812 per
273 1739 418 1796 ecclesiam
443 1738 609 1795 videbantur
628 1738 725 1794 ardere
738 1734 852 1792 mandat
865 1733 1014 1807 exstingui,
1033 1742 1056 1808 Β
1068 1739 1144 1809 poris
1158 1740 1282 1794 dextram
1307 1748 1514 1810 praemortuam,
1536 1758 1667 1815 peneque
1690 1743 1820 1818 gaaaabaa
1835 1744 1878 1798 in.

209 1832 369 1903 luminequc
384 1830 517 1885 divinitus
533 1831 585 1886 hoc
600 1829 663 1884 dato
679 1844 774 1884 rursus
787 1826 917 1883 accendi:
932 1826 1017 1895 hujus
1067 1829 1173 1894 utilem,
1186 1829 1248 1884 uisu
1268 1844 1323 1900 quo
1344 1836 1451 1900 poterat
1467 1830 1611 1898 accedere,
1637 1838 1665 1887 ct
1679 1832 1713 1887 ad
1728 1832 1876 1890 visendum

210 1936 276 1977 vcro
299 1929 406 1992 partem
427 1919 501 1975 cerei
526 1919 597 1975 coelo
622 1919 678 1973 dati
707 1916 831 1972 miraculi
848 1914 974 1970 decernit
989 1913 1018 1967 in
1067 1917 1138 1974 sacri
1154 1919 1237 1992 hujus
1254 1920 1378 1975 muneris
1402 1921 1533 1991 loculum,
1549 1938 1612 1978 sese
1634 1924 1748 1981 molitur
1764 1941 1877 1997 promo·

211 2009 401 2065 “stimulum
422 2006 566 2063 1151111111·
1068 2024 1142 2064 vere.
1156 2009 1279 2082 funique
1292 2010 1339 2066 tali
1350 2012 1496 2067 conamine
1515 2012 1573 2082 jam
1588 2013 1646 2070 fare
1668 2014 1792 2072 medium
1811 2033 1877 2089 per·

248 2100 401 2175 flotgardus
416 2096 1019 2172 [ms.'letgardislquaedamfeminadepago
1070 2105 1194 2174 agrasset
1218 2098 1327 2154 itineris
1352 2101 1435 2170 hujus
1462 2101 1595 2173 spatium,
1616 2120 1671 2160 non
1692 2106 1790 2162 valens
1810 2106 1878 2162 nina

211 2193 352 2261 Castricio,
372 2189 517 2267 gradiendi
544 2205 642 2246 carens
659 2188 762 2257 officio,
782 2188 905 2259 pristinae
919 2186 1021 2261 gaudet
1070 2192 1233 2263 pinnedene,
1249 2193 1327 2266 gram
1344 2194 1449 2248 compi
1470 2195 1595 2251 confecta
1610 2196 1716 2254 labore·
1732 2197 1879 2256 Medium

211 2302 273 2343 eura
286 2284 483 2340 incolumitatis
494 2282 568 2338 dono
589 2299 596 2336 ι
611 2289 640 2336 ut
655 2296 718 2353 quae
729 2280 853 2352 plaustro
865 2279 1020 2334 devehente
1070 2284 1182 2340 domum
1199 2285 1298 2352 redire,
1315 2285 1364 2340 sed
1380 2287 1477 2358 nequit
1488 2288 1541 2344 boc
1561 2288 1700 2346 ullatenus
1714 2290 1875 2363 adimplere.

211 2377 299 2433 fuerat
309 2376 437 2442 adducta,
446 2374 569 2446 propriis
585 2370 1020 2445 postmodumpedibusremeare
1070 2374 1134 2440 Quae
1149 2383 1294 2447 postquam
1308 2378 1359 2432 hac
1374 2377 1535 2449 aliquandiu
1551 2388 1652 2435 nutans
1663 2381 1752 2451 jacuit
1769 2382 1878 2437 haesita·

210 2469 314 2524 valerct
337 2468 370 2523 ad
400 2483 460 2522 sua.
490 2467 626 2521 Praeterea
646 2464 746 2519 mulier
773 2464 899 2535 quaedam
926 2478 1020 2517 secum
1071 2464 1156 2528 tione,
1169 2465 1280 2520 demum
1307 2474 1448 2537 resumpto
1476 2469 1628 2525 moliminis
1644 2486 1725 2538 ausu,
1742 2478 1832 2527 tentat
1845 2487 1877 2526 an

210 2562 352 2634 parvulam
366 2576 415 2615 sex
431 2575 565 2615 annornm
594 2559 652 2613 fere
672 2557 762 2612 defert
795 2553 1020 2618 filiam,nomine
1070 2557 1160 2611 valeat
1188 2557 1279 2613 adhuc
1305 2558 1508 2630 aliquantulum
1535 2560 1734 2634 propinquare.
1765 2562 1879 2635 blanque

211 2649 367 2706 Vulfrdcm:
388 2665 450 2720 quae
469 2647 535 2703 dum
554 2645 673 2718 quadarn
687 2647 732 2701 die
746 2661 809 2700 curn
826 2643 925 2700 coaevis
938 2641 1017 2696 lude·
1070 2645 1164 2701 divina
1183 2645 1333 2701 miserante
1352 2647 1598 2724 clementiavigor
1614 2650 1696 2723 aegris
1709 2650 1824 2707 additur
1837 2650 1878 2706 ni·

210 2750 261 2810 rot,
277 2742 311 2797 ab
337 2740 430 2812 aliqua
452 2745 614 2795 transeunte
647 2738 716 2794 forte
744 2736 858 2792 muliere
889 2749 1020 2806 percussa
1070 2734 1147 2790 sibus
1164 2736 1345 2809 ;viribusque
1361 2754 1423 2794 cum
1451 2738 1612 2796 salubritate
1639 2741 1770 2813 receptis,
1793 2741 1879 2798 libera

210 2829 342 2884 fueratin
371 2827 543 2901 capitefluo
572 2827 628 2882 ictu
650 2826 724 2892 laesa,
753 2825 792 2879 ita
815 2832 845 2879 ut
863 2824 924 2892 ejus
948 2829 1026 2877 rotro
1072 2827 1208 2883 festinans
1221 2828 1371 2892 celeritate,
1401 2831 1541 2904 nimiaque
1561 2833 1718 2905 tripudians
1730 2833 1878 2903 hilaritate,

209 2922 342 2976 reflexum
358 2920 494 2976 inhaerere
521 2919 594 2974 cerri
610 2917 750 2975 videretur
780 2915 953 2987 occipitium,
969 2929 1021 2969 uec
1071 2935 1126 2991 quo
1138 2920 1297 2976 decreverat
1308 2931 1413 2998 aegrota
1424 2939 1454 2979 se
1472 2925 1654 3002 trahereagili
1670 2926 1755 2999 coepit
1770 2907 1879 2984 incessu

210 3010 239 3065 in
253 3011 336 3065 aliam
356 3016 438 3081 caput
454 3007 589 3064 reclinare
609 3014 715 3078 partem
735 3005 839 3061 valeret
856 3023 863 3070 ;
880 3004 934 3060 cibi
954 3018 1020 3060 vero
1071 3008 1404 3084 gaudensapproperare.
1415 3011 1675 3071 lnfrrmitatisetiam
1687 3016 1879 3072 snacsolamen

211 3100 325 3165 nullam,
338 3098 390 3153 nisi
401 3097 534 3171 liquidam
548 3112 659 3154 sumere
668 3102 760 3168 posset
776 3094 1019 3161 sustentationem,
1031 3070 1056 3140 C
1068 3108 1151 3157 mauu
1167 3102 1410 3173 serenabaculum,
1429 3106 1483 3161 iter
1498 3106 1605 3180 peragit
1619 3106 1803 3175 destinatum,
1827 3122 1879 3163 non

211 3205 273 3260 qllae
289 3187 427 3260 integrum
455 3186 566 3242 subldll
587 3187 673 3241 l'ttl'me
705 3185 802 3241 labore
827 3184 943 3240 duxerat
953 3182 1018 3238 anni
1069 3201 1098 3247 ut
1111 3193 1299 3265 ejusamplius
1313 3201 1408 3267 egeret
1422 3195 1533 3262 auxilio,
1560 3196 1609 3252 sed
1623 3204 1655 3252 ut
1672 3197 1795 3267 inhujus
1811 3198 1879 3254 (latae

210 3281 389 3338 curriculum·
418 3282 504 3346 Quam
535 3289 623 3337 nater
651 3278 750 3336 affeetu
771 3277 891 3351 diligens
911 3285 1017 3342 renero,
1068 3283 1435 3340 sibisauaausesrenderet
1453 3285 1622 3343 testimonio.
1648 3286 1877 3359 perveniensque

211 3374 301 3446 doque
323 3373 420 3430 salutis
435 3374 524 3445 ipsius
538 3372 657 3429 sollicita
680 3371 902 3443 recuperatione,
914 3358 1034 3424 studuit'
1069 3392 1124 3448 qua
1139 3377 1352 3445 desideraverat,
1377 3377 1556 3434 laudabunda
1567 3378 1681 3435 daroma
1693 3378 1880 3436 interventuri

210 3467 477 3521 obriamdedueere.
500 3467 625 3537 dumque
657 3465 784 3521 cominus
803 3463 839 3518 ob
855 3461 1018 3518 densitatem
1069 3482 1120 3522 suo
1149 3467 1277 3540 rependit
1292 3467 1394 3541 gratias
1416 3466 1539 3540 :hicque
1569 3468 1706 3540 perlatum
1737 3468 1881 3524 dimittens

175 3606 180 3619 .
210 3554 395 3610 multitudinis
417 3570 471 3610 nort
487 3555 561 3610 valet
587 3553 731 3619 accedere,
752 3558 880 3623 procurat
895 3549 1021 3620 aliquan·
1070 3555 1211 3622 bacillum,
1227 3555 1325 3627 priscae
1344 3557 1509 3613 calamitatis
1537 3573 1595 3615 suae
1619 3558 1761 3624 solatium,
1784 3558 1882 3615 alacris

210 3643 297 3699 tulum
312 3643 409 3716 vulgus
434 3642 611 3698 antecedere.
627 3642 687 3697 lion
701 3641 730 3696 in
745 3641 791 3695 uia
813 3657 863 3712 per
875 3654 956 3710 quam
970 3640 1021 3694 iter
1067 3644 1136 3714 jam,
1149 3660 1201 3700 nec
1213 3643 1275 3716 opis
1295 3645 1377 3716 huius
1393 3646 1519 3720 indigna,
1541 3647 1641 3717 repetit
1656 3646 1709 3703 iter
1723 3663 1880 3712 emensum,

210 3732 433 3807 attingendum,
449 3747 512 3787 sese
527 3740 706 3803 prosternens
732 3730 816 3785 simul
834 3727 1017 3790 1111101011.
1071 3741 1197 3794 reterens
1207 3739 1270 3794 beta
1290 3740 1438 3811 quesitum
1446 3741 1556 3799 divinae
1566 3740 1767 3800 consolationis
1778 3739 1881 3798 suffra·

211 3823 382 3880 fultaualida
402 3822 468 3892 fide,
484 3840 584 3896 preces
599 3824 633 3878 ad
653 3823 913 3880 Dominumdeuota
927 3819 1021 3895 dirigit
1071 3830 1158 3906 ginni,

210 3922 313 3969 mente.
330 3913 452 3970 Necdum
477 3912 512 3968 ab
526 3912 653 3970 oratione
666 3921 797 3977 cessarat,
818 3920 846 3968 et
860 3909 1020 3982 ecceipsius
1105 3919 1261 3977 ,inveniann
1278 3921 1412 3993 panasei,
1438 3922 1504 3980 niani
1530 3929 1748 4000 magnarumque
1764 3923 1883 3995 saipaana

209 4005 456 4078 1111111011111111
486 4002 552 4061 fllia·
569 4005 654 4071 11111111
673 4005 805 4080 genitrix,
832 4015 862 4060 111
886 4003 1020 4058 1111111111
1070 4013 1192 4087 agmine,
1215 4013 1325 4069 uictima
1340 4015 1437 4071 salutis
1447 4015 1550 4081 oblata,
1575 4014 1698 4071 vestibus
1715 4013 1788 4070 albis
1801 4014 1883 4070 indu·

210 4098 370 4152 10110111111
384 4096 539 4167 blanditiis,
562 4111 689 4168 Sufgesssi
715 4096 827 4161 1111111111»
848 4103 931 4165 11111111
961 4094 1021 4162 11111
1071 4113 1127 4173 tus,
1143 4123 1206 4162 eum
1220 4106 1312 4161 choris
1326 4107 1504 4178 psallentium
1518 4107 1707 4182 gratissimum
1720 4107 1837 4163 deducit
1849 4105 1882 4160 ad

211 4187 244 4242 11)
262 4184 550 4243 1111110111111111
570 4184 1019 4258 11101111111111111111111111111
1070 4198 1170 4254 moenia
1188 4198 1307 4254 civitatis
1334 4200 1504 4256 thesaurum.
1526 4200 1583 4256 lllis
1605 4207 1699 4255 autem
1715 4197 1837 4255 feliciter
1851 4214 1884 4254 eo

211 4295 360 4335 remeasse.
377 4279 452 4335 func
476 4279 560 4334 nimia
580 4279 718 4334 hilaritate
744 4277 860 4349 repleta,
880 4276 929 4331 sed
941 4284 970 4331 et
984 4276 1019 4331 de
1071 4287 1324 4359 progredientibus,
1341 4295 1368 4343 aa
1391 4296 1534 4364 giaaanaai
1547 4289 1582 4344 ad
1601 4288 1771 4344 daaainaauna
1793 4287 1884 4343 inania

124 4438 131 4448 ἱ
211 4369 296 4439 prolis
311 4369 429 4424 sanitate
445 4368 561 4434 confisa,
586 4368 758 4440 perlustrans
771 4366 895 4424 vulneris
917 4365 1018 4432 locum,
1070 4376 1258 4443 renuentibus,
1274 4376 1453 4450 omniparens
1477 4376 1548 4433 bana
1575 4377 1603 4432 in
1621 4377 1704 4447 nujus
1726 4375 1884 4432 ananiasinii

210 4461 777 4534 1111111511111111111111111111111110311111
793 4460 1016 4528 diacontractos,
1030 4447 1058 4517 D
1070 4469 1112 4524 sui
1127 4468 1328 4545 glorificatione
1343 4470 1448 4528 fontem
1458 4487 1515 4527 suae
1527 4470 1709 4545 benignitatis
1722 4484 1755 4526 ac
1770 4469 1884 4542 largita·

210 4570 242 4609 ac
257 4554 278 4609 si
295 4552 377 4609 furies
391 4555 512 4622 extendi,
542 4555 702 4625 productos.
719 4553 764 4610 Sic
783 4559 897 4625 accepta
911 4551 1020 4609 miseri·
1072 4560 1225 4619 risabnnda
1240 4569 1282 4619 aaa
1297 4562 1426 4637 dignans
1437 4562 1629 4629 effundebant
1643 4563 1687 4619 uia
1702 4562 1801 4635 lingua
1811 4575 1885 4634 qua·

209 4646 311 4702 10111111
325 4664 408 4720 (11111111
432 4647 804 4720 (11111111111111111110111,
820 4648 933 4705 domum
957 4646 1020 4702 laela
1070 4652 1223 4711 libetcffari
1233 4655 1331 4723 valeat,
1347 4657 1470 4727 quaehoc
1487 4655 1659 4712 tuncitinere
1673 4669 1724 4725 per
1739 4654 1800 4726 ipsa
1813 4669 1885 4726 pene

210 4739 437 4810 cumgratiarum
452 4740 601 4797 revertitur
614 4741 732 4799 actione.
1070 4752 1264 4799 momentanea
1285 4751 1363 4817 gesta
1386 4744 1540 4815 probantur
1566 4745 1695 4800 horarum
1722 4743 1884 4800 interstitia.

246 4831 301 4887 flac
314 4830 399 4902 igitur
411 4831 547 4906 dignitate
555 4831 771 4900 clarificationis,
783 4839 812 4889 et
823 4849 915 4890 rerum
925 4839 1019 4907 gesta·
1070 4833 1136 4888 Nam
1152 4840 1257 4888 tantam
1272 4833 1403 4889 [lominus
1429 4833 1473 4890 hic
1497 4841 1628 4904 operatus
1655 4842 1698 4888 est
1709 4831 1817 4889 hoodie
1831 4831 1885 4887 mi-

210 4939 271 4978 rum
287 4923 471 4980 admiratione
498 4926 598 4981 cohors
613 4925 725 4996 stipata,
750 4933 872 4995 votoque
894 4922 1020 4994 gratula·
1070 4922 1228 4978 raculorum
1253 4921 1481 4997 magnitudinem,
1511 4932 1541 4978 ut
1555 4923 1606 4979 viri
1626 4929 1759 4993 quatuor,
1772 4920 1884 4977 feminae

210 5012 294 5068 tionis
308 5020 448 5084 arreptum
464 5023 520 5069 toto
545 5013 662 5070 terroris
682 5014 735 5089 iter
749 5014 860 5076 annisu,
876 5029 937 5069 eum
951 5028 1019 5069 can·
1070 5027 1133 5067 vero
1149 5028 1260 5078 novem,
1277 5013 1366 5067 visum
1381 5031 1388 5077 ;
1405 5012 1456 5068 uiri
1469 5026 1582 5085 quoque
1598 5011 1788 5085 duogrcssum
1810 5009 1884 5066 reoi-

210 5103 284 5173 ticis,
292 5105 459 5178 hymnisque
479 5122 644 5178 percurrere
663 5106 818 5179 satagebat.
836 5106 1019 5162 Praecesserat
1070 5119 1135 5175 pere
1151 5113 1335 5160 mererentur.
1352 5104 1420 5161 Cum
1444 5103 1525 5174 hujus
1551 5104 1646 5175 itaque
1661 5101 1802 5174 praeclarae
1817 5119 1882 5176 gra·

210 5192 341 5263 equidem
370 5194 481 5265 praesul,
509 5195 558 5251 sed
587 5195 793 5252 reversuscleri
819 5194 1019 5253 comitantibus
1070 5194 1212 5250 tutationis
1239 5193 1433 5265 admiratione,
1457 5193 1485 5248 in
1504 5193 1644 5249 civitatem
1672 5191 1708 5247 ad
1734 5190 1882 5248 ecclesiam

155 5315 160 5321 -
209 5281 303 5336 choris
317 5282 551 5353 pretiosissimum
564 5285 682 5355 propriis
691 5285 853 5342 thesaurum
865 5284 950 5341 sumit
965 5285 1019 5341 hu·
1069 5286 1118 5341 bei
1130 5285 1285 5352 Genitricis,
1302 5285 1487 5357 prosperrima
1501 5284 1661 5357 pervenitur
1680 5282 1880 5340 exsultatione.

210 5369 294 5425 meris
311 5388 317 5424 :
336 5378 364 5426 et
374 5371 413 5429 sic
426 5372 460 5427 ad
475 5372 565 5444 ipsius
578 5375 720 5445 propriam
734 5374 890 5431 beatissimi
902 5374 1015 5431 domum
1067 5375 1165 5446 Sicque
1179 5375 1291 5431 lucerna
1308 5376 1367 5432 haec
1379 5377 1476 5432 lucens
1498 5382 1527 5430 et
1541 5375 1642 5430 ardens
1657 5372 1840 5440 eternaliter,
1854 5371 1879 5426 in

210 5457 308 5529 patris,
323 5476 387 5516 cum
408 5477 509 5537 magna
527 5462 631 5535 perfert
658 5463 746 5541 gloria
762 5463 949 5533 jubilationis.
970 5464 1017 5519 det
1066 5467 1163 5524 altaris
1175 5468 1281 5524 sistitur
1303 5469 1453 5542 crepidine.
1471 5469 1539 5525 Dum
1562 5467 1664 5539 praesul
1684 5466 1770 5540 igitur
1787 5466 1822 5520 ad
1838 5479 1879 5519 sa·

208 5545 425 5621 ubipervenitur
448 5550 475 5605 in
507 5551 664 5620 ecclesiam,
691 5567 752 5626 quae
776 5560 934 5626 competere
959 5553 1020 5609 visa
1068 5556 1203 5613 orandum
1216 5555 1316 5614 vivifici
1338 5574 1440 5615 munus
1462 5557 1570 5615 accedit
1588 5555 1721 5629 mysterii,
1749 5554 1877 5627 quietam

208 5643 339 5698 suntrita
353 5641 507 5718 dispositis,
531 5645 660 5704 inchoata
682 5645 740 5717 jam
755 5645 1019 5722 victimaespiritalis
1069 5648 1188 5706 ferreum
1209 5659 1316 5722 peetus,
1329 5659 1384 5707 tam
1413 5651 1553 5724 lapideum
1566 5665 1614 5708 cor
1632 5648 1732 5722 gessit,
1753 5646 1802 5719 qui
1825 5659 1877 5701 non
