3840 6106
119 264 174 321 829
427 257 468 312 DE
487 253 616 312 CllillSTl
634 253 816 311 TlllilldPlllS
835 254 922 321 trun
943 251 1075 308 ttatthtl
1096 248 1185 304 tlettt
1203 247 1269 304 xlv,
1289 275 1324 287 -
1344 244 1406 300 Llli.
1427 244 1483 300 llll.

119 389 149 443 ln
166 384 284 442 Domino
294 398 406 454 sperare
421 392 515 437 monet
536 398 543 436 :
559 380 697 453 patienter
711 380 811 436 acerba

117 477 173 548 Spe
187 473 296 529 decoris
307 472 379 527 serre
393 469 507 527 aetherei
515 469 615 524 virtute
628 469 769 525 Tonantis.

118 568 218 624 Tidere
233 581 263 621 se
278 564 390 636 proprio
402 561 546 618 solandam
560 562 677 631 presule
690 559 769 616 viso:

118 660 154 715 Se
169 661 315 714 damnasse
330 637 404 711 ieros
419 652 602 724 Patribusque
620 658 732 708 notasse
746 651 876 708 terendos

118 747 242 801 Flamina
253 745 360 814 divino,
374 758 409 797 ne
425 742 487 815 quis
497 741 563 796 dein
579 741 644 796 talia
659 746 754 796 tentet.

117 838 265 892 llissurum
280 851 311 891 se
323 834 439 908 legatos,
453 833 500 888 ubi
512 839 636 903 tempora
650 832 735 908 digna

118 929 153 983 Se
171 927 294 993 tulerint,
310 923 514 998 quissedeutur
521 923 636 993 hujusce
649 922 787 994 procellae.

157 1017 300 1094 Lingoniei
316 1029 390 1071 saevo
405 1015 508 1086 raptori
520 1013 645 1085 praesulls
660 1029 722 1069 orsa

119 1107 227 1182 Dirigit,
241 1114 272 1161 ut
285 1104 406 1160 tamdem
423 1103 509 1179 gestis
519 1103 664 1174 resipiscat
678 1104 789 1170 amaria,

118 1196 282 1252 Pontificem
299 1194 405 1260 reddat,
419 1192 531 1248 damnet
544 1208 606 1264 quae
627 1192 686 1247 dira
701 1193 823 1264 patrarit.

119 1291 169 1346 Sin
184 1306 276 1356 secus,
291 1297 401 1344 aeternae
417 1288 553 1358 plectetur
566 1286 684 1342 tormine
704 1286 822 1342 mulctae.

154 1377 304 1452 Sacrilegis
317 1391 402 1447 super
416 1374 459 1429 his
473 1374 578 1445 patrios
592 1374 702 1449 delegat
716 1373 803 1430 0doni

947 400 967 450 ,q
983 377 1073 449 lpsius
1086 383 1198 447 aspectu
1213 373 1296 430 solari
1308 388 1340 428 ac
1353 371 1457 428 famine
1476 369 1573 443 possit.

981 465 1089 521 Interea
1099 480 1199 537 panem
1215 461 1391 519 benedictum
1408 474 1523 516 munere
1533 457 1632 525 mittat,

978 556 1081 612 Tutela
1095 554 1220 626 nullique
1235 552 1329 609 favens
1343 550 1475 607 assentiat
1489 546 1570 605 hosti.

979 647 1050 712 Quin
1065 644 1181 701 adversa
1195 649 1302 716 premat
1311 658 1388 699 sacro
1403 639 1555 708 molimine,
1568 638 1631 708 jure

980 732 1088 789 Crescat
1097 733 1225 803 utipsius
1238 739 1377 802 sumptum
1392 728 1547 786 munimine
1562 742 1689 801 regnum.

1018 842 1099 899 Tolco
1111 842 1193 898 etiam
1209 840 1310 913 praesul
1324 846 1417 914 grates
1429 853 1446 893 a
1459 837 1527 893 sede
1536 841 1661 893 vocatum

982 935 1017 989 Se
1030 933 1155 989 reterens
1170 932 1254 1000 Petri,
1271 930 1359 1003 poscit
1370 928 1500 1003 suffragia
1513 929 1581 1003 regi.

983 1022 1144 1080 Gratitieans
1155 1024 1229 1098 regis
1247 1023 1322 1096 quod
1335 1029 1517 1092 ressuscepta
1532 1019 1652 1092 benigne

982 1115 1131 1184 Tractetur,
1147 1116 1236 1186 patrio
1249 1114 1396 1170 foveantur
1408 1121 1516 1184 sceptra
1529 1110 1630 1174 nitore,

982 1206 1122 1262 Sollicitus
1129 1206 1165 1241 ³⁰⁸
1179 1222 1228 1278 pro
1243 1206 1328 1283 regali
1344 1205 1417 1278 quod
1428 1202 1554 1280 germine
1564 1215 1646 1273 papa.

982 1295 1110 1371 Suggerit
1126 1311 1192 1368 ergo
1208 1306 1318 1368 petens,
1331 1294 1422 1350 lavent
1433 1309 1467 1348 ne
1481 1291 1606 1364 partibus
1621 1288 1717 1355 hostis,

982 1383 1102 1439 Roboret
1113 1383 1141 1439 id
1155 1385 1254 1458 magis,
1271 1383 1404 1450 exaltans,
1419 1398 1435 1437 e
1449 1381 1553 1438 uiribus
1571 1392 1678 1452 eugeus
1693 1394 1700 1430 :

118 1471 296 1544 Sceptrigero
308 1469 439 1534 monitus,
454 1475 483 1523 ut
498 1468 624 1523 selatitos
638 1468 813 1523 anathemate
824 1468 929 1538 plexos:
981 1475 1141 1532 Accumulat
1153 1475 1294 1547 precibus,
1312 1475 1440 1547 votisque
1449 1473 1487 1528 qd
1500 1471 1593 1528 sidera
1609 1469 1708 1524 missis.

119 1564 194 1629 Quos
207 1577 259 1616 noe
272 1560 414 1630 suscipiat,
431 1574 483 1615 nec
497 1558 538 1613 nis
556 1557 685 1615 affamina
697 1559 806 1635 jungat,

120 1656 247 1727 ipsorum
256 1669 317 1709 sese
326 1651 458 1708 maculari
470 1651 586 1707 crimine
601 1651 670 1706 vitet

119 1746 288 1813 Quinimmo
302 1743 431 1800 Ecclesiae
442 1752 578 1815 prestans
592 1743 728 1816 solamina
740 1741 822 1808 tritae,

121 1836 261 1909 Protegat,
276 1832 408 1888 auxilinm
420 1832 595 1903 impendens,
611 1831 660 1886 ubi
675 1830 775 1886 viderit
789 1837 882 1902 aptum

122 1923 185 1978 llaec
199 1922 297 1977 eadem
311 1920 407 1977 Carolo
423 1921 552 1976 mandata
567 1919 695 1975 tenenda
704 1920 817 1992 relegat.

982 1563 1087 1619 Pulsari
1101 1564 1237 1634 adjiciens
1251 1566 1304 1622 hoc
1318 1565 1353 1619 ab
1366 1563 1492 1621 hostibus
1504 1559 1629 1633 undique
1644 1556 1723 1613 lusis.

983 1654 1056 1719 Quos
1074 1655 1254 1730 rogatarceri,
1271 1669 1488 1727 pervasoresque
1502 1650 1612 1723 repelli,

983 1743 1130 1802 Praedones
1143 1748 1257 1818 reprimi
1269 1746 1457 1803 moderamine
1469 1741 1603 1820 regminis
1615 1738 1700 1795 almi:

983 1836 1021 1892 Ne
1036 1837 1106 1893 inter
1116 1838 1291 1894 Christicolas
1304 1838 1407 1895 bellum
1421 1836 1502 1892 civile
1515 1838 1635 1910 geratur,

983 1929 1130 2004 Naufragio
1150 1931 1279 1987 Ecclesiae
1292 1947 1327 1987 ne
1337 1927 1581 2006 gaudeataemulus
1595 1931 1684 1987 atmx,

156 2009 316 2065 Waltarium
333 2008 487 2078 Senonum,
510 2017 690 2064 temerantem
702 2008 814 2069 oracula
828 2008 932 2081 letum,
984 2019 1097 2075 lttieitos
1112 2019 1150 2074 ibi
1171 2019 1302 2090 subjectis
1315 2020 1467 2076 nitentibus
1485 2032 1578 2073 ausus.

120 2102 242 2173 Corripit
251 2102 419 2174 increpitans
433 2101 608 2168 ;Treeesinae
625 2101 720 2157 intulit
731 2101 791 2157 urbi

120 2192 266 2266 llegimina
280 2208 336 2247 non
350 2192 414 2248 lecti
427 2208 476 2248 cur
491 2192 629 2262 praesulis,
646 2202 729 2264 atque
748 2191 852 2264 recepti

120 2284 158 2338 lix
168 2284 225 2338 alia
238 2284 361 2339 Ecclesia
375 2291 472 2340 contra
486 2283 598 2339 decreta
614 2293 738 2354 paterna.

1019 2135 1088 2201 Quid
1104 2137 1299 2193 medicamenti
1315 2138 1468 2211 impendat,
1484 2135 1609 2192 consulta
1623 2132 1755 2204 reposcit,

986 2227 1131 2286 lamberto
1145 2231 1334 2302 induperatori
1347 2231 1400 2286 sibi
1413 2245 1496 2286 came
1512 2229 1668 2301 propinquo

985 2319 1171 2378 llultimodam
1188 2339 1344 2398 agnoscens
1367 2338 1460 2378 curam
1488 2318 1650 2392 dependere
1666 2334 1764 2390 papam
1782 2335 1790 2384 ;

121 2376 210 2440 Quem
225 2391 380 2443 ‘mmm'
396 2375 498 2431 mmm
512 2375 548 2410 ³⁰⁸
562 2375 667 2441 mmm
682 2375 871 2432 m⁰d⁰mmina
880 2382 936 2431 ιη’
986 2407 1101 2478 Gaudet,
1113 2426 1145 2466 ac
1164 2413 1289 2484 exposcit
1302 2418 1413 2468 maneat
1425 2411 1538 2466 dileetio
1552 2409 1622 2464 talis.

839 2466 899 2539 retr,

120 2560 291 2629 sacratoque
304 2572 412 2613 sacmm
428 2556 529 2612 lticveo
543 2556 666 2627 impertit
680 2557 814 2613 honorem
830 2574 838 2611 ι

121 2652 224 2706 Nullus
240 2659 271 2706 ut
280 2651 397 2707 obsistat
411 2649 498 2717 scitis,
511 2650 658 2706 comitatur
669 2656 790 2705 euntem.

159 2746 229 2802 lluic
243 2746 314 2801 Patri
330 2745 443 2802 Carolus
456 2745 586 2801 Pormosn
601 2752 752 2820 grammata
766 2745 871 2817 legans.

121 2839 216 2909 Seque
230 2837 331 2908 suique
345 2836 433 2907 apicis
448 2836 666 2905 committitjura
676 2837 780 2891 tuenda
796 2853 803 2890 ε

123 2928 246 2983 Eximiae
258 2926 379 2982 referens
394 2936 486 3002 grates
501 2926 553 2982 sub
567 2928 672 2983 honore
682 2925 792 2992 favoris,

123 3021 158 3074 Se
175 3035 267 3093 genus
281 3027 363 3091 atque
378 3035 458 3074 suum
475 3019 590 3094 dignum
605 3019 671 3091 quia
684 3019 766 3075 laude
778 3020 891 3091 putarit,

124 3111 345 3182 Provectumque
356 3110 417 3179 ejus
430 3117 537 3184 gratnm
553 3110 606 3166 sibi
620 3111 698 3166 duxit
707 3111 876 3177 habendum,

123 3198 237 3253 Noverit
249 3213 314 3272 ergo
329 3197 383 3252 sibi
397 3213 490 3272 regem
506 3213 555 3270 pro
569 3199 640 3254 seire
655 3198 777 3267 dilatem,

125 3293 296 3348 llerotumet
310 3291 443 3346 famulum
457 3292 656 3361 jussissemire
676 3300 811 3365 paratum.

126 3384 192 3452 Eius
208 3383 338 3454 presidio
354 3384 458 3440 licitum
475 3385 510 3440 sit
524 3384 610 3440 fidere
626 3393 753 3451 rtantum

128 3475 218 3532 llostis
232 3475 412 3546 apostolicam
426 3485 546 3549 nequeat
561 3477 699 3534 divertere
714 3483 848 3535 mentem.

127 3567 279 3639 Augustum
294 3566 346 3621 sibi
362 3566 502 3635 conciliet,
519 3566 712 3640 Christumque
728 3577 857 3640 precetur
900 3552 905 3563 ⁶

130 3657 180 3712 Pro
191 3672 233 3718 se.
250 3673 356 3730 proque
369 3659 423 3714 sibi
436 3658 578 3716 commissi
591 3660 715 3732 regmine
726 3659 815 3736 regni,

128 3747 214 3818 Cuius
224 3755 254 3805 ut
266 3750 294 3806 iu
310 3757 403 3822 partes
415 3750 549 3807 accedere
563 3755 686 3818 censeat,
702 3759 781 3808 orat:

987 2496 1072 2560 Quem
1086 2497 1150 2554 licet
1164 2498 1276 2556 affinem
1292 2500 1369 2557 nullo
1383 2498 1508 2567 sibijure
1523 2495 1671 2554 colendum

987 2587 1080 2644 Prodit
1094 2633 1101 2660 ‚
1114 2592 1235 2648 amicitia
1250 2591 1336 2649 Patris
1356 2592 1409 2648 nisi
1424 2591 1532 2648 noverit
1546 2597 1667 2646 auctum.

1022 2700 1054 2753 ht
1069 2699 1165 2757 Carolo
1179 2704 1237 2780 regi
1248 2704 1316 2774 petit
1331 2704 1404 2760 bunc
1417 2703 1469 2758 sub
1484 2701 1588 2759 ledere
1603 2698 1687 2766 necti,

987 2787 1111 2862 lluicquo
1122 2793 1219 2850 ambos
1233 2812 1329 2871 regum
1344 2795 1442 2853 solatia
1456 2793 1579 2867 pendere
1587 2789 1668 2863 proli.

988 2879 1127 2940 Damnatis
1138 2904 1220 2960 quem
1236 2889 1258 2944 si
1274 2892 1341 2963 quid
1357 2886 1549 2946 medicaminis
1558 2884 1633 2948 addi.

987 2968 1103 3043 Quoque
1118 2981 1201 3036 modo
1215 2980 1258 3036 sel
1278 2996 1332 3053 qua
1346 2980 1398 3034 hos
1410 2977 1500 3033 valeat
1511 2990 1606 3032 curare
1623 2971 1739 3029 medella
1751 2987 1759 3034 ;

949 3047 975 3116 C
990 3077 1117 3149 llxpromi
1128 3075 1182 3131 sibi
1198 3075 1325 3148 deposcit
1338 3072 1441 3131 servire
1456 3078 1562 3144 parato.

1025 3192 1129 3249 Praesul
1143 3191 1189 3247 bic
1203 3190 1332 3266 egregius
1346 3186 1492 3243 Torrnosua
1506 3183 1634 3240 laudibus
1646 3181 1708 3237 altis

990 3282 1129 3348 Evehitur,
1146 3291 1249 3344 castus,
1267 3293 1366 3350 parcus
1379 3275 1443 3342 sibi,
1459 3275 1551 3350 largus
1570 3270 1667 3349 egenis
1682 3287 1690 3334 ς

990 3376 1142 3451 Bulgaricae
1157 3374 1233 3450 genti
1252 3371 1318 3427 fidei
1333 3370 1380 3443 qui
1394 3368 1501 3425 semina
1508 3366 1619 3439 sparsit.

990 3468 1109 3525 llelubra
1123 3465 1269 3530 destruxit,
1285 3462 1418 3536 populum
1433 3458 1596 3516 coelestibus
1608 3456 1691 3512 armis

991 3561 1130 3629 instruxit,
1143 3561 1262 3617 tolerans
1276 3556 1436 3615 discrimina
1445 3551 1574 3626 plurima,
1589 3552 1743 3621 promptus,

992 3656 1153 3726 Exemplum
1167 3655 1301 3719 tribuens,
1317 3659 1348 3706 ut
1361 3650 1416 3705 sint
1426 3646 1540 3704 adversa
1552 3639 1667 3699 ferenda

993 3748 1026 3803 Et
1037 3747 1111 3802 bene
1121 3744 1224 3802 viventi
1238 3739 1388 3799 metuenda
1402 3734 1577 3795 incommoda
1591 3731 1676 3788 nulla.

866 3899 971 3957 CAPUT
995 3900 1039 3957 ill.

444 4011 484 4070 lle
498 4011 655 4091 bonifacio
669 4030 759 4092 papo,
776 4020 804 4074 et
816 4023 898 4076 resto
917 4014 1078 4093 Stephano,
1098 4007 1246 4072 Theodoro
1263 4021 1380 4085 qnoque
1392 4020 1482 4082 papa.

167 4148 235 4203 lline
247 4145 321 4202 subit
335 4146 369 4203 ad
384 4146 524 4203 modinum
534 4155 611 4204 vates
619 4147 775 4206 bonifacius
785 4150 884 4206 almus.
950 4161 980 4230 D
993 4151 1024 4207 Et
1034 4148 1198 4205 sutloeatum
1211 4144 1297 4201 crudo
1310 4141 1410 4215 premit
1421 4138 1492 4195 ultio
1506 4137 1591 4193 letho.

127 4240 180 4294 Ter
194 4239 295 4311 quinos
308 4237 354 4294 hie
365 4238 393 4293 in
406 4254 468 4294 arce
481 4238 541 4294 dies
556 4239 678 4312 explerit
692 4241 807 4297 honoris
823 4259 830 4297 ε

128 4331 256 4385 Culmina
270 4347 331 4387 mox
346 4337 465 4398 muman,
476 4343 589 4403 superat
603 4332 710 4407 fastigia
726 4335 811 4403 celsa,

128 4420 218 4491 lnque
233 4418 309 4474 brevi
324 4419 412 4491 spatio
426 4419 540 4491 quaesita
560 4422 704 4478 cacumina
719 4424 867 4492 scandens,

128 4511 206 4566 luter
220 4510 363 4581 apostolici
379 4526 506 4582 proceres
521 4513 745 4569 ascribituralbi.

1029 4243 1091 4297 Post
1102 4242 1177 4296 hune
1191 4238 1253 4294 luce
1263 4234 1340 4291 brevi
1352 4232 1467 4289 Romani
1481 4229 1606 4303 regmina
1620 4233 1744 4301 surgunt.

991 4335 1122 4401 Quattuor
1137 4330 1314 4402 haudplenos
1322 4334 1442 4383 tractans
1455 4322 1478 4378 is
1487 4321 1610 4379 culmina
1623 4333 1744 4384 menses,

990 4427 1102 4483 AEthere
1120 4423 1272 4494 suscipitur
1287 4439 1295 4488 ς
1310 4418 1424 4475 meritos
1438 4415 1552 4473 sortitus
1565 4414 1686 4470 honores
1776 4422 1779 4429 ·

1027 4518 1084 4583 Quo
1099 4522 1178 4586 rapto
1193 4513 1320 4568 breviore
1335 4509 1410 4566 subit
1419 4507 1529 4580 fastigia
1547 4511 1622 4562 sorte

163 4596 234 4650 Tum
260 4592 352 4651 semis
380 4597 537 4668 stePhanus
554 4615 632 4655 ΒΜ
670 4602 795 4675 Tegmina
818 4602 940 4658 eulmine
991 4613 1196 4670 bileetusclero
1214 4608 1384 4674 Theodorus,
1402 4601 1605 4676 pacisamicus.

128 4693 220 4746 Durus
234 4691 282 4762 qui
294 4691 408 4760 nostris,
424 4693 545 4765 propriis
564 4702 592 4749 at
604 4695 700 4752 durior
711 4695 802 4753 instat.
833 4698 940 4770 [carpit,
993 4706 1122 4761 bissenos
1136 4702 1170 4738 ³⁰⁷
1182 4702 1303 4757 Romana
1318 4697 1380 4754 dies
1394 4694 1441 4768 qui
1453 4694 1516 4764 jura
1530 4691 1689 4765 gubernans

128 4782 210 4836 Saeva
228 4782 340 4853 quidem
356 4783 428 4859 legat
441 4784 521 4847 vivia,
542 4785 662 4841 truciora
673 4787 799 4859 sepultis.

129 4873 336 4945 Polconemque
351 4875 447 4942 minis,
464 4876 624 4934 Formosum
636 4879 758 4935 concutit
772 4879 853 4935 actis.

128 4962 285 5019 Concilium
293 4976 390 5041 gregat
404 4967 566 5036 infaustum,
576 4971 622 5025 cui
634 4970 871 5042 praesidetatrox:

131 5055 367 5113 Praedecessorem
381 5058 516 5128 abjiciens
532 5077 695 5135 ponensque
715 5070 871 5135 patronum.

129 5143 214 5198 Visus
232 5144 334 5201 abhinc
346 5146 453 5203 meritis
467 5148 579 5223 dignam
596 5149 746 5207 incurrisse
759 5151 878 5220 ruinam,

130 5230 250 5302 Carptus
268 5241 297 5289 et
311 5233 371 5306 ipse
385 5252 517 5309 sacraque
532 5237 657 5308 abjectus
671 5240 748 5306 sede,
767 5241 891 5297 tenebris

130 5322 259 5381 Carceris
274 5324 406 5398 injicitur,
422 5327 577 5402 vinclisque
593 5329 744 5389 innectitur
757 5332 834 5402 atris,

993 4797 1108 4854 Sobrius
1118 4803 1146 4852 et
1159 4802 1263 4861 castus,
1279 4790 1367 4862 patria
1380 4787 1503 4844 bonitate
1514 4784 1643 4852 refertus,

994 4889 1065 4945 Vixit
1080 4888 1249 4961 pauperibus
1263 4882 1379 4940 dil-”usus
1390 4885 1497 4936 amator
1509 4884 1537 4935 et
1547 4877 1627 4933 altor.

996 4985 1044 5040 llic
1059 4983 1191 5056 populum
1205 4981 1300 5038 docuit
1311 4983 1478 5035 connectere
1492 4973 1603 5030 vincula
1618 4971 1704 5043 pacis.

993 5078 1081 5149 htque
1095 5075 1254 5132 sacerdotes
1270 5069 1402 5129 concordi
1421 5067 1470 5124 ubi
1481 5066 1572 5137 iunxit
1585 5065 1701 5125 honore,
1718 5086 1724 5098 ι

993 5165 1062 5221 llum
1076 5163 1195 5237 propriis
1210 5170 1320 5218 revocat
1334 5159 1470 5216 dissectos
1480 5154 1605 5215 sedibus,
1620 5149 1680 5220 ipse

995 5253 1179 5326 Complaeitus
1189 5250 1294 5324 rapitur
1307 5249 1419 5307 decreta
1436 5244 1502 5302 sede
1518 5237 1662 5299 locandus.

682 5493 814 5550 GLOSSAE
834 5494 1046 5554 nabuthaeus
1063 5495 1265 5553 uhbtttotttt.

168 5608 206 5644 ⁸⁰⁸
220 5609 350 5669 electum.
361 5611 397 5648 ³⁰⁶
411 5613 454 5669 ait.
472 5613 505 5650 ³⁰⁷
525 5631 562 5673 un
580 5616 733 5676 bisdenos.
