3840 6106
166 199 236 260 lota
822 201 996 259 adhemari
1015 199 1048 257 Vl
1069 197 1173 255 PAPAE.
1764 202 1836 259 1⁰84

165 322 350 396 presentibus
363 322 470 382 scilicet
485 332 513 382 et
525 324 633 393 futuris,
649 334 811 399 perpetuam
839 326 967 382 salutem.
982 325 1107 397 Aeliani
1132 327 1222 390 erunt,
1241 323 1346 380 dicente
1369 324 1482 379 Domino
1497 339 1504 377 r
1519 323 1571 391 Qui
1597 339 1644 380 eos
1657 325 1775 395 spernit,
1794 341 1835 380 nse

202 415 278 481 Quia,
293 415 358 473 licet
371 416 693 492 indignidivinretamen
703 420 874 495 dignationis
885 418 972 494 gratia
1021 419 1122 487 sperarit
1137 415 1217 487 (Luc.
1238 432 1265 482 x,
1280 415 1334 487 to.)
1365 416 1437 470 lnter
1450 418 1511 473 haec
1526 431 1639 489 quoque
1654 417 1831 489 omnis‚que

167 501 343 574 disponente,
358 506 431 562 beati
447 508 519 562 Petri
536 509 723 579 apostoloram
734 508 868 580 principis
881 522 972 563 sacra·
1021 505 1056 562 ad
1083 504 1268 576 supradictam
1303 502 1500 560 Treverensem
1525 501 1675 562 Ecclesiam
1705 506 1779 561 intra
1806 514 1831 560 et

166 589 299 646 lissimam
316 593 421 660 sedem,
438 595 652 668 universaleque
679 597 706 651 in
724 604 781 653 toto
796 596 864 652 orbe
880 595 971 670 magi·
1022 595 1241 653 extracivitatem
1266 594 1405 666 pertinere
1421 595 1568 664 sidentur,
1595 596 1620 650 id
1636 602 1680 651 est
1696 595 1832 651 Ecclesias

166 687 280 743 sterium
293 690 477 762 suscepimus,
501 708 614 748 necesse
635 699 677 747 est
695 692 818 748 omniurn
835 692 971 748 Ecclesia·
1021 705 1084 745 cum
1100 687 1236 744 universis
1251 687 1333 743 rebus
1359 687 1413 743 sibi
1441 687 1632 756 attinentibus,
1656 705 1707 742 seu
1738 704 1832 743 mona-

167 796 238 848 rum,
254 788 284 837 ut
307 782 545 854 diligentissimam
571 785 787 841 sollicitudinem
812 784 850 840 ita
879 784 971 840 conti·
1021 777 1180 833 stellatam
1200 775 1399 832 m01¹a⁰l¹⁰s¹¹m
1421 792 1504 847 <luam
1533 776 1683 849 virginum,
1718 792 1782 848 <1¹1ae
1801 794 1830 831 8¹

166 875 265 925 uenter
315 870 474 939 habeamus,
521 889 557 929 ne
597 890 693 929 earum
719 873 782 943 jura
811 873 972 928 auctoritate
1023 869 1178 941 praeceptis,
1201 866 1384 938 sircscriptis
1411 882 1518 940 regum,
1538 883 1588 923 seu
1613 868 1829 938 imperatorum,

165 957 290 1047 ejusdem
306 959 493 1030 apostolorum
511 960 654 1032 principis,
674 971 894 1034 caeterorumque
909 978 972 1017 suc·
1021 962 1079 1017 sive
1106 960 1266 1015 eorumdem
1289 958 1465 1023 fundatorum
1481 958 1644 1014 auctoritate
1655 959 1689 1012 ad
1701 975 1733 1014 se
1748 959 1831 1030 perti·

166 1061 306 1104 caesorum
336 1049 397 1118 ejus
421 1052 621 1106 venerabilium
648 1053 758 1110 Petrum
774 1052 973 1110 inviolabiliter
1022 1058 1089 1109 nent
1103 1060 1131 1108 et
1142 1052 1281 1123 pertinere
1308 1050 1422 1118 debent,
1444 1057 1471 1104 et
1486 1048 1624 1122 quidquid
1649 1049 1767 1104 omnino
1789 1049 1833 1104 illa

166 1144 276 1206 statuta,
291 1147 318 1195 el
332 1142 503 1209 confirmata,
519 1152 613 1201 nostro
627 1146 787 1200 minuantur
810 1161 842 1201 ac
860 1152 972 1216 pereant
1023 1145 1082 1216 ipsa
1101 1144 1221 1199 Ecclesia
1235 1141 1349 1214 ubique,
1364 1148 1392 1197 et
1404 1156 1516 1213 quoquo
1536 1140 1638 1195 merito
1652 1138 1781 1211 possidet
1808 1147 1833 1194 et

167 1237 307 1304 tempore;
319 1235 366 1290 sed
382 1237 474 1307 potius
488 1238 666 1294 corroborata
676 1239 806 1295 decenter
821 1246 973 1314 augeantur
1023 1233 1190 1305 coepiscopo
1205 1239 1311 1296 nostro,
1325 1231 1439 1303 suisque
1452 1230 1660 1287 successwfibus
1678 1230 1715 1284 ad
1732 1246 1833 1302 perpe·

167 1324 417 1395 atqueprolrciant,
441 1328 633 1384 ldeovestram
668 1346 750 1386 nosse
767 1331 974 1386 solumussan-
1024 1332 1098 1383 tuam
1118 1331 1219 1380 sanctae
1246 1322 1424 1378 Trevcrensis
1456 1322 1584 1378 Ecclesiae
1613 1321 1833 1376 dominationem

165 1410 287 1466 ctitatem
303 1415 386 1484 quod,
401 1415 756 1474 Theodericodilectissimo
783 1419 865 1475 fratre
879 1427 973 1476 nostro
1024 1429 1107 1492 etque
1122 1418 1267 1485 ditionem,
1284 1433 1333 1488 per
1348 1416 1430 1485 hujus
1463 1422 1563 1471 nostrae
1583 1414 1748 1485 apostolicae
1763 1412 1836 1468 sedis

164 1500 340 1560 Trevcrensis
369 1508 496 1564 Ecclesiae
529 1510 736 1583 archiepiscopo
770 1513 881 1567 Romam
902 1513 970 1567 diri·
1022 1506 1215 1580 preceptionis
1237 1505 1348 1572 seriem,
1376 1503 1596 1575 hacpraesentir
1625 1500 1794 1564 indictione.
1811 1508 1836 1555 st

166 1606 248 1667 gente
263 1600 431 1675 legatarium,
447 1603 480 1658 ad
502 1612 660 1661 sanctorum
671 1607 858 1676 apostolorum
872 1606 971 1662 limina
985 1615 1111 1702 Busquc
1124 1599 1153 1653 in
1176 1596 1260 1652 finem
1280 1595 1374 1652 saeculi
1396 1596 1553 1651 valituram.
1579 1593 1680 1649 Contra
1711 1610 1796 1665 quam
1812 1593 1834 1647 si

166 1688 416 1759 audirimus‚sicut
439 1696 522 1751 ctiam
549 1697 655 1766 pridem
683 1698 833 1766 audiendo,
862 1699 917 1754 imo
945 1706 973 1753 et
1023 1693 1085 1766 quis
1097 1706 1178 1767 agere
1190 1688 1404 1760 presumpserit,
1419 1694 1447 1743 et
1472 1686 1548 1759 quod
1560 1686 1634 1756 juste
1649 1695 1678 1741 et
1700 1686 1835 1741 canonice

166 1778 286 1854 legendo
301 1792 470 1854 compertum
495 1786 652 1855 habuimus,
674 1789 800 1843 eamdem
817 1789 903 1860 ipsam
918 1805 973 1858 prae
1024 1783 1136 1840 anobis
1148 1783 1346 1839 decretumest
1362 1780 1390 1834 in
1401 1779 1494 1851 aliquo
1510 1777 1663 1850 infringere
1677 1778 1833 1841 tentaverit,

168 1876 275 1930 caeteris
310 1877 457 1935 Galliarum
494 1881 623 1936 Ecclesiis
655 1883 796 1939 catholica>
832 1882 975 1956 religionis
1023 1873 1092 1930 scial
1120 1871 1160 1936 sti
1178 1887 1211 1927 ⁰¹
1231 1868 1443 1942 (immimentis,
1471 1874 1499 1923 θῑ
1525 1867 1650 1939 Piffldicli
1678 1866 1834 1921 beali⁸⁵lml

169 1970 323 2037 exosarum,
344 1981 371 2028 er
387 1973 532 2031 chisrranae
543 1976 685 2049 religionis
701 1978 897 2049 canonesque
910 1978 974 2034 orer
1025 1966 1211 2040 apostolorum
1240 1963 1373 2035 principis
1401 1961 1583 2032 omniumque
1612 1967 1834 2024 senebruno

170 2058 325 2114 rudimenta
343 2062 432 2131 prima
444 2065 598 2136 percepisse
613 2082 661 2136 per
682 2074 838 2123 sanctorum
854 2070 973 2126 virorum
1025 2061 1128 2117 deinde
1143 2057 1409 2115 nostraauctoritate
1424 2054 1616 2112 damnandum
1632 2059 1660 2108 et
1674 2054 1836 2108 anathema-

167 2148 426 2220 Encharii,llalerii,
446 2154 571 2223 blaterni,
599 2164 626 2212 et
640 2168 802 2214 caeterorum
830 2161 973 2235 evangeli·
1025 2153 1177 2216 theudam,
1193 2167 1254 2207 0¹1⁰]
1280 2148 1409 2206 mnibus
1435 2147 1529 2218 impiis
1551 2145 1663 2201 mesnil!
1692 2144 1836 2216 suppfisslil

167 2253 227 2294 cam
243 2239 406 2310 doctrinam,
418 2260 488 2315 qnos
508 2254 632 2317 tempore
643 2262 693 2302 suo
709 2249 855 2318 praedictus
871 2248 976 2305 beatis·
1025 2240 1226 2312 deputandum·
1255 2238 1306 2303 Qui
1335 2253 1400 2293 lew
1425 2239 1479 2293 ¹¹0⁰
1506 2234 1684 2310 Pillilessium
1714 2241 1835 2289 ¹¹⁰⁵ffl¹¹¹¹

167 2329 254 2385 simus
268 2332 363 2387 Petrus
382 2336 523 2405 apostolus
546 2338 684 2393 ordinavit
706 2347 734 2394 et
758 2339 897 2408 instruxit,
923 2359 976 2398 nec
1025 2335 1172 2393 observare
1196 2330 1315 2386 fideliter
1335 2329 1470 2396 statuerit,
1498 2327 1707 2383 ῧθῐῑθῦῑῦῑῗθῦῑῧ
1721 2325 1834 2399 Eranam

167 2415 299 2472 nonilluc
321 2421 356 2474 ad
377 2423 583 2493 praedicandum
606 2426 713 2482 direxit.
732 2427 808 2482 Unde
833 2429 977 2485 totiusor·
1025 2433 1053 2481 et
1068 2421 1265 2480 misericordiae
1293 2417 1492 2491 plenitudinem
1510 2418 1539 2471 in
1559 2414 1724 2472 coelestibus
1739 2414 1833 2469 castris

169 2503 243 2561 dinis
254 2517 356 2566 nostras
371 2513 446 2568 sedis
461 2516 618 2586 apostolicae
642 2519 780 2585 consultu,
801 2520 976 2593 gratuitoque
1026 2519 1097 2574 inter
1111 2517 1260 2571 electorum
1276 2527 1421 2568 numerum
1447 2508 1598 2566 efficaciter
1616 2506 1763 2563 allomino
1777 2505 1832 2560 beo

169 2613 282 2655 assensu
305 2603 368 2672 Jura
395 2605 613 2682 privilegiorum,
640 2626 701 2681 quaa
717 2627 733 2666 a
751 2613 977 2668 sanctaBomana
1028 2607 1161 2680 consequi
1176 2613 1324 2661 mereatur.

170 2694 256 2743 matre
271 2690 391 2747 Ecclesia
404 2694 523 2765 prataria
553 2699 665 2767 sanctis,
692 2714 843 2771 eorumque
861 2701 976 2772 reliquis
1060 2704 1195 2776 Scriptum
1211 2718 1261 2773 per
1272 2715 1384 2755 manum
1411 2695 1543 2769 Stephani
1567 2694 1681 2763 notarii,
1698 2692 1833 2750 scriniarii

168 2783 385 2847 successoribus,
414 2786 440 2840 id
469 2794 510 2842 est
533 2789 649 2864 Agrilio,
669 2791 826 2857 Maximino,
847 2792 974 2860 Paulino,
1026 2804 1127 2853 sanctae
1142 2793 1217 2850 sedis
1235 2789 1403 2862 apostolicae,
1430 2788 1570 2844 inmense
1598 2785 1733 2842 lanuario
1762 2784 1834 2838 indi-

168 2866 282 2935 Serero,
309 2871 435 2929 almificis
454 2884 482 2931 et
508 2877 669 2948 apostolicis
697 2878 772 2946 uiris,
793 2880 976 2951 aprimordio
1026 2886 1148 2943 ctioner.

167 2971 255 3028 usque
271 2975 345 3016 nunc
358 2964 517 3020 authentice
532 2982 663 3023 concessa
676 2974 749 3034 sunt,
765 2984 882 3040 quaequc
893 2970 1012 3072 etiamC
1061 2993 1239 3052 „mum
1259 2990 1400 3048 Februarii
1429 3004 1478 3062 μοι·
1496 3003 1608 3045 manum
1632 2987 1764 3042 widonis
1776 2987 1835 3056 epi-

168 3046 256 3121 ipsius
271 3052 388 3109 civitatis
403 3056 522 3122 excidio,
543 3058 674 3157 incendio
688 3059 815 3132 aliquove
830 3077 894 3116 casu
909 3075 976 3117 con·
1028 3091 1104 3162 scopi
1118 3086 1356 3146 epblbpoqhewfi
1367 3092 1468 3142 saneim
1480 3083 1742 3155 sedisapostolicae,
1753 3097 1832 3145 anno,

168 3148 280 3211 sumpta
300 3145 496 3214 approbantur,
531 3149 623 3203 erdem
660 3149 820 3206 Treverensi
850 3152 977 3208 Ecclesiae

168 3231 356 3305 praedictoque
380 3236 456 3291 lratri
485 3246 579 3294 nostro
606 3240 787 3308 Theoderico,
813 3249 974 3314 etpereum

168 3327 276 3382 cunctis
300 3332 505 3387 successoribus
535 3333 593 3388 suis
615 3333 820 3405 reconfirmare,
849 3354 975 3397 recorro-

168 3415 267 3474 borare
281 3428 308 3475 et
329 3422 404 3477 omni
420 3423 502 3480 modo
531 3425 675 3482 restituere
689 3428 803 3502 dignum
834 3431 973 3495 duximus,

168 3502 361 3572 decernentes,
371 3517 438 3577 etc,
456 3510 668 3569 utTrcvcrensis
684 3517 784 3586 praesul
799 3526 862 3589 post
877 3534 977 3589 quem-

168 3594 418 3655 libetordinarium
442 3601 561 3677 legatum
585 3606 841 3676 apostolicaesedis
865 3609 893 3664 in
916 3610 979 3664 Gal-

169 3685 246 3751 liam,
258 3686 466 3747 Germaniamre
476 3690 655 3761 destinatum,
670 3694 789 3766 primurn
810 3696 883 3752 inter
909 3697 978 3753 alios

169 3774 316 3847 pontifices
338 3777 429 3834 locum
456 3779 580 3836 obtineat
611 3782 642 3837 Et
673 3782 697 3838 si
717 3784 818 3839 missus
845 3785 974 3842 Romanae

169 3860 436 3934 Ecclesiaedeluerit,
462 3869 589 3925 similiter
612 3876 673 3941 post
701 3871 975 3943 imperatorem,sire

171 3973 264 4045 regem
284 3963 412 4030 sedendi,
432 3966 596 4020 sententiam
619 3966 758 4035 edicendi,
785 3977 812 4023 et
844 3969 976 4039 synodale

166 4048 303 4122 iudicium
328 4051 460 4108 canonice
485 4055 679 4130 promulgandi
701 4056 848 4128 primatum
864 4058 974 4115 habeat.

170 4147 266 4212 utpote
279 4141 307 4195 in
322 4140 376 4195 illis
390 4141 514 4212 partibus
528 4142 647 4198 vicarius
660 4151 761 4200 nostrae
773 4145 848 4201 sedis
863 4155 976 4218 aposto-

167 4233 230 4291 licae
241 4233 338 4290 merito
366 4235 542 4291 constitutus.
568 4237 663 4308 Neque
682 4238 756 4292 enim
772 4239 887 4313 dignum
897 4245 975 4294 estut

169 4328 244 4384 illius
254 4327 383 4384 Ecclesiae
417 4331 519 4400 praesul
542 4330 635 4402 aliquo
660 4338 784 4401 tempore
798 4333 975 4389 caeterisnon

169 4419 302 4475 habeatur
317 4420 456 4492 praelatus,
472 4422 550 4491 cujus
566 4422 656 4478 honor
669 4423 696 4476 in
712 4423 766 4478 illis
790 4425 913 4495 partibus
926 4426 977 4480 sub

172 4511 234 4582 ipso
247 4512 435 4582 apostolorum
449 4514 575 4586 principe
591 4514 698 4570 exstitit
722 4515 887 4585 primitivus.
916 4516 976 4572 Pari

171 4617 292 4675 namque
305 4605 387 4660 modo
420 4605 569 4674 sancimus,
598 4621 697 4662 omnes
722 4607 750 4661 in
765 4607 903 4678 parochiis
917 4607 978 4677 ejus

170 4692 316 4769 degentes,
328 4695 386 4750 sive
401 4697 604 4753 ordinationem
621 4705 648 4753 et
672 4698 872 4768 promotionem
884 4698 976 4768 cujus-

171 4785 428 4843 libetecclesiastici
443 4790 544 4861 gradus
568 4805 583 4844 a
612 4789 743 4861 pontifice
769 4788 975 4861 ipsinslperci·

170 4878 289 4949 pientes,
314 4879 404 4936 eidem
434 4880 485 4953 ipsi
509 4883 615 4940 matrici
643 4883 773 4939 Ecclesia
787 4883 975 4955 episcopoque

170 4971 354 5028 illiusdebere
369 4973 500 5029 canonice
517 4975 626 5045 placere
649 4974 777 5047 obsequi,
794 4983 821 5030 el
833 4974 895 5044 jure
908 4975 976 5030 obe·

172 5063 241 5120 dire.
258 5063 286 5119 Si
301 5064 413 5137 quidem
428 5066 540 5124 decreto
554 5067 627 5123 beati
638 5067 788 5123 Clementis
799 5083 878 5139 papae
894 5083 978 5139 super

1028 3194 1083 3249 Beo
1102 3191 1233 3263 propitio,
1263 3186 1438 3259 pontificatus
1452 3186 1546 3242 domni
1562 3183 1710 3240 Benedicti
1723 3182 1834 3238 sanctis·

1027 3281 1089 3338 simi
1105 3279 1260 3351 summique
1281 3275 1431 3349 pontilicis,
1456 3282 1484 3330 et
1503 3271 1672 3330 uniuersalis
1706 3272 1740 3326 l'l
1760 3287 1833 3343 papae

1024 3373 1124 3446 primo,
1140 3369 1250 3444 imperii
1283 3375 1374 3425 autem
1400 3366 1495 3424 domni
1527 3365 1634 3422 dttonis
1656 3363 1773 3433 majoris
1787 3378 1833 3426 ιιι,

1028 3465 1144 3523 minoris
1159 3472 1250 3520 antem
1266 3479 1303 3518 vr.

1402 3613 1448 3669 lll.

1011 3770 1183 3841 ,Benedictus
1200 3805 1325 3823 .....
1343 3761 1393 3834 [lll]
1419 3775 1493 3832 pope
1513 3758 1591 3812 Petro
1621 3756 1835 3810 reverentissimo

1060 3841 1156 3897 abboli
1164 3838 1320 3894 monosterii
1333 3835 1427 3891 Sancti
1438 3829 1578 3887 Benedicti
1590 3832 1615 3882 et
1631 3827 1739 3883 Sancte
1752 3826 1834 3880 selae

1062 3913 1175 3977 testim,
1196 3911 1335 3978 confirmet
1358 3905 1449 3959 omnio
1462 3903 1542 3965 bonu,
1572 3901 1715 3967 interque
1730 3897 1834 3950 domum

1061 3988 1087 4038 et
1099 3982 1237 4038 ecclesiam
1252 3979 1346 4035 soracti
1376 3977 1432 4030 Viti
1459 3975 1548 4029 Romo
1572 3972 1603 4023 in
1631 3971 1798 4036 cepionem,
1812 3970 1836 4018 et

1061 4053 1255 4108 monesterium
1266 4049 1359 4106 Sonctt
1373 4045 1494 4109 Brasmi,
1510 4046 1535 4097 et
1548 4042 1748 4096 monasterinm
1763 4039 1833 4094 Sorr-

1062 4129 1166 4180 ctorum
1184 4124 1282 4179 deame
1295 4123 1320 4174 ct
1334 4117 1473 4179 Dumium,
1493 4129 1553 4168 cum
1567 4114 1638 4167 cesis
1650 4114 1677 4165 et
1688 4114 1763 4164 curte
1777 4124 1832 4162 mn·

1058 4195 1117 4265 jori
1130 4199 1155 4249 el
1167 4193 1277 4248 ccclesia
1287 4192 1365 4257 infre
1379 4203 1416 4251 se,
1439 4199 1499 4256 qne
1518 4188 1558 4238 est
1584 4185 1615 4236 in
1631 4182 1732 4236 bonore
1751 4180 1834 4233 sancti

1061 4266 1197 4321 Benedicti
1224 4267 1250 4318 at
1276 4264 1376 4317 sancta
1402 4257 1581 4316 Scholastica.
1610 4252 1685 4323 quod
1718 4253 1775 4318 sarit
1805 4250 1833 4301 dc

1060 4339 1164 4392 Joennc
1177 4334 1327 4406 presbitero
1342 4331 1408 4385 duce
1432 4327 1537 4384 castelli
1557 4325 1735 4407 Athenaeis,
1750 4322 1835 4390 posito

1063 4407 1270 4534 ῗὲἷζιῖιζιᾳίοηε
1297 4400 1388 4466 tertio,
1408 4401 1439 4455 in
1460 4400 1515 4454 loco
1539 4398 1589 4467 qui
1615 4395 1722 4449 dicitur
1750 4394 1835 4448 Mnaso

1347 4598 1437 4669 (Anno
1456 4590 1530 4663 973.)

1188 4717 1349 4788 tharisen,
1363 4712 1460 4781 liniq.
1476 4707 1538 4766 ltol.
1555 4706 1588 4772 tt,
1602 4704 1679 4777 ill]

1062 4912 1069 4925 .
1092 4910 1099 4924 .
1122 4865 1281 4936 .Scriptum
1304 4877 1352 4933 per
1379 4872 1489 4925 manum
1518 4851 1662 4910 Benedicti
1697 4848 1834 4906 scriniarii

1026 4959 1292 5017 sanctmsummaeet
1315 4949 1475 5025 apostolice
1501 4945 1586 5013 sedis,
1600 4958 1698 4999 mense
1720 4941 1836 4996 liorem·

1027 5052 1100 5118 brio,
1120 5047 1272 5104 indictione
1293 5062 1322 5099 ιι,
1353 5044 1426 5098 Bene
1447 5039 1552 5094 Valete.
1573 5037 1641 5091 Bata
1658 5049 1686 5087 vr
1703 5028 1841 5086 Kalendas

170 5155 223 5211 hoc
250 5156 287 5211 ita
309 5163 420 5212 cautum
459 5159 568 5215 videtur
593 5161 715 5229 (epistola
747 5161 773 5215 3.
795 5159 829 5214 ad
846 5157 975 5214 Rufinum
1027 5144 1185 5204 Decembris
1200 5158 1249 5215 per
1261 5154 1373 5195 manum
1387 5133 1502 5194 loannis
1516 5134 1573 5189 Beo
1587 5126 1720 5185 amabilis
1741 5124 1841 5197 primi·

167 5244 290 5315 (wall)
307 5246 355 5301 :Si
366 5248 439 5303 noun
453 5249 572 5318 episcopi
584 5263 639 5303 non
653 5248 800 5315 obedirent,
814 5263 903 5303 omnes
915 5263 977 5319 pre·
1027 5237 1093 5295 cerii
1109 5249 1222 5292 summae
1247 5227 1405 5302 apostolicae
1429 5223 1516 5292 sedis,
1530 5234 1615 5286 anno,
1640 5218 1699 5273 Beo
1713 5214 1840 5314 propitio

170 5335 404 5406 abuteridioconi,
419 5340 581 5395 subdiaconi
595 5356 627 5395 cc
641 5341 743 5409 reliqui
761 5342 852 5395 clerici
876 5341 975 5407 cuncti,
1028 5325 1206 5401 pontificatus
1225 5317 1320 5377 domni
1348 5312 1489 5371 Benedicti
1511 5308 1612 5366 summi
1628 5305 1841 5403 praesulis-sexti

169 5429 461 5499 manesqueprincipes
483 5433 539 5484 tem
552 5430 666 5500 majoris
690 5429 795 5484 ordinis
809 5445 891 5499 qoam
905 5429 977 5496 infe·
1029 5433 1108 5490 papae
1124 5416 1153 5470 in
1168 5410 1354 5470 sacratissima
1371 5406 1439 5462 sede
1456 5402 1529 5459 beati
1561 5397 1634 5455 Petri
1649 5393 1774 5467 apostola
1787 5408 1843 5464 prr·

169 5517 262 5581 mritis
291 5519 373 5587 mque
400 5519 501 5589 reliqui
522 5519 630 5590 populi,
659 5519 745 5574 tribus
767 5522 792 5572 et
806 5518 907 5585 linquae
924 5532 978 5572 non
1029 5525 1088 5576 mo,
1123 5509 1275 5579 imperante
1299 5501 1402 5557 domno
1430 5496 1528 5552 ottone
1555 5489 1672 5564 pissimo
1705 5492 1843 5558 perpetuo

172 5603 463 5679 obtemperaverint,e
492 5608 625 5665 limitibus
652 5611 752 5666 sanctae
779 5606 903 5663 Ecclesiae
933 5608 978 5661 Bet
1028 5600 1248 5678 duqrrstoabeo
1257 5598 1387 5654 coronato
1403 5585 1518 5666 pacifico
1533 5585 1716 5659 imperatore.
