3848 6106
45 290 97 346 ttl
241 244 242 249 ἵ
370 290 533 348 llleORfAE
553 291 720 349 ECCLESIAE
739 292 902 349 REMENSIS
922 293 1011 350 LIBRI
1030 296 1196 361 cuatuor..
1213 331 1248 342 -
1263 299 1327 356 tili.
1349 294 1395 355 tlt.
1667 300 1720 356 ΗΞ

46 427 130 495 flere,
145 436 249 484 etcum
275 427 443 504 singultibus
470 428 540 484 dixit
554 447 561 484 :
576 429 679 486 Ductus
691 429 725 486 dc
740 431 793 486 isto
808 445 861 485 sie·
873 433 902 504 A
913 432 1070 508 integritate
1098 434 1232 507 quidquid
1259 435 1359 491 exinde
1385 449 1436 491 iios
1462 433 1590 490 fidelibus
1618 437 1720 492 nostris

47 521 113 577 culo
128 522 163 576 ad
179 521 252 578 aliud
265 524 329 578 veni
343 523 378 579 ad
405 524 552 596 quemdam
566 521 668 591 locum,
694 525 788 580 inveni
803 524 860 596 epi·
910 526 1148 594 beneficiavimus,
1187 526 1388 598 praesentaliter
1429 527 1626 595 restituimus,
1661 538 1718 584 tuin

49 628 151 684 scopos
167 614 350 690 qnadraginta
378 624 517 683 etunum,
547 616 621 672 inter
649 633 718 689 qnos
743 617 860 690 cognovi
909 620 1078 692 sparnacum
1104 626 1131 674 et
1155 619 1302 686 luliacum,
1331 618 1374 673 vel
1401 618 1535 690 quidquid
1561 635 1594 674 ex
1619 619 1717 676 eodem

50 701 188 770 Ebonem,
216 701 364 758 Pardulnm
392 703 546 761 etAEneam
575 709 862 779 pannosos,etdeni-
911 713 1070 784 episcopatu
1094 711 1245 767 flichuinus
1271 710 1378 777 habuit,
1407 709 1450 765 vel
1467 711 1601 782 quidquid
1618 712 1719 768 exinde

49 801 154 870 gratos,
182 796 397 867 squalentesque
425 796 496 852 sicut
512 805 539 854 et
554 799 634 867 alios,
657 801 726 856 acsi
746 801 861 857 ustulati
911 800 968 858 Odo
988 800 1214 857 comeshabuit:
1236 815 1318 872 quam
1348 805 1376 853 et
1398 797 1490 852 villain
1513 796 1719 867 Culmiciacum,

51 886 182 952 fuissent,
198 892 225 939 et
239 885 377 957 pervices
391 886 477 943 nimio
491 886 593 962 frigore
616 888 783 946 horribiliter
796 907 859 946 cum
911 904 972 944 ciim
989 888 1095 960 capella
1110 904 1191 960 quam
1208 887 1336 943 Rabanus
1347 884 1613 958 presbyterhabuit;
1626 903 1676 942 seu
1692 893 1723 941 et
1822 942 1827 947 ,

50 975 128 1042 fietu,
149 991 183 1030 ac
201 978 321 1034 stridore
347 977 471 1034 dentium
487 981 705 1048 ·tremulanles;
724 984 861 1054 pervices
911 981 969 1050 illa,
985 981 1206 1054 quaePardnlus,
1235 996 1343 1037 necnon
1373 978 1623 1052 etlldalgardisfc.
1639 983 1659 1048 t,
1675 978 1721 1033 hl-

51 1076 145 1123 autem
160 1066 349 1124 calorenimio
363 1074 521 1124 aestuantes.
538 1068 569 1124 Et
584 1068 641 1125 Eho
656 1070 861 1143 episcopusme
911 1072 1012 1147 gardis]
1028 1072 1175 1140 abbatissa,
1204 1071 1261 1125 sive
1283 1070 1431 1126 lietbertus
1454 1075 1536 1140 atque
1551 1063 1723 1120 hmalbertus

52 1154 160 1210 rocam
173 1171 207 1210 ex
222 1156 346 1221 nomine,
360 1154 458 1211 diceus
473 1173 480 1210 :
496 1156 564 1222 Quia
577 1157 862 1217 tibidnbiturliccntia
911 1164 1039 1231 clericus,
1064 1163 1107 1218 vel
1132 1161 1278 1228 hltmarns,
1306 1176 1354 1215 sen
1369 1157 1492 1214 loannes
1516 1156 1651 1224 medicus,
1667 1156 1724 1210 sive

52 1245 192 1302 redeundi
217 1245 251 1300 ad
272 1261 384 1317 corpus,
413 1255 664 1324 precamnrteego
680 1250 766 1305 etisti
792 1267 862 1308 con·
914 1253 979 1308 item
1005 1253 1249 1323 habendamque
1276 1249 1393 1321 pusillus
1418 1247 1546 1315 Pumilio,
1573 1244 1725 1301 Ratboldns

54 1340 154 1395 fratres
174 1336 273 1404 nostri,
305 1342 338 1391 ut
357 1336 470 1405 adjuves
498 1351 559 1392 iios.
588 1338 621 1393 Et
642 1353 694 1413 ego
707 1342 864 1412 respondi:
916 1341 965 1413 [ms
981 1340 1295 1413 ,hatholdus]quoque,
1312 1333 1726 1402 Goderamnosctlierenbol-

54 1429 200 1497 Quomodo
223 1442 272 1483 vos
298 1441 410 1497 possum
432 1426 563 1496 adiuvare
578 1428 592 1483 ‘l
608 1428 725 1494 Quiait:
742 1430 815 1486 Vade
830 1432 864 1487 ad
915 1432 978 1500 dus,
993 1431 1038 1488 vel
1060 1432 1193 1496 Donatus,
1223 1444 1271 1485 scii
1295 1427 1450 1494 Gilbuinns,
1475 1427 1631 1482 habuerunt
1644 1445 1652 1494 ;
1667 1427 1726 1482 sive

54 1521 305 1577 hominesnostros
329 1516 445 1572 clericos
474 1525 502 1572 et
527 1518 622 1584 laicos,
651 1518 752 1589 quibus
777 1520 865 1575 bene·
916 1521 1058 1577 etiamilla
1086 1520 1189 1588 omnia,
1217 1525 1361 1592 qne-tam
1385 1517 1478 1574 clerici
1494 1533 1576 1589 quam
1593 1517 1725 1588 laici,qui

54 1609 184 1676 fecimus,
199 1615 226 1662 et
239 1606 284 1662 dic
298 1605 353 1661 illis
362 1613 393 1662 ut
402 1622 452 1677 pro
462 1607 544 1663 nobis
554 1606 866 1678 facianteleemosynns,
918 1615 945 1669 in
960 1621 1053 1670 nostra
1067 1613 1263 1670 dominatione
1286 1611 1446 1684 aliquandiu
1464 1608 1583 1676 fuerant,
1600 1625 1726 1681 quosque

54 1706 80 1753 et
91 1697 249 1762 amiiones,
278 1695 479 1766 ettimnetrent
507 1710 557 1767 nio
573 1694 653 1750 nobis
672 1693 868 1753 onenisacms
915 1704 971 1773 jam
988 1704 1207 1775 aicioepiscopo
1235 1700 1501 1768 commendavimus,
1529 1699 1678 1755 trabebant.
1696 1698 1727 1753 ei

53 1785 223 1842 oblationes.
240 1784 272 1838 Et
284 1799 336 1859 ego
363 1783 417 1839 diiii
448 1784 513 1856 quia
527 1783 664 1840 nescirem
680 1785 727 1840 nbi
741 1785 868 1842 homines
917 1803 947 1849 ni
960 1794 987 1848 in
1003 1793 1078 1848 calce
1092 1791 1186 1847 omnia
1201 1789 1410 1856 concludamus,
1426 1786 1562 1860 quidquid
1581 1803 1613 1842 ex
1627 1785 1726 1842 eodem

54 1875 166 1931 illorum
181 1883 285 1931 essent.
301 1874 349 1931 llle
364 1891 429 1932 vero
456 1875 495 1929 ait
509 1891 516 1928 :
532 1875 586 1930 llos
611 1872 738 1927 dabimus
752 1873 801 1928 tibi
815 1875 867 1930 du·
917 1885 1089 1956 episcopatu,
1104 1881 1216 1953 quando
1231 1881 1265 1936 de
1280 1896 1364 1935 manu
1385 1879 1512 1936 Falconis
1526 1878 1603 1933 inum
1620 1878 1729 1949 recepi.

54 1964 229 2035 ctorem,qui
244 1964 318 2019 tend
332 1963 394 2020 illos
409 1966 500 2022 ducat.
522 1966 554 2021 Et
570 1967 709 2025 dederunt
731 1971 799 2026 mihi
816 1972 868 2027 du·
917 1987 989 2039 mus,
1016 1972 1098 2028 alicui
1136 1971 1258 2042 praestito
1285 1968 1422 2026 beneficio
1450 1966 1649 2034 concessimus,
1680 1981 1727 2037 per

55 2064 161 2111 ctorem
190 2055 349 2126 quemdam,
379 2056 426 2128 qui
454 2071 499 2112 me
523 2057 664 2127 praecessit
683 2065 711 2113 et
730 2060 809 2117 duxit
833 2063 867 2117 ad
917 2060 1104 2117 hancnostrae
1131 2059 1352 2116 confirmationis
1373 2057 1575 2124 auctoritatem,
1603 2057 1728 2127 inspecto
1764 2098 1770 2121 ,

55 2143 198 2215 quoddam
213 2143 344 2214 palatium
359 2161 502 2217 maguum,
517 2147 564 2201 ubi
580 2148 800 2206 multitudoorat
816 2152 868 2209 ho·
918 2167 1010 2208 coram
1022 2158 1095 2207 coetu
1116 2149 1240 2206 fidelium
1270 2159 1438 2217 nostrornm,
1467 2157 1520 2203 tam
1546 2147 1727 2204 ecelesiastici

56 2232 334 2289 minumeorumdem
349 2233 553 2305 episcoporum,
569 2236 617 2307 qni
632 2237 666 2292 de
680 2238 748 2310 ipsis
760 2240 868 2312 episco-
919 2254 1000 2312 qnam
1024 2239 1128 2295 laicalis
1156 2240 1262 2296 ordinis
1289 2245 1456 2295 testamento
1485 2237 1573 2292 sancti
1599 2236 1727 2309 Remigii,

56 2325 97 2395 pis
130 2327 207 2382 inter
227 2341 258 2382 se
285 2325 478 2397 loquebantur.
513 2330 616 2394 Quibus
642 2336 767 2409 suggessi
794 2337 867 2409 qnod
918 2328 1131 2400 praeseatialiter
1158 2344 1227 2384 casae
1244 2336 1347 2384 sauctae
1368 2326 1469 2394 hariae,
1484 2333 1512 2380 et
1530 2324 1618 2379 sancti
1634 2322 1728 2377 hemi·
1789 2347 1791 2354 ·

56 2420 122 2474 nihi
137 2420 229 2476 fuerat
240 2419 348 2489 jussum
362 2435 394 2474 ex
410 2429 487 2491 parte
502 2424 706 2496 episcoporum,
724 2429 791 2485 [nde
806 2447 867 2487 cum
918 2421 967 2497 gil,
983 2429 1066 2494 atque
1082 2421 1227 2477 Hincmaro
1256 2410 1475 2494 archiepiscopo
1487 2436 1549 2477 cuin
1564 2418 1640 2476 omni
1656 2418 1729 2473 inte-

56 2511 170 2568 ductore
185 2528 250 2568 meo
265 2528 402 2579 reversus,
417 2512 450 2567 ad
472 2513 562 2571 locum
579 2518 647 2573 redii
663 2521 710 2576 ubi
726 2525 868 2597 erantipsi
917 2512 1017 2587 εΐίῑὸῑθ
1037 2510 1178 2566 reddimus
1200 2511 1244 2566 vel
1274 2509 1456 2578 fesliluimub
1484 2517 1514 2566 ¹¹2
1539 2509 1644 2582 absque
1672 2507 1729 2562 ¹¹⁸³

57 2603 194 2674 episcopi,
223 2604 345 2676 etquasi
368 2604 425 2674 jam
452 2604 525 2661 faeta
545 2607 661 2667 fuissene
689 2629 739 2685 pro
754 2616 868 2687 ipsese,
919 2601 1115 2676 refragatione,
1142 2601 1259 2656 cassatis
1282 2600 1494 2671 quibuscunque
1522 2598 1584 2653 aliis
1607 2597 1730 2654 conscri-

58 2712 117 2767 qnae
145 2696 365 2767 postulaverant,
382 2698 475 2753 inveni
490 2715 538 2755 eos
555 2700 626 2757 facie
638 2704 787 2775 jucundos,
803 2723 834 2762 ac
845 2709 868 2764 si
918 2693 1070 2765 P¹i0¹¹ib¹1b
1085 2692 1196 2748 easdem
1218 2708 1262 2748 “³⁸
1285 2708 1335 2764 per
1354 2692 1426 2747 *¹³¹¹ss
1441 2697 1562 2747 ⁰⁰⁸²f³m
1579 2690 1729 2745 θΰθῑθΐῑῑᾶ·

60 2804 157 2844 anovo
167 2804 246 2844 rasos
260 2796 287 2845 et
300 2789 455 2858 balneatos,
484 2793 554 2848 albis
581 2797 706 2865 vestitos,
735 2806 763 2854 et
791 2801 870 2857 stolis
919 2787 1122 2858 temrecipiat;
1138 2786 1248 2842 ΰῑὸῑθῦῑ
1273 2800 1318 2841 “³⁸
1332 2783 1456 2841 ecclesii?
1471 2781 1653 2854 di⁵P0¹¹0¹¹dae
1665 2790 1731 2837 ⁸1¹¹st

62 2877 175 2932 amictos
203 2886 286 2948 atque
313 2876 446 2932 sandaliis
475 2880 620 2938 calceatos.
649 2884 681 2939 Et
706 2885 774 2943 dixit
802 2888 869 2943 mihi
920 2883 955 2940 ad
968 2884 1114 2940 utilitatem
1139 2883 1226 2954 ipsius
1239 2879 1367 2936 Ecclesiae
1394 2877 1453 2944 Dei,
1478 2883 1533 2932 tam
1559 2875 1618 2947 ipse
1647 2891 1750 2947 quam¹

63 2964 261 3037 prefatusdbo
280 2970 381 3040 praesul
398 2969 503 3026 :Vides
527 2983 660 3044 qnantum
689 2993 740 3034 nos
767 2979 872 3050 adiuvit
920 2989 1095 3030 successores
1128 2970 1215 3044 ipsius
1242 2970 1401 3040 disponant.
1424 2966 1508 3032 Quam
1538 2964 1730 3021 auctoritatem

65 3065 105 3109 tna
119 3057 235 3132 legatio.
252 3057 343 3130 Usque
361 3057 445 3114 modo
473 3060 556 3116 nimis
576 3061 674 3120 durum
688 3069 830 3126 custodem
844 3079 872 3126 et
922 3066 961 3133 (in
973 3080 1027 3136 qua
1045 3078 1097 3119 nos
1109 3062 1225 3117 ulterius
1233 3060 1287 3114 tale
1300 3058 1431 3131 quiddam
1447 3071 1512 3132 erga
1538 3055 1625 3126 ipsam
1639 3068 1730 3109 casam

66 3151 216 3206 custodiam
227 3168 339 3227 gravem
352 3152 497 3210 habuimus
508 3155 579 3213 sicut
592 3159 696 3230 vidisti,
710 3165 794 3222 modo
805 3183 869 3224 vero
922 3161 968 3219 bei
984 3175 1040 3216 non
1057 3165 1166 3214 acturos
1186 3153 1369 3226 spondemus,
1399 3159 1426 3206 et
1438 3157 1469 3205 ut
1483 3162 1566 3204 nemo
1582 3160 1730 3203 successo-

69 3239 347 3297 habemusdomnnm
373 3244 543 3300 Ambrosium
570 3250 724 3322 custodem,
739 3263 767 3311 et
780 3255 869 3312 lovem
921 3271 980 3312 rum
997 3258 1154 3308 nostrornm
1179 3261 1261 3322 agere
1275 3244 1414 3311 moliatur,
1445 3257 1495 3314 per
1510 3239 1731 3312 omnipotentem

71 3332 96 3401 li,
108 3334 209 3405 lencm]
225 3335 378 3392 custodiam
395 3355 402 3393 :
418 3347 446 3395 et
461 3348 559 3397 caetera
584 3360 645 3415 quae
659 3347 717 3402 visa
732 3358 814 3422 atque
826 3368 871 3407 re·
920 3346 1066 3404 Dominum
1093 3340 1217 3411 ejusdem
1247 3335 1365 3411 Virginis
1389 3332 1475 3389 filium
1500 3329 1686 3398 obsecramus)
1702 3335 1732 3383 ut

72 3421 118 3476 lata
129 3422 272 3479 abeodem
286 3424 448 3482 llincmarns
463 3429 610 3502 episcopus
623 3432 779 3507 descripsit.
920 3440 1100 3512 perventura
1127 3439 1252 3503 tempora
1279 3427 1383 3484 certior
1407 3424 1552 3491 habeatnr,
1587 3429 1614 3477 ct
1634 3426 1732 3476 contra

385 3537 489 3594 eleut
504 3540 547 3594 lV.
920 3528 1035 3586 aemnlos
1058 3523 1145 3596 ipsius
1167 3526 1269 3576 sanctae
1299 3515 1423 3572 ecclesiae
1448 3513 1491 3569 sui
1518 3511 1616 3568 notitia
1630 3508 1731 3576 valeat,

78 3622 106 3676 ⁰⁰
115 3627 282 3681 restitutione
304 3641 395 3682 remm
409 3629 651 3687 ecclesiasticorum
665 3649 684 3688 a
697 3635 871 3708 Karororeqe
920 3633 1004 3673 manu
1024 3621 1119 3671 nostra
1133 3605 1407 3670 subterhnnavimus,
1423 3610 1451 3657 et
1465 3598 1560 3657 annuli
1573 3597 1659 3701 nostri
1675 3597 1731 3651 im·

408 3705 532 3770 feracia·
921 3722 1064 3782 pressione
1081 3703 1207 3761 roboravi
1220 3698 1403 3755 decrevimus.
1425 3694 1491 3748 bata
1507 3689 1636 3745 Kalendis
1650 3686 1733 3742 Octo·

10 3771 13 3793 '
106 3787 373 3861 Ordinatodenique‚
391 3807 444 3847 een
468 3795 640 3864 praemissnm
655 3804 708 3866 est,
725 3799 871 3858 hincmaro
922 3803 980 3858 bris
1008 3813 1082 3854 anno
1103 3797 1271 3869 dregnantc
1299 3787 1397 3844 llarolo
1426 3781 1632 3880 gloriosissimo·
1655 3793 1731 3877 rege,

83 3878 192 3940 Ecclesiae
221 3885 367 3943 Remcnsis
381 3888 601 3964 archiepiscopo,
628 3912 675 3952 rex
704 3898 818 3966 Karalus
831 3915 876 3956 res
924 3888 1078 3947 indictione
1091 3885 1118 3943 8.
1141 3883 1237 3938 Actum
1263 3879 1292 3933 in
1322 3872 1609 3952 pagohndegaveosi,
1625 3884 1654 3922 in
1668 3866 1733 3923 villa

84 3987 176 4041 tunes
205 3977 308 4033 eodem
336 3979 478 4052 episcopio
505 3984 563 4039 suis
587 3974 715 4057 palatinis
741 4004 875 4061 usurpare
924 3979 1062 4054 dveg'wd
1619 4047 1624 4058 ⁸

84 4073 251 4132 concesserat,
273 4067 327 4138 ipsi
339 4078 440 4124 sanctae
466 4071 588 4131 reddidit
603 4076 737 4132 ecclesiae.
753 4077 806 4134 Pro
821 4094 875 4150 qna
959 4073 997 4128 lte
1011 4066 1118 4126 ceteris
1132 4075 1244 4136 qnoque
1273 4056 1366 4123 rebus,
1393 4067 1454 4125 qnae
1468 4046 1663 4152 tunctredditae
1676 4060 1732 4149 non

84 4157 238 4213 restitutione
262 4159 345 4215 talem
361 4164 492 4234 praecepti
506 4165 549 4220 sui
566 4166 644 4224 dedit
657 4172 873 4229 auctoritatem:
924 4166 1047 4230 fuerunt,
1068 4152 1227 4228 hujusmodi
1257 4148 1432 4222 postmodum
1455 4145 1596 4199 invenitur
1622 4139 1733 4195 dedisse

108 4249 159 4302 ·ln
174 4250 403 4305 nominesanctae
418 4259 446 4307 et
460 4252 610 4311 individuae
624 4257 774 4329 Trinitatis,
788 4261 874 4320 lfaro-
925 4257 998 4329 [ms.,
1012 4246 1142 4318 edidisse]
1160 4246 1346 4316 praeceptum:
1496 4324 1502 4335 ι
1527 4323 1533 4334 Ι
1578 4322 1583 4333 ι

82 4332 113 4390 Ιιι
135 4338 183 4393 ltei
210 4338 301 4414 gratia
323 4354 379 4396 rex.
396 4340 423 4395 si
437 4358 481 4411 ea,
508 4360 569 4416 qnae
593 4349 875 4420 apnaedeeesffisibus
962 4347 1021 4401 «tn
1037 4339 1292 4399 nominesanctaeei
1301 4328 1451 4387 individuae
1461 4326 1610 4420 Trinitatis,
1621 4319 1735 4378 lfarolns

80 4431 168 4485 nostris
181 4429 227 4485 vel
242 4426 368 4487 fidelium
384 4432 532 4491 devotione
546 4435 620 4494 beno
648 4441 760 4513 tradita,
775 4452 875 4505 statuta
925 4435 1014 4512 gratia
1025 4430 1129 4487 ltcircx
1145 4441 1152 4480 a
1174 4421 1303 4479 omnihus
1326 4415 1485 4517 comitibus,
1512 4411 1667 4507 abbatibus,
1683 4408 1735 4462 ab·

79 4531 102 4571 ic
113 4519 277 4576 mnfirmatn
305 4528 380 4586 snut,
392 4525 493 4581 nostris
518 4527 636 4583 oraculis
651 4528 812 4588 roboramus
827 4554 834 4603 3
848 4539 871 4594 si
883 4547 913 4617 D
927 4525 1047 4591 batissis,
1069 4517 1172 4585 missis,
1200 4511 1325 4579 vassalis,
1339 4519 1367 4567 et
1377 4514 1483 4566 cunctis
1497 4509 1599 4604 sanctae
1622 4498 1668 4553 [tei
1683 4494 1735 4550 Ec-

78 4608 146 4662 ctiam
173 4609 223 4663 illa
261 4624 322 4681 qnae
358 4627 524 4685 quacunque
552 4617 719 4673 necessitate
744 4636 875 4704 con-up,a
927 4617 1018 4675 etesiae
1033 4610 1162 4668 fidelibus
1188 4621 1220 4661 ac
1243 4601 1357 4668 nostris,
1380 4593 1563 4695 praesentibus
1587 4586 1694 4644 scilicet
1709 4591 1737 4639 ct

77 4707 128 4754 sont
141 4699 220 4774 regia
233 4706 329 4755 nostra
355 4703 517 4762 auctoritate
542 4711 706 4789 corrigimus
720 4729 748 4777 et
763 4722 792 4778 in
815 4742 876 4786 me,
927 4705 1036 4772 futnris,
1060 4708 1156 4756 notum
1184 4709 1245 4751 esse
1264 4691 1402 4784 volumus,
1418 4693 1482 4758 quia
1496 4683 1658 4777 hincmarus
1672 4687 1737 4729 san·

76 4783 119 4841 lius
128 4797 345 4857 commutamus,
362 4791 445 4848 saluti
464 4803 565 4854 nostrae
590 4804 762 4863 consulimus
788 4817 816 4866 et
830 4828 876 4867 re·
928 4805 978 4854 sslae
997 4789 1121 4849 000108588
1144 4786 1292 4841 Rssfflffltlffl
1314 4776 1472 4848 relidwffils,
1499 4768 1634 4846 ¹¹⁰b¹⁸q¹¹0
1655 4764 1736 4818 ‘'³¹⁶“

76 4879 139 4951 giuin
153 4881 340 4937 ministerium
360 4895 520 4959 susceptum
543 4891 689 4952 altomino
702 4913 865 4958 exercemus
927 4890 1045 4946 dilectus
1059 4874 1266 4937 aevenerabilis
1298 4866 1434 4942 pontifex,
1451 4860 1587 4962 accedens
1607 4856 1640 4911 ad
1655 4854 1738 4910 celsi·

76 4962 185 5023 Proinde
199 4968 444 5028 noveritomnium
471 4973 594 5034 fidelium
610 4980 704 5041 Deiac
718 4995 876 5046 nostrorum
927 4973 1033 5034 tudinis
1060 4975 1160 5025 ⁰⁰⁵²?ae
1199 4956 1428 5034 magnitudinem,
1464 4953 1583 5048 ¹⁰¹¹⁰l¹¹¹l
1608 4956 1760 5046 minin?-

76 5055 179 5113 solertia
192 5057 259 5130 qnia
272 5072 317 5113 res
335 5074 370 5114 cx
399 5061 558 5136 episcopatu
574 5068 715 5142 demensi,
734 5092 803 5148 quas
817 5094 878 5134 ma·
929 5064 1019 5126 tudini
1046 5066 1158 5126 nostrae,
1174 5053 1249 5129 quod
1266 5068 1299 5108 ex
1314 5048 1397 5104 rebus
1414 5040 1579 5142 sanctaebei
1594 5040 1738 5139 genitricis

76 5158 123 5215 tna
136 5148 302 5204 necessitate
314 5158 342 5206 et
353 5167 404 5223 per
429 5152 522 5208 omnia
548 5155 636 5226 inviti,
660 5160 725 5217 dnm
738 5181 754 5220 ι
768 5173 878 5237 pastore
928 5159 1029 5223 dariae,
1044 5162 1072 5211 et
1085 5151 1173 5208 sancti
1187 5164 1218 5203 ac
1245 5140 1357 5218 pretiosi
1377 5136 1545 5195 confessoris
1565 5130 1666 5229 Christi
1684 5127 1739 5227 lle-

76 5236 150 5290 sedes
163 5235 211 5290 illa
231 5245 327 5293 sancta
352 5249 472 5309 vacaret,
496 5241 626 5301 fidelibus
641 5252 790 5309 nostrised
806 5261 879 5310 tem·
929 5247 1016 5322 migii,
1043 5259 1104 5315 qnae
1127 5255 1176 5312 per
1200 5241 1344 5309 parentum
1381 5233 1587 5281 antecessorum
1610 5216 1741 5315 videlicet

76 5341 130 5394 ΡΜ,
145 5328 220 5383 uude
248 5328 389 5401 quoddam
419 5333 572 5403 temporale
595 5336 722 5395 solatium
740 5358 755 5398 a
783 5350 878 5402 nostro
931 5342 1086 5392 nostrorum
1099 5342 1194 5403 regum
1208 5323 1361 5387 dationem,
1377 5316 1435 5372 sive
1449 5316 1651 5412 porrectorum
1667 5321 1741 5374 eius·

75 5415 201 5476 baberent
210 5420 336 5490 servitio,
363 5425 631 5499 commendavimus,
661 5433 751 5492 electo
763 5443 791 5493 ei
805 5437 881 5494 ordi.
932 5428 994 5483 dem
1006 5423 1130 5481 ecclesiae
1154 5414 1381 5490 imprudentiam,
1398 5408 1441 5465 rel
1459 5415 1679 5505 concessionem,
1697 5395 1740 5453 vel

76 5512 259 5564 ¹¹²¹⁰¹¹¹¹¹¹¹⁸¹0
274 5509 364 5565 ⁸³¹¹⁰²i
390 5510 520 5584 spiritus,
550 5533 601 5589 per
628 5521 676 5578 Dei
705 5531 733 5580 et
759 5537 880 5583 nostram
931 5519 1014 5578 ctiam
1036 5525 1267 5590 quorumcunque
1289 5504 1480 5563 malivolorum
1508 5496 1740 5552 machinationem

73 5595 290 5670 dispositionem,
306 5602 334 5657 in
362 5603 459 5663 eidem
480 5619 576 5667 sancta
590 5614 657 5670 sede
673 5616 820 5675 hincmaro
834 5635 881 5674 ar·
933 5615 968 5669 ab
983 5611 1081 5667 cadem
1094 5614 1189 5664 sancta
1203 5601 1320 5660 ecclesia
1338 5597 1482 5653 abstractae
1497 5604 1559 5690 esse
1579 5590 1740 5678 cernuntur,

71 5687 258 5766 ‘memmi
272 5695 328 5752 hoo
350 5708 454 5756 nostre
476 5705 650 5763 auctoritatis
668 5717 807 5781 praecepto
821 5724 883 5766 eum
933 5718 1014 5760 ιιοιιιι,ἱ
1029 5707 1056 5756 ot
1069 5697 1196 5762 decimae,
1222 5693 1256 5748 ad
1277 5687 1404 5748 eamdem
1424 5679 1582 5755 praedictiim
1595 5670 1741 5727 ecclesiam
