3840 6106
128 256 182 312 903
664 241 802 298 SANCTAE
821 236 998 295 ustulatus
1019 239 1151 295 REGlNAE
1170 240 1255 295 ulta.
1743 248 1794 303 ilbi

124 390 214 438 vestra
235 385 322 434 mater
336 376 521 432 sanctissima.
544 386 728 447 regnumque,
749 375 779 424 ut
793 368 970 437 conveniat
1019 367 1064 422 lt.
1088 371 1125 423 lle
1146 371 1361 427 reconciliatione
1386 375 1517 429 Heinrioi.
1537 373 1722 446 Comperieus
1745 393 1793 431 nu·

127 472 213 544 prima
241 468 394 539 possideat;
424 473 452 518 et
477 472 508 518 ut
538 477 694 533 speramus,
725 465 813 514 vestra
840 457 933 512 omnia
987 467 1040 514 tem
1069 460 1224 526 iuimicus,
1244 463 1355 532 juvenis
1377 466 1496 522 decorus
1520 468 1684 544 etegregiae
1706 471 1794 524 matris

123 557 363 633 prosperabuntur
389 560 416 609 et
431 553 458 607 in
479 551 624 623 pristinum
645 549 824 605 restituentur
837 547 859 581 ⁴⁹
874 561 937 622 gre-
986 550 1102 605 nimium
1126 551 1254 619 dilectus,
1288 570 1381 629 regern
1409 556 1535 612 ultonem
1569 573 1653 612 suum
1688 557 1792 613 fratrem

125 651 201 706 dum.
224 673 236 695 v
259 648 419 702 [laxantem
443 641 936 713 poenitentiaeompunctuseleom·
985 644 1061 694 tanta
1079 640 1268 698 satisfactione
1296 643 1417 698 inclitam
1446 645 1501 699 sibi
1528 653 1644 701 matrem
1676 647 1796 703 reconci-

127 745 205 801 missi
233 745 300 799 haut
325 743 472 797 immemor
497 746 598 804 reatus,
631 739 687 793 Deo
715 736 879 807 inspirante,
907 733 935 787 in
986 730 1079 797 liasse,
1114 731 1179 786 haut
1205 733 1296 788 minus
1328 734 1492 805 paenitentia
1519 745 1718 807 compunctus,
1749 739 1796 793 iter

123 847 217 892 sancta
241 842 327 889 matre
353 847 384 886 se
413 829 564 900 deliquisse
583 825 722 900 cognovit.
750 824 817 879 llaut
845 838 932 889 mora,
985 820 1083 886 tendit,
1106 828 1132 876 el
1156 821 1203 876 ubi
1223 834 1349 879 sanctam
1372 825 1419 881 bei
1449 827 1556 882 invenit
1582 826 1689 882 talibus
1710 828 1797 883 verbis

124 929 199 985 missi
224 927 371 998 episcopis,
393 923 512 978 ducibus
533 938 565 977 ac
583 919 732 976 comitibus
761 917 931 974 etomnibus
983 924 1042 963 uutu
1059 920 1101 963 cst
1129 927 1290 984 aggressus:
1316 914 1551 971 advenerabilis
1570 917 1688 974 domina
1711 928 1748 983 et,
1774 914 1796 971 si

124 1014 337 1088 sapientissimis
357 1013 605 1067 militummatrem
631 1025 692 1064 cum
723 1010 828 1063 honore
856 1021 936 1061 revo-
985 1004 1202 1072 iasestdicera,
1231 1015 1320 1063 mater
1333 1008 1487 1076 karissima,
1503 1027 1554 1067 uos
1568 1013 1694 1083 graviter
1707 1024 1797 1069 contra

61 1113 63 1118 ’
126 1107 252 1168 candum,
271 1103 402 1175 praecepit
423 1100 520 1155 Christi
534 1098 646 1153 iarrrulae
661 1097 819 1165 hujusmodi
835 1095 935 1166 scripta
985 1106 1137 1154 maternam
1152 1100 1237 1156 vestri
1252 1099 1430 1157 dulcedinem
1446 1102 1598 1175 deliquisse
1614 1104 1795 1171 condumum

125 1198 244 1254 deferri:
269 1218 279 1245 ι
301 1195 320 1251 0
344 1192 511 1249 venerabilis
538 1191 660 1256 domine,
693 1189 740 1244 liei
765 1186 934 1243 iracundiam
985 1197 1033 1250 sed
1049 1213 1123 1252 nunc
1137 1197 1245 1251 veniam
1262 1197 1444 1268 postulamus,
1464 1215 1547 1270 quam
1570 1217 1628 1257 non
1652 1217 1788 1256 meremur

122 1289 179 1357 jam
205 1287 271 1342 satis
286 1284 458 1354 nimiumque
473 1280 698 1337 exacerbavimus
717 1278 746 1332 iu
762 1293 812 1332 nos
840 1291 935 1347 perse-

125 1375 234 1431 cutione
253 1381 353 1428 vestra.
378 1371 505 1425 latemur
525 1369 601 1440 quod
628 1366 813 1438 peccavimus,
834 1371 861 1420 et
891 1364 935 1419 in·

121 1471 195 1542 juste
219 1474 313 1524 contra
336 1482 384 1522 vos
398 1465 520 1537 egimus·
546 1471 659 1534 propter
681 1462 765 1516 Deum
790 1459 869 1515 nobis
892 1459 936 1514 di-

124 1562 234 1626 mittite,
251 1568 278 1614 et
301 1557 436 1613 adlrriste
460 1555 569 1610 veniam
587 1553 761 1608 remissionis
776 1551 931 1622 implorate.

986 1291 1110 1345 attamen
1141 1289 1321 1344 obsecramus
1344 1306 1394 1346 vos
1423 1307 1472 1362 per
1499 1293 1621 1348 animam
1648 1303 1678 1349 et
1700 1309 1797 1349 nornen

985 1379 1071 1435 nostri
1092 1379 1186 1450 patris,
1198 1388 1228 1434 ut
1241 1379 1270 1433 in
1283 1379 1429 1450 pristinum
1449 1389 1546 1437 vestrae
1563 1383 1662 1453 gratiae
1686 1385 1797 1457 gradum

985 1489 1035 1528 nos
1075 1473 1165 1528 redire
1203 1473 1370 1529 concedatis.
1400 1474 1458 1530 Non
1488 1474 1653 1530 dubitamus
1684 1477 1750 1548 quin
1783 1494 1798 1531 a

985 1562 1092 1619 Christo
1107 1577 1310 1635 consequamur
1331 1562 1439 1618 veniam
1465 1562 1653 1629 remissionis,
1668 1564 1691 1617 si
1707 1580 1756 1620 vos
1767 1580 1797 1619 err

52 1670 56 1675 .
126 1652 274 1719 Quodlibet
294 1649 460 1721 supplicium
487 1646 604 1702 libentur
622 1645 751 1716 palimul',
777 1651 880 1698 tantum
906 1649 935 1696 ut
949 1689 972 1754 B
985 1659 1042 1707 1010
1053 1652 1307 1724 copdeignoscitisg
1325 1653 1399 1724 quia,
1413 1669 1446 1708 eg
1460 1668 1514 1724 quo
1530 1660 1652 1709 vestam
1670 1654 1796 1726 pietatem

125 1754 215 1800 vestra
237 1742 324 1816 grauia
347 1741 478 1794 truamur.
495 1740 533 1792 rid
559 1738 619 1791 trac
633 1743 661 1791 ut
676 1737 710 1790 ad
734 1751 784 1790 nos
799 1735 851 1789 iter
866 1733 933 1788 diri-

125 1835 205 1910 gatis,
228 1834 363 1905 petimus;
385 1847 434 1886 uos
449 1839 476 1885 ot
495 1831 588 1886 omnia
615 1837 706 1885 nostra
723 1829 821 1884 ditioni
836 1835 933 1882 restrae

125 1926 280 1992 subdimus,
306 1925 422 1994 insuper
446 1932 474 1977 ct
499 1922 673 1977 restituemus
700 1919 834 1993 quidquid
855 1917 934 1973 vobis

125 2019 226 2087 injusta
255 2017 448 2072 abstraximus.
487 2014 528 2069 Nil
567 2014 649 2068 nobis
688 2012 841 2082 jocundum
871 2011 933 2076 erit,

123 2118 270 2182 antequam
287 2124 336 2164 vos
357 2107 452 2161 videre
478 2106 625 2180 eontigerit
654 2128 664 2156 r
689 2104 848 2159 Beatissimo
869 2117 935 2159 vcro

125 2206 221 2280 regina
235 2204 397 2274 petitionem
412 2199 462 2255 filii
479 2201 557 2255 hilari
570 2207 662 2255 rueme
672 2199 840 2271 percipiens,
851 2198 935 2269 quid·

124 2293 190 2366 quid
216 2291 365 2363 pertulerat
391 2290 498 2345 advorsi
528 2290 639 2360 penitus
653 2289 766 2344 tradidit
787 2287 933 2352 oblivioni,

124 2405 175 2444 uec
191 2388 295 2443 diutius
309 2386 423 2449 distulit,
440 2385 489 2441 sed
506 2385 559 2440 iter
572 2385 729 2441 accelerans
743 2384 771 2439 in
787 2384 897 2439 Gruona
911 2382 934 2417 ⁵⁰

123 2478 209 2535 venit.

160 2569 204 2623 13.
230 2572 267 2624 De
293 2568 510 2623 reconciliatione
534 2567 639 2623 Ottouis
662 2569 687 2619 et
713 2566 811 2618 matris
843 2561 931 2631 (Oct).

124 2661 189 2718 Cum
206 2670 296 2718 autem
317 2661 451 2716 adventus
474 2657 640 2714 venerabilis
655 2656 757 2730 reginae
777 2653 934 2709 llahthildis

124 2750 332 2822 pervulgaretur
353 2749 388 2802 ad
405 2763 486 2803 aures
506 2747 578 2820 regis
600 2745 714 2806 Ottonis.
741 2744 826 2799 multo
841 2743 932 2800 comi·

985 1739 1012 1794 in
1045 1741 1111 1795 iram
1140 1741 1359 1812 provocavimus,
1388 1742 1478 1798 morbi
1510 1743 1665 1814 gravedine
1684 1744 1796 1799 nimium

985 1830 1130 1900 periclitati
1157 1847 1262 1885 sumus.
1286 1853 1295 1879 ι
1320 1832 1404 1896 Quem
1429 1832 1598 1888 venerabilis
1633 1834 1745 1890 domina
1770 1847 1796 1890 ut

984 1923 1053 1979 vidit
1085 1923 1274 1978 lacrimantem
1307 1932 1335 1980 ct
1357 1941 1407 1996 pro
1443 1926 1621 2001 indulgentia
1659 1927 1796 1984 humiliter

985 2013 1186 2085 supplicantem
1205 2013 1309 2070 <liutius
1330 2015 1386 2086 pati
1408 2031 1463 2070 non
1484 2017 1583 2086 potuit,
1601 2016 1652 2071 sed
1676 2017 1704 2071 iu
1730 2018 1795 2072 banc

985 2119 1080 2159 vocem
1096 2104 1221 2162 celeriter
1245 2107 1383 2177 prorupit:
1406 2136 1417 2153 κ
1440 2106 1489 2160 Fili
1512 2107 1550 2160 mi
1578 2106 1718 2170 lleiuriee,
1743 2110 1793 2164 noli

985 2191 1070 2259 tlere;
1101 2194 1215 2260 desiste,
1239 2194 1289 2262 tili,
1312 2193 1429 2251 desistel
1455 2195 1541 2250 llater
1561 2196 1640 2251 enim
1654 2205 1701 2252 tua
1722 2215 1753 2253 ex
1771 2209 1793 2255 te

984 2284 1081 2340 audire
1097 2300 1152 2341 uon
1167 2286 1298 2357 praevalet
1321 2288 1379 2343 trare
1401 2288 1543 2359 precantia
1557 2289 1654 2345 verba.
1686 2293 1792 2361 Propius

983 2378 1096 2445 accede,
1118 2388 1145 2434 et
1160 2381 1240 2435 matri
1264 2388 1317 2436 tnae
1337 2381 1462 2436 osculum
1483 2381 1588 2452 praebe.
1622 2384 1695 2438 bens
1710 2382 1791 2440 tidelis

983 2471 1020 2525 sit
1048 2469 1097 2524 tibi
1121 2471 1280 2541 placabilis;
1302 2486 1353 2526 nos
1377 2477 1403 2526 le
1429 2471 1585 2548 diligimus,
1611 2474 1683 2530 sicut
1708 2475 1788 2546 prinu

984 2578 1047 2618 nam
1061 2577 1115 2618 non
1141 2563 1300 2636 ignoramus
1315 2564 1388 2636 quod
1413 2571 1440 2620 te
1455 2565 1605 2621 adversum
1634 2583 1687 2624 nos
1701 2569 1790 2624 excite

983 2651 1022 2706 vit
1033 2654 1175 2723 persuasio
1187 2652 1371 2708 inimieorum.
1395 2677 1408 2701 ι»
1430 2654 1597 2718 llantmora.
1609 2657 1787 2713 satisfactione

985 2740 1030 2798 tali
1053 2749 1183 2813 percepta
1207 2743 1228 2777 ⁵¹
1252 2758 1297 2797 rex
1313 2742 1373 2798 Otto
1389 2750 1417 2798 et
1435 2744 1491 2799 dux
1514 2744 1662 2802 lleinricus
1676 2754 1786 2802 sancus

123 2850 181 2898 tatu
197 2842 307 2898 obviarn
327 2841 427 2906 tendit,
447 2856 540 2895 seeum
556 2839 705 2896 comitante
726 2837 820 2911 regina
841 2836 931 2890 Edillr.
984 2833 1031 2888 lici
1058 2833 1271 2889 introduxerunt
1295 2833 1321 2889 iu
1338 2835 1361 2869 ⁵²
1376 2834 1482 2890 dotales
1507 2837 1651 2912 regiones,
1678 2845 1707 2893 et
1728 2839 1788 2893 sicut

124 2935 157 2991 tu
171 2950 236 2990 vero
257 2935 375 3005 primum
395 2933 463 2988 vidit
479 2933 534 2987 oen
549 2932 678 2987 dilectam
697 2930 930 3002 appropinquare,
983 2924 1096 2999 dignum
1137 2930 1195 2978 crat
1228 2923 1343 2995 primam
1375 2925 1596 2982 constituebant.
1639 2927 1705 2984 Post
1740 2928 1787 2983 trec

124 3024 159 3080 ab
174 3040 246 3096 equo
268 3024 382 3088 desiliit,
398 3031 424 3079 et
440 3023 553 3094 propius
567 3022 713 3090 accedens,
729 3036 802 3095 genu
819 3018 888 3074 tlexo
905 3017 932 3072 in
946 3061 970 3130 C
983 3017 1052 3072 mira
1074 3017 1146 3072 inter
1161 3024 1276 3072 matrem
1291 3024 1318 3072 et
1341 3015 1413 3073 filios
1430 3027 1489 3074 erat
1506 3019 1584 3090 pacis
1603 3020 1787 3093 tranquillitas,

123 3126 235 3184 terram,
247 3118 353 3172 veniam
370 3116 529 3187 postulavit,
545 3115 661 3169 dicens:
684 3135 697 3164 a
719 3112 833 3168 bomne
848 3110 933 3167 decus
984 3122 1010 3167 et
1025 3112 1059 3167 ad
1078 3128 1162 3168 omne
1182 3113 1284 3167 bonum
1305 3113 1382 3168 unita
1394 3113 1537 3178 voluntas;
1560 3113 1590 3168 in
1608 3115 1787 3170 consolatione

125 3210 210 3266 nostri
229 3208 347 3274 decoris,
363 3214 391 3262 et
408 3207 537 3262 solatium
554 3206 688 3277 cujusque
711 3204 823 3272 laboris,
854 3205 933 3275 cuius
982 3223 1136 3280 pauperum
1166 3207 1278 3263 suerunt
1306 3208 1464 3273 unanimes,
1488 3208 1516 3263 in
1541 3210 1788 3266 constructionibus

124 3298 230 3353 meritis
263 3295 457 3368 deputabimus
494 3311 608 3370 reguum
638 3294 712 3366 quud
747 3294 920 3365 possidemus
982 3302 1161 3358 ecclesiarum
1178 3308 1205 3356 ot
1224 3301 1452 3356 monasteriorum
1478 3301 1645 3357 concordes.
1668 3301 1698 3356 ln
1716 3309 1787 3356 matre

123 3388 229 3444 Sumite
244 3388 279 3442 du
303 3387 385 3441 u0bi⁵
404 3389 589 3459 qu⁰d⁰uull¹¹0
613 3387 780 3458 supplicium
795 3385 888 3454 iuliis,
902 3393 932 3441 ui
981 3411 1046 3469 erga
1060 3393 1133 3449 filios
1151 3393 1220 3448 mira
1235 3392 1285 3448 tuit
1300 3392 1408 3459 caritas,
1424 3392 1453 3447 iu
1474 3391 1540 3447 liliis
1564 3392 1693 3449 obedivit
1706 3401 1787 3448 sancta

124 3482 204 3538 uobis
227 3488 331 3539 tantum
348 3481 428 3537 liccat
442 3482 532 3537 redire
556 3482 582 3537 in
598 3483 712 3555 gratiam
728 3482 932 3538 reconciliatio-
983 3487 1140 3551 uurrrilitas;
1155 3493 1182 3541 et
1196 3485 1356 3541 utbreviter
1370 3486 1563 3552 conciudatur,
1582 3485 1788 3556 perseverabant

122 3575 173 3629 ais.
198 3574 258 3630 lam
272 3574 339 3630 satis
358 3573 461 3629 luimus
479 3574 615 3646 quidquid
634 3582 729 3629 contra
751 3573 931 3644 vosdeliqui-
982 3577 1058 3647 pacis
1084 3575 1232 3632 stabilitate
1260 3590 1350 3647 usque
1372 3575 1407 3629 ad
1422 3574 1527 3630 obitum
1551 3575 1628 3642 vita,
1659 3575 1787 3631 diabolum

122 3686 202 3737 mus;
232 3686 294 3725 narn
322 3686 356 3725 cx
381 3670 428 3725 illo
465 3678 589 3741 tempore
630 3685 685 3741 quo
716 3669 888 3725 abscessistis
916 3687 931 3725 a
981 3669 1177 3726 conculcantes
1198 3683 1248 3739 per
1266 3667 1419 3735 caritatem,
1445 3668 1493 3740 qui
1515 3683 1607 3740 nuper
1624 3668 1700 3724 inter
1724 3669 1787 3739 ipsos

120 3771 210 3817 vestra
226 3762 309 3817 dotali
332 3762 456 3835 regiam,
474 3769 626 3817 retroversa
642 3769 683 3817 est
698 3761 788 3816 omnis
815 3777 931 3832 prospe·
981 3758 1164 3814 seminaverat
1174 3757 1229 3812 litis
1244 3755 1378 3813 fomitem.

121 3852 186 3907 ritas
210 3852 287 3919 belli,
312 3868 420 3908 necnon
445 3852 536 3908 iractae
561 3860 625 3907 suut
658 3861 759 3909 nostrae
794 3853 877 3918 vires,
903 3863 931 3909 et
1017 3851 1059 3905 15.
1076 3853 1110 3905 lle
1130 3850 1205 3905 obitu
1225 3849 1310 3905 aditu
1328 3850 1427 3916 replum
1463 3848 1576 3904 interim
1591 3849 1713 3922 contigit
1725 3849 1786 3922 piam

120 3941 218 3997 crebro
246 3951 340 3997 contra
366 3957 417 3996 nos
445 3943 646 4013 prraevaluerunt
670 3943 773 3998 hostes.
796 3963 809 3995 n
830 3942 930 3998 Contra
981 3942 1061 3999 Edith
1098 3942 1234 4015 reginam,
1275 3947 1408 4013 perpetuo
1442 3941 1590 4010 victuram,
1634 3949 1786 4014 presentem

121 4035 180 4090 baec
213 4044 301 4090 mater
328 4035 505 4102 venerabilis,
535 4036 651 4092 decoros
687 4036 783 4091 oculos
818 4035 929 4106 pertusa
979 4033 1105 4089 amittere
1124 4033 1208 4088 vitam
1225 4031 1271 4102 (uu
1294 4032 1435 4098 ecaton.
1455 4032 1510 4101 26).
1542 4032 1598 4088 iter
1615 4031 1786 4095 autem0tlo,
1842 4028 1844 4033 ’

122 4123 252 4190 lacrimis,
278 4121 335 4178 tilio
349 4123 440 4178 statim
468 4121 585 4194 praebuit
607 4122 730 4178 osculum
749 4123 835 4192 praeis,
849 4122 927 4194 quasi
976 4138 1033 4208 jam
1053 4132 1189 4194 provectae
1209 4121 1296 4177 etatis
1310 4120 1367 4193 (33)
1395 4121 1477 4177 simul
1501 4137 1564 4177 cum
1580 4131 1683 4189 matre,
1707 4122 1786 4179 eccle·

120 4211 155 4266 ab
167 4227 200 4266 eo
216 4211 284 4266 uitril
299 4211 458 4282 pertulisset
474 4210 656 4279 adversitatis,
673 4219 701 4265 et
715 4211 837 4265 animum
860 4227 929 4282 sup·
982 4212 1037 4267 sias
1064 4220 1092 4267 et
1109 4211 1278 4267 monasteria
1304 4212 1473 4279 construam
1501 4221 1619 4284 portans
1651 4229 1743 4285 pacem
1765 4217 1786 4264 et

121 4299 251 4372 plicantis
279 4298 379 4354 talibus
418 4297 614 4354 consolabatur
639 4297 745 4353 verbis:
771 4297 852 4353 «Pili
883 4299 931 4367 mi,
983 4315 1057 4364 recte
1080 4307 1219 4376 judicans,
1249 4313 1391 4377 paternam
1424 4306 1452 4361 in
1466 4307 1574 4363 cunctis
1605 4308 1731 4364 imitatus
1751 4312 1785 4360 est

122 4394 206 4449 nolito
231 4392 404 4459 contristari;
426 4408 570 4463 speramus
595 4393 681 4457 euim,
710 4408 760 4448 vos
788 4393 932 4449 veniama
983 4401 1123 4471 pietatem.
1146 4398 1209 4454 Post
1231 4397 1337 4454 obitum
1368 4398 1446 4453 Edith
1472 4398 1588 4455 illustris
1610 4401 1713 4475 regina
1739 4405 1786 4453 tres

122 4484 239 4540 Domino
254 4482 404 4555 consequi;
420 4499 483 4538 nam
498 4483 521 4538 si
535 4489 690 4539 nostrorum
705 4496 759 4538 non
780 4482 932 4559 exigissent
983 4487 1037 4558 (34)
1070 4501 1159 4542 annos
1186 4485 1244 4561 egit
1262 4486 1292 4569 in
1316 4486 1458 4552 viduitate,
1484 4487 1594 4543 cunetis
1616 4488 1698 4544 bonis
1726 4501 1786 4557 ope·

121 4576 312 4648 peccaminum
336 4575 444 4639 merita,
475 4583 620 4631 vestraex
644 4584 721 4648 parte
746 4576 821 4632 nulla
850 4576 931 4632 nobis
981 4576 1058 4634 ribus
1070 4578 1219 4651 diligenter
1230 4576 1361 4646 instabat,
1372 4585 1500 4634 etsacras
1519 4578 1661 4636 lectiones
1674 4577 1787 4634 studiose

119 4667 278 4724 obviassent
302 4669 428 4723 adversa.
453 4669 526 4724 Deus
549 4674 640 4724 autem
662 4667 742 4724 vobis
763 4667 864 4723 tribnat
889 4669 932 4722 iu·
982 4672 1101 4746 legebat.
1120 4671 1247 4728 lamdum
1273 4672 1368 4728 multis
1388 4673 1583 4745 comprobarat
1611 4673 1735 4730 castitate
1748 4672 1785 4727 ri·

119 4763 290 4840 dulgentiam
314 4781 364 4836 per
392 4762 560 4821 ineffabilem
588 4780 665 4820 suam
698 4721 968 4832 miscricordiam,D
979 4764 1092 4820 duitatis
1123 4772 1151 4819 et
1179 4763 1338 4821 assiduitate
1366 4764 1542 4830 orationum,
1581 4766 1639 4821 sibi
1673 4765 1785 4820 animum

119 4859 168 4932 qui
187 4866 297 4930 paratus
312 4865 354 4914 est
374 4858 501 4914 misereri
524 4859 625 4932 cuique
640 4859 798 4930 paenitenti,
814 4860 836 4915 si
852 4875 928 4916 com·
978 4870 1050 4922 esse,
1071 4871 1087 4910 a
1101 4855 1241 4930 conjugali
1257 4856 1398 4913 consortio
1412 4872 1444 4910 se
1457 4856 1528 4912 velle
1543 4858 1721 4928 postmodum
1735 4855 1787 4910 abs

121 4949 204 5005 missa
223 4947 345 5019 perfecte
366 4947 510 5004 defleverit
535 4955 562 5003 et
590 4948 764 5019 postmodum
791 4963 847 5004 non
874 4949 927 5004 ad·
978 4945 1077 5001 tinere.
1101 4944 1177 5001 Tunc
1198 4946 1351 5002 construxit
1375 4946 1536 5002 beatissima
1550 4947 1651 5023 aegina
1665 4942 1785 5002 tlabtbild

121 5041 235 5098 miserit.
259 5062 273 5092 o
979 5040 1179 5097 monasterium
1195 5040 1223 5096 in
1239 5040 1326 5096 Palidi
1340 5041 1408 5111 (35),
1429 5041 1485 5097 illie
1501 5057 1678 5117 congregans
1690 5049 1784 5098 tunnu-

795 5168 906 5224 VllillAE
920 5168 1109 5224 tultttottts.

157 5265 180 5302 ⁵⁰
199 5266 422 5323 restituunturl.
452 5267 608 5340 ¹⁵⁰gronal.
624 5268 657 5322 ad
673 5284 807 5343 graonam
823 5267 919 5325 hilaris
937 5268 1142 5326 accelerauitd.
1171 5270 1191 5304 ⁸¹
1209 5269 1423 5340 perceptionct.
1456 5266 1782 5326 ucceutsedooatt.

906 5369 1012 5425 NOTAE.

157 5465 213 5536 (33)
233 5465 290 5520 lter
316 5479 451 5520 annorum
475 5471 581 5521 tautum
606 5465 640 5521 :tt
670 5474 738 5533 erat,
765 5467 849 5541 igitur
875 5468 934 5525 baec
983 5467 1101 5524 videtur.

117 5537 203 5594 verba
218 5537 252 5592 ad
269 5535 428 5591 tiathildem
445 5537 538 5607 potins
553 5536 698 5593 referenda
713 5544 760 5594 ant
774 5538 860 5594 errori
876 5555 928 5595 au·
1019 5538 1073 5610 (35)
1093 5537 1176 5595 Polde
1197 5554 1283 5610 prope
1299 5537 1446 5613 llerzberg,
1464 5539 1499 5594 ad
1520 5537 1631 5598 radicas
1642 5540 1716 5596 silva
1732 5538 1783 5594 lter

120 5609 204 5665 etoris
217 5607 366 5664 tribuenda
375 5613 449 5663 sunt.
982 5610 1079 5682 cynice.

156 5678 209 5750 tat)
229 5679 330 5737 luctor
351 5677 455 5736 lidithoe
471 5679 577 5737 obitum
598 5694 672 5736 anno
696 5678 749 5737 stt
770 5680 933 5753 ascripsisse
