3840 6106
163 249 199 306 or
683 241 1300 301 mooeuuuusomomeuseexcusts.
1508 226 1518 238 '
1795 246 1834 302 os

163 392 263 449 perum
276 391 333 432 una
344 390 407 431 curn
419 371 551 430 iratribus
565 371 635 428 meis
647 378 675 428 et
689 372 865 444 coepiscopis
877 372 972 429 omni·
986 384 1012 453 Λ
1019 372 1129 442 justitia
1142 370 1309 440 confirmati,
1329 379 1357 427 et
1380 370 1551 427 corroborati
1566 385 1683 447 regnum
1704 371 1834 429 obtinere

164 468 219 525 bus
245 467 408 532 Germania,
431 465 535 532 Galliae,
560 471 642 536 atque
669 463 815 532 Neusttiae,
843 465 872 520 in
890 464 974 540 regiae
1024 470 1106 534 atque
1119 477 1223 536 angere
1250 459 1376 531 quotidie
1403 460 1534 514 ualeant:
1553 468 1581 514 et
1597 460 1626 515 in
1640 461 1725 516 domo
1738 461 1833 529 bavid,

166 561 317 630 majestatis
346 559 458 614 culmen
484 565 620 628 perpetuo
639 564 819 631 regnaturum
848 564 976 612 statuens
1024 554 1078 609 hoc
1100 561 1143 609 est
1167 553 1196 607 in
1219 551 1325 607 coelesti
1355 551 1535 616 Hierusalem,
1564 566 1628 607 oum
1661 551 1778 608 Domino
1807 553 1834 607 iu

165 653 248 727 elegi,
277 649 424 722 baptizari,
445 666 461 705 a
483 648 561 705 lente
584 664 662 704 sacro
687 649 811 719 suscepi,
845 648 976 719 donoque
1024 652 1162 701 aeternum
1191 642 1342 719 regnaturi,
1372 642 1516 697 sublimari
1547 653 1715 699 mereantur.
1737 645 1835 700 Amen.

122 778 148 815 s
165 742 334 816 septiformis
363 741 484 812 Spiritus
509 739 685 814 consignavi,
723 748 751 795 et
774 754 824 810 per
848 739 976 808 eiusdem
1025 736 1169 792 Peractum
1189 735 1294 803 Remis,
1310 736 1356 790 dic
1378 743 1406 791 et
1425 734 1539 792 consule
1559 735 1730 808 supradicto,
1745 737 1835 791 inter-

164 832 235 889 sacri
244 830 402 888 chrismatis
415 829 577 886 unctionem
591 827 719 884 ordinato
744 828 773 882 in
789 842 896 901 regem,
910 843 977 899 par·
1025 823 1190 880 cedentibus
1204 830 1232 880 et
1242 823 1342 880 mediis
1351 822 1551 897 signatoribus.

165 936 241 977 ecus.
253 928 355 985 statuo,
369 927 399 975 ut
408 918 431 973 si
446 916 596 989 aliquando
609 932 697 989 genus
717 915 786 971 illud
806 915 915 990 regium
925 931 976 987 per
1062 935 1076 962 ι
1090 912 1148 988 Ego
1172 911 1314 986 Remigius
1338 912 1488 984 episcopus
1519 920 1715 968 testamentum
1746 928 1836 969 meum

166 1009 393 1067 benedictionem
420 1023 514 1062 meam
535 1006 617 1063 toties
632 1004 749 1061 Domino
773 1010 975 1071 consecratum,
1026 1003 1124 1078 relegi,
1145 1003 1263 1078 signari,
1277 1004 1438 1074 subscripsi,
1468 1013 1496 1059 et
1514 1005 1672 1061 innomine
1692 1006 1790 1064 Patris.
1811 1011 1839 1059 et

165 1097 393 1170 malaprobonis
417 1096 548 1162 reddens,
561 1093 739 1151 eeclesiarum
771 1092 819 1148 liei
835 1107 976 1163 pervasor,
1026 1093 1100 1161 Filii,
1112 1102 1140 1149 et
1161 1092 1282 1164 Spiritus
1302 1093 1401 1158 sancti,
1427 1092 1483 1149 Deo
1502 1094 1664 1163 adiurante,
1687 1093 1826 1164 complexi

166 1188 334 1252 destructor,
345 1186 542 1258 depopulator,
565 1182 666 1258 gravis,
687 1190 735 1237 aut
748 1180 904 1237 contrarius
916 1180 976 1235 cxi·
1025 1186 1045 1253 †
1070 1182 1205 1238 Vcdastus
1228 1182 1378 1253 episcopus
1401 1182 1446 1237 cui
1473 1189 1554 1253 pater
1586 1199 1667 1239 meus
1696 1182 1840 1257 Remigius

167 1276 382 1343 sterevoluerit,
404 1273 561 1331 convocatis
576 1273 723 1328 Remorum
745 1270 899 1326 dioeceeeee
913 1270 976 1341 epi·
1026 1275 1180 1341 maledixit,
1208 1273 1349 1341 maledixi,
1379 1282 1408 1329 et
1437 1274 1481 1331 cui
1508 1274 1661 1341 benedixit,
1681 1274 1838 1329 benedixi:

167 1369 271 1439 scopis,
286 1368 407 1439 primum
434 1373 596 1423 moneatur:
610 1373 638 1421 et
665 1363 768 1420 deinde
782 1361 907 1418 Ecclesia
922 1362 977 1417 Re·
1026 1366 1140 1423 interlui
1164 1381 1288 1439 quoque,
1317 1374 1400 1438 atque
1422 1365 1586 1437 subscripsi.
1612 1369 1632 1436 †
1655 1365 1841 1422 Geuebaudus

168 1453 977 1531 mensi[i,Remeusis]pusiam,adJunctasibisorore,Ee·
1026 1457 1176 1529 episcopus
1202 1457 1247 1513 cui
1272 1465 1352 1527 pater
1378 1472 1457 1511 meus
1484 1455 1626 1528 Remigius
1638 1454 1793 1520 maledixit,
1813 1463 1842 1510 et

167 1552 252 1609 etesia
266 1550 655 1617 scilicetTresircnsi,iterum
664 1548 849 1605 conveniatur
866 1547 978 1618 [i,con-
1027 1546 1183 1613 maledixi,
1214 1554 1242 1601 et
1266 1546 1311 1601 cui
1338 1544 1499 1609 benidixit,
1533 1544 1666 1599 benedixi
1692 1561 1699 1599 :
1725 1542 1840 1599 interlui

168 1639 282 1711 ueniatl.
315 1639 407 1695 Tertio
430 1653 508 1706 vero,
537 1637 756 1710 archiepiscopis
785 1635 978 1692 tantummodo
1029 1653 1153 1710 quoque,
1179 1644 1263 1709 atque
1291 1637 1456 1707 subscripsi.
1481 1659 1500 1705 r
1524 1635 1670 1691 bladardus
1692 1635 1843 1707 episcopus

168 1729 316 1784 Galliarum
332 1728 421 1785 trihus
451 1735 499 1783 aut
525 1733 645 1799 quatuor
657 1724 826 1791 conuocatis,
846 1711 1073 1794 princepssscni
1099 1736 1178 1800 pater
1208 1744 1288 1784 meus
1316 1727 1457 1802 Remigius
1498 1727 1664 1793 maledixit,
1687 1726 1841 1792 maledixi,

170 1822 228 1889 iliu,
243 1821 405 1893 quicunque
430 1820 525 1886 fuuuib
552 1824 699 1874 muuuuiuu
714 1835 721 1872 :
737 1817 777 1872 iiu
796 1822 827 1872 ui
841 1830 930 1886 uuquu
945 1814 980 1869 ud
1031 1829 1060 1878 et
1081 1820 1126 1877 eui
1158 1820 1330 1886 benedixit,
1359 1818 1492 1875 benedixi
1521 1836 1528 1874 ε
1560 1817 1673 1875 interlui
1703 1833 1841 1890 quoquc,

169 1913 315 1985 septimam
330 1911 522 1974 monitionem,
538 1909 561 1964 si
577 1907 830 1981 priussatisiaeere
845 1907 980 1972 renuerit,
1029 1919 1114 1985 atquc
1140 1913 1304 1983 subscripsi.
1340 1914 1361 1981 †
1387 1911 1480 1983 Lupus
1512 1911 1662 1983 epiecopus
1688 1910 1733 1967 cui
1763 1917 1844 1981 pater

170 2008 291 2074 pateruae
303 2001 412 2072 pietatis
435 1998 648 2075 longanimitate
663 1995 814 2053 differuiur·
839 1997 979 2052 Taudem-
1030 2019 1109 2060 meus
1122 2002 1266 2079 Remigius
1292 2003 1448 2070 maledixit,
1471 2002 1612 2068 maledixi,
1642 2008 1671 2057 ct
1684 2002 1730 2056 cui
1752 2001 1843 2056 bene·

170 2093 271 2166 que,si
295 2092 457 2165 postpositis
470 2090 601 2146 omnibus
626 2089 747 2161 prelatis
771 2088 980 2146 benedictioni·
1030 2092 1110 2160 dixit,
1129 2091 1274 2158 benedixi,
1305 2090 1417 2147 interlui
1431 2106 1552 2163 quoque,
1586 2097 1669 2161 atque
1692 2089 1842 2159 subcripsi.

169 2181 224 2238 bus
253 2182 296 2254 [s.,
324 2179 548 2250 monitionibus],
578 2178 777 2253 incorrigibilis
798 2177 980 2234 contumaciae
1029 2181 1228 2250 †Renedictus
1252 2180 1401 2251 episcopus
1425 2180 1469 2235 cui
1497 2188 1577 2250 pater
1598 2194 1677 2234 meus
1699 2178 1844 2252 Remigius

169 2273 299 2345 spiritum
312 2287 368 2329 uon
382 2272 555 2344 deposuerit,
571 2278 600 2326 ct
612 2285 702 2342 seper
715 2270 820 2336 omnia,
832 2268 979 2326 lteosubdi
1030 2269 1184 2337 maledixit,
1198 2268 1339 2336 maledixi,
1355 2276 1384 2325 et
1409 2267 1454 2324 cui
1469 2267 1622 2334 benedixit,
1637 2266 1769 2323 benedixi
1789 2268 1844 2322 :iu·

171 2361 280 2429 nolens,
294 2358 539 2416 benedictionibus
548 2357 678 2414 Ecclesiae
699 2358 866 2430 participare
878 2358 979 2414 nolue-
1031 2358 1112 2415 terim
1119 2375 1242 2433 quoque,
1253 2367 1338 2431 atque
1348 2357 1511 2430 subscripsi.
1527 2356 1686 2432 †Eulogius
1696 2357 1845 2428 episeopus

172 2450 218 2511 rit.
239 2449 362 2525 elogium
390 2446 591 2523 segregationis
619 2463 636 2501 a
661 2454 777 2518 corpore
808 2445 919 2515 Christi,
947 2446 982 2501 ab
1031 2449 1079 2507 Cui
1108 2461 1188 2524 pater
1203 2468 1283 2508 meus
1310 2451 1451 2526 Remigius
1478 2449 1633 2516 maledixit,
1662 2448 1803 2512 maledixi,
1816 2456 1845 2503 et

171 2542 303 2600 omnibus
313 2542 339 2596 ei
353 2540 522 2616 porrigatur,
539 2539 615 2612 quod
638 2555 690 2609 per
714 2540 878 2610 prophetam
889 2547 918 2594 et
932 2554 981 2594 rc·
1031 2539 1238 2607 ouibenedixit,
1252 2539 1404 2596 benedixi:
1419 2539 1530 2596 interlui
1545 2545 1761 2611 quoque,atque
1776 2536 1845 2591 sub-

173 2647 236 2709 gem
245 2629 331 2687 David
345 2629 427 2702 longe
439 2636 515 2692 ante,
541 2627 640 2711 eodem
660 2643 707 2699 qut
731 2628 760 2681 in
774 2627 981 2699 episcopisest,
1031 2628 1140 2698 scripsi.
1156 2630 1176 2696 †
1194 2628 1321 2702 Agricola
1345 2626 1489 2700 presbyter
1514 2627 1559 2684 cui
1580 2633 1660 2699 pater
1681 2641 1760 2681 meus
1786 2625 1844 2681 Re·

173 2722 294 2778 dictante
306 2719 411 2791 Spiritu
425 2723 532 2783 sancto,
559 2715 683 2771 noscitur
699 2715 876 2772 decantatum
891 2733 898 2770 :
913 2716 983 2780 Quia
1031 2716 1133 2792 migius
1148 2708 1302 2785 maledixit,
1317 2716 1457 2785 maledixi,
1487 2723 1515 2773 et
1525 2716 1570 2773 cui
1589 2715 1743 2781 benedixit,
1752 2715 1844 2769 bene-

172 2816 335 2882 persecutus
347 2815 399 2873 est,
423 2803 524 2876 inquit,
541 2804 683 2860 bominem
709 2805 833 2876 inopem,
856 2811 884 2861 et
899 2821 982 2861 men·
1032 2809 1089 2865 dixi
1106 2826 1114 2863 :
1129 2807 1241 2864 interlui
1253 2823 1376 2880 quoque,
1399 2815 1489 2881 utque
1504 2806 1669 2879 subscripsi.
1685 2806 1845 2876 †Thoodo-

172 2898 276 2962 dicum,
291 2903 319 2952 ei
333 2903 530 2966 compunctum
543 2893 638 2960 corde,
650 2902 679 2950 el
698 2908 754 2949 nou
765 2903 807 2949 esi
822 2894 983 2949 recordatus
1032 2901 1098 2957 nius
1113 2901 1257 2972 presbyter
1271 2901 1315 2957 cui
1344 2909 1423 2973 pater
1437 2916 1516 2957 meus
1535 2899 1678 2973 Remigius
1690 2898 1845 2964 maledixit,

173 2986 265 3044 lacere
279 2982 512 3051 misericordiam,
541 2989 569 3038 et
586 2981 684 3038 dilexit
702 2981 940 3053 maledictionem,
955 2989 983 3037 et
995 3030 1020 3100 C
1034 2990 1163 3047 maledixi
1181 3008 1188 3045 :
1205 2998 1233 3047 er
1249 2991 1294 3046 cur
1310 2989 1465 3056 benedixit,
1480 2989 1623 3055 benedixi,
1641 2988 1754 3044 incessui
1771 3003 1844 3062 quo.

174 3074 984 3151 Vellieiei30inoluiibellediciionem,eielollgllbiillrui)
1035 3098 1100 3153 que,
1126 3091 1208 3155 atque
1239 3082 1402 3154 subscripsi,
1430 3085 1450 3151 †
1480 3080 1607 3138 Celsinus
1636 3081 1782 3153 presbyter
1801 3081 1846 3136 cui

177 3187 211 3228 eo
226 3171 310 3239 (Psoi.
324 3185 400 3236 curti,
424 3166 468 3234 l'l,
496 3167 550 3236 ts).
578 3167 732 3239 Totumque
746 3165 771 3222 ei
787 3167 861 3240 quod
877 3167 905 3222 in
919 3183 984 3237 per·
1035 3178 1201 3244 patcrmeus
1214 3171 1358 3245 Remigius
1369 3170 1522 3238 maledixit,
1536 3170 1676 3236 maledixi,
1692 3171 1775 3226 etcui
1795 3170 1847 3225 be-

176 3259 337 3318 sonaJudte
352 3256 493 3313 traditoris
505 3255 613 3311 bomini
639 3255 726 3311 nostri
748 3255 814 3310 lesu
834 3253 944 3320 Christi,
958 3263 986 3311 et
1035 3260 1150 3325 nedixit,
1167 3260 1300 3316 benedixi
1319 3278 1325 3315 :
1342 3260 1455 3315 interlui
1479 3275 1603 3333 quoque,
1627 3267 1709 3331 atque
1723 3259 1847 3317 subscri-

176 3353 361 3428 malignomm
376 3348 581 3421 episcoporum,
601 3347 718 3403 ecclesia
741 3347 888 3402 decantare
903 3345 983 3413 solet,
1034 3350 1089 3422 psi.
1104 3352 1124 3419 †
1137 3349 1168 3405 V.
1181 3348 1209 3404 C.
1221 3349 1359 3420 Pappolus
1381 3347 1508 3417 interlui,
1526 3357 1554 3404 et
1571 3347 1734 3418 subscripsi.
1757 3349 1788 3404 V.
1817 3348 1845 3405 C.

176 3461 227 3518 per
240 3443 363 3517 singulas
374 3441 408 3505 ‚ei
423 3441 587 3496 decantetur
600 3438 742 3495 ecclesias.
773 3438 839 3510 quia
853 3437 987 3494 Dominus
1035 3440 1169 3498 Eulodius
1192 3440 1315 3507 interlui,
1340 3447 1368 3496 et
1381 3440 1546 3513 subscripsi.
1561 3441 1592 3496 V.
1606 3439 1635 3496 C.
1652 3441 1790 3498 Eusebius
1805 3443 1848 3498 in·

176 3530 412 3598 dixiltiiuuudiu
442 3529 547 3585 fuuiuliu
570 3528 618 3583 uui
634 3544 667 3583 0¹
681 3527 806 3583 minimis
820 3527 902 3594 meis,
916 3526 985 3583 mihi
1036 3533 1130 3599 terlui,
1146 3541 1174 3589 et
1193 3533 1359 3605 subscripsi.
1384 3533 1415 3588 V.
1441 3533 1469 3589 (2.
1501 3533 1656 3591 Rusticolus
1679 3534 1806 3604 interlui,
1821 3542 1848 3590 et

177 3626 284 3684 fecistis
300 3624 410 3693 (umet.
433 3638 497 3689 xxv,
518 3621 564 3689 40)
581 3637 588 3675 :
605 3627 633 3675 et
648 3619 772 3693 quandiu
788 3618 832 3674 his
846 3634 902 3675 nou
917 3618 986 3675 leci·
1035 3622 1153 3698 signavi.
1173 3623 1204 3678 V.
1222 3622 1249 3678 C.
1269 3624 1417 3696 Eutropius
1443 3623 1569 3691 interlui,
1594 3632 1623 3681 et
1638 3625 1756 3700 signavi.
1770 3626 1802 3682 V.
1819 3623 1847 3679 C.

176 3717 238 3784 stis,
258 3731 310 3770 nec
323 3711 507 3769 mihilecistis
521 3711 613 3782 (thid,
635 3709 690 3781 lb).
706 3710 739 3764 Et
754 3709 818 3766 ideo
831 3709 906 3782 quod
918 3724 987 3781 pro·
1039 3712 1155 3769 llawcus
1165 3712 1289 3779 interlui,
1305 3721 1334 3768 ct
1345 3713 1464 3788 signavi.
1558 3773 1561 3780 ,

176 3805 258 3863 batur
271 3805 300 3860 in
315 3804 417 3876 capite,
433 3803 463 3858 in
479 3801 614 3858 membris
627 3799 841 3873 intelligendum
856 3814 987 3856 essenon
1079 3822 1090 3854 ι
1106 3803 1170 3859 Post
1191 3803 1333 3860 conditum
1347 3811 1553 3871 testamentum,
1568 3804 1623 3860 imo
1634 3804 1784 3878 signatum,
1796 3819 1848 3859 oc-

177 3899 328 3957 duhitetur.
357 3897 445 3953 Unum
471 3896 661 3954 tantummodo
678 3894 717 3949 ibi
739 3893 855 3950 uerbum
879 3907 929 3963 per
943 3891 988 3947 in·
1038 3891 1124 3948 currit
1135 3891 1266 3948 sensibus
1279 3892 1361 3959 meis,
1372 3899 1402 3948 ut
1415 3892 1539 3949 basilice
1552 3893 1728 3961 {domnorum
1740 3902 1846 3964 marty·

175 3991 384 4066 terpositiouem
412 3994 619 4047 commutetur.-
635 3989 713 4044 Fiant
739 3987 801 4042 dies
816 3984 876 4053 eins
894 3985 986 4055 pauci,
1038 3999 1098 4040 rum
1117 3985 1253 4042 Timothei
1273 3992 1301 4041 et
1319 3985 1486 4057 Apollinaris
1500 3986 1658 4042 missorium
1684 3994 1848 4060 argenteum

175 4089 205 4137 et
227 4080 413 4152 principatum
428 4079 489 4147 eius
504 4078 623 4149 accipiat
650 4077 721 4134 alter
745 4075 829 4143 (Psoi.
858 4088 932 4139 evrxx,
947 4075 986 4141 8).
1037 4077 1228 4133 sexlihramm
1255 4077 1294 4132 ibi
1318 4078 1460 4150 deputem,
1492 4085 1522 4134 ut
1549 4095 1582 4134 ex
1597 4093 1632 4134 co
1660 4078 1849 4137 sedcsiutura

176 4171 254 4237 Quod
266 4169 364 4241 utique
378 4169 401 4223 si
424 4183 600 4224 successores
623 4170 677 4224 mei
705 4169 856 4224 Remorum
881 4167 989 4225 scilicet
1039 4180 1164 4221 meomm
1182 4165 1286 4221 ossium
1299 4173 1492 4237 componatur.
1509 4190 1522 4214 ι

176 4259 390 4332 archiepiscopi,
405 4260 527 4331 operari,
542 4259 614 4316 sicut
643 4276 659 4314 a
685 4276 728 4315 me
757 4261 915 4317 ordinatum
936 4268 988 4329 est,
1350 4255 1533 4314 utuutxtx.

176 4349 358 4427 neglexerint,
373 4349 439 4405 inse
459 4348 597 4422 quidquid
621 4348 650 4403 in
666 4348 841 4420 principibus
859 4365 988 4407 resecan-
1039 4349 1077 4403 De
1090 4347 1206 4404 resecto
1223 4350 1308 4418 pestis
1335 4350 1510 4418 icruieom'oe,
1534 4355 1560 4406 et
1573 4353 1675 4407 ceteris
1695 4366 1747 4422 per
1757 4354 1851 4423 ipsum

175 4440 242 4499 dum
255 4439 356 4507 inerat,
372 4437 615 4496 maledictionibus
634 4438 778 4510 depravati
791 4439 943 4511 reperiant,
957 4399 1028 4497 ntD
1386 4445 1501 4501 conctis.

177 4531 245 4591 liant
257 4532 319 4589 dies
333 4531 533 4603 corumpauci,
549 4530 741 4603 episcopatum
760 4546 858 4588 eorum
870 4531 988 4603 accipiat
1073 4529 1137 4586 Post
1148 4528 1232 4600 hujus
1254 4529 1407 4588 beatissimi
1429 4534 1519 4590 Patris
1538 4534 1657 4602 obitum,
1676 4554 1687 4584 ι
1706 4550 1769 4590 cnm
1791 4534 1853 4591 lues

176 4625 257 4682 alter.
270 4623 298 4679 Si
313 4638 379 4679 vcro
407 4623 541 4680 Dominus
554 4639 633 4679 meus
654 4623 733 4679 lesus
753 4622 877 4681 Christus
891 4639 987 4681 vocem
1039 4620 1237 4695 inguinaria.»
1264 4623 1352 4680 veluti
1370 4624 1520 4701 Gregorius
1544 4626 1713 4682 Turonensis
1740 4637 1853 4682 enarrat

177 4715 312 4774 orationis
334 4729 414 4783 mete,
442 4730 525 4787 quam
551 4714 678 4788 qnotidie
705 4730 755 4786 pro
779 4731 881 4792 genere
896 4716 944 4772 illo
960 4716 987 4772 in
1039 4715 1085 4784 (iic
1097 4715 1312 4783 Gloriccoufess.
1337 4733 1362 4774 c.
1386 4718 1443 4788 ts),
1456 4739 1467 4769 r
1482 4718 1616 4790 populum
1627 4719 1725 4791 prime
1738 4718 1853 4775 Germa-

178 4813 328 4878 conspectn
342 4805 443 4862 divinae
458 4806 610 4876 majestatis
633 4806 793 4877 specialiter
818 4806 915 4877 lundo,
939 4824 989 4862 au·
1039 4800 1093 4856 niae
1108 4802 1274 4871 devastaret,
1305 4810 1334 4861 at
1352 4819 1449 4862 omnes
1470 4806 1554 4877 huius
1571 4806 1659 4862 cladis
1682 4814 1853 4864 terrerentur

177 4896 238 4953 dire
253 4895 383 4971 dignatus
418 4894 512 4963 luerit,
537 4901 566 4950 ut
589 4894 660 4951 sicut
679 4911 695 4950 a
716 4910 760 4951 mc
788 4897 895 4968 accepit
909 4896 948 4952 itu
962 4897 989 4952 in
1039 4893 1144 4959 auditu,
1158 4896 1299 4954 concurrit
1312 4897 1456 4955 Remensis
1472 4899 1592 4971 populus
1601 4900 1636 4956 ad
1646 4900 1734 4956 sancti
1755 4900 1852 4972 sepul·

177 4987 360 5060 dispositione
373 4987 461 5063 regni,
477 4993 505 5043 ct
515 4987 691 5044 ordinatione
714 4987 876 5045 sancttebei
890 4988 988 5045 Eccle·
1039 4997 1127 5050 crum,
1144 4998 1297 5058 congruum
1324 4987 1407 5056 buius
1433 5003 1523 5043 causae
1538 4987 1662 5063 llagitare
1684 4988 1852 5044 remedium.

178 5076 227 5134 siae
240 5083 409 5149 perseueret,
434 5076 688 5144 benedictionibus,
705 5093 773 5150 quas
792 5077 911 5150 Spiritus
920 5093 988 5134 san·
1039 5074 1170 5131 decausis
1189 5077 1289 5145 cercis,
1314 5078 1478 5153 lychnisque
1506 5081 1632 5138 accensis
1666 5095 1722 5137 non
1745 5080 1852 5152 paucis,

177 5174 303 5238 etusper
317 5182 428 5222 menum
443 5182 533 5223 meam
546 5168 728 5239 peccatricem
738 5174 914 5239 supercaput
928 5167 990 5236 cius
1039 5163 1159 5235 hymnis,
1182 5165 1355 5238 psalmisque
1379 5168 1541 5226 coelestibus
1571 5184 1620 5240 per
1635 5175 1721 5225 totam
1736 5170 1855 5226 excubat

177 5256 291 5323 infudit,
312 5257 437 5329 plurime
451 5275 536 5330 super
546 5267 629 5332 caput
645 5259 780 5317 illustrius
794 5275 845 5332 per
859 5258 989 5315 eumdem
1040 5255 1159 5309 nocem.
1175 5251 1254 5311 ldane
1269 5262 1361 5311 autem
1377 5256 1449 5314 lacto
1462 5257 1529 5330 quid
1541 5258 1633 5314 adhuc
1643 5258 1767 5329 precatui
1781 5259 1855 5314 desit

177 5345 312 5420 Spiritum
327 5355 452 5404 sanctum
478 5350 722 5421 superaddantur3
739 5356 815 5406 etex
834 5349 895 5420 ipso
910 5363 991 5422 reges
1040 5340 1070 5396 in
1093 5346 1209 5398 tractatu
1231 5343 1356 5401 rimatur.
1387 5346 1539 5418 Reperiunt
1569 5346 1682 5413 etenim,
1711 5347 1854 5403 revelante

178 5447 207 5497 et
221 5439 404 5512 imperatores
430 5441 592 5512 procedant,
621 5442 669 5514 qui
692 5442 720 5496 in
745 5439 887 5513 praesenti,
915 5438 991 5495 etin
1039 5432 1373 5504 lteequalitercrationc
1398 5439 1552 5510 praemissa,
1569 5438 1771 5508 majoriadhuc
1785 5455 1853 5511 pro·

178 5527 284 5599 futuro,
306 5529 384 5599 juxta
407 5529 576 5587 uoluntatem
602 5530 721 5596 bomini,
753 5530 788 5586 ad
811 5534 990 5602 augmentum
1040 5524 1199 5600 pugnaculo
1211 5528 1507 5605 urbispropugnacula
1519 5532 1706 5588 munirentur.
1720 5530 1855 5602 hssump-

178 5627 282 5678 sancte
295 5618 502 5687 suaeEcclesie,
528 5619 630 5679 viuuts
647 5619 773 5690 ejusdem
792 5618 822 5676 in
842 5617 949 5688 judicio
963 5624 991 5676 et
1039 5627 1095 5679 tam
1109 5618 1196 5694 igitur
1221 5618 1324 5693 pallam
1349 5622 1384 5678 de
1403 5620 1478 5680 beati
1491 5622 1622 5696 sepulcro
1636 5627 1810 5694 componunt
1824 5621 1854 5677 in
