3840 6106
117 295 171 353 roa
412 316 421 329 ·
475 296 660 354 ruonornor
681 283 832 356 maenio
853 299 1019 358 nruausis
1038 297 1206 357 oruscuur
1226 294 1381 354 umnam.

118 421 212 478 Grates
223 422 379 493 rependens
399 421 515 477 redditis
527 438 578 494 pro
591 423 696 492 liberis,

119 512 224 580 Quibus
236 512 333 568 astruit
347 528 377 569 se
392 513 542 581 redditum,
559 514 635 586 ipsos
647 522 675 572 et
686 516 750 584 sibi,

118 601 311 674 adgaudethis
325 601 471 672 praelectus
483 609 510 658 et
521 603 609 659 lerant
621 604 701 674 jubet

119 692 165 748 Dis
178 693 268 762 thura,
283 693 332 750 sed
348 693 446 751 Christi
461 695 538 751 audit
552 703 581 754 ut
591 697 740 769 praeconia,

119 782 223 839 Clamat
236 783 379 840 subactum
393 784 542 842 liberorum
562 787 678 842 insania

118 874 216 931 Errore
226 884 337 947 captum
353 876 427 932 haud
446 878 552 935 eruisse
567 879 717 936 erroribus.

119 964 151 1019 lt
165 962 216 1019 iste
232 964 299 1035 quid
319 964 353 1019 sit
363 980 441 1022 error
454 967 580 1038 apprime
596 968 748 1041 explicans,

119 1052 203 1118 Quam
214 1053 315 1128 dogma
330 1063 454 1112 nostrum
470 1072 564 1114 errore
576 1059 612 1114 sit
631 1060 801 1117 liberrimum

119 1144 235 1201 Ratione
250 1146 318 1202 lucis
334 1153 392 1203 orat
407 1148 594 1207 invictissima.

118 1238 166 1292 Ast
179 1237 226 1308 qui
243 1238 395 1309 triumphos
410 1241 543 1296 destinavi
559 1244 663 1314 percito

120 1331 235 1407 Signare
246 1348 327 1389 curru
338 1333 443 1392 lervido
452 1352 501 1392 axc
514 1337 634 1405 volvere,

120 1423 218 1480 Omitto
233 1432 262 1481 ct
275 1425 326 1482 ista
340 1429 523 1497 transvolans,
543 1437 569 1486 et
585 1430 712 1502 plurima.

120 1511 352 1571 Praelectusillum
368 1517 491 1573 sessione
501 1519 627 1589 proxima

120 1604 331 1662 Utaudiendum
347 1608 481 1664 dimoveri
497 1612 639 1682 postulans

119 1700 262 1773 Nectuque
272 1703 386 1758 mittens
400 1704 517 1760 advocat
530 1706 676 1773 secretius,

120 1791 242 1863 durique
257 1808 358 1867 magna
369 1794 539 1865 praeferendo
553 1797 678 1867 pondera

123 1880 196 1937 Petit
210 1882 316 1939 revelet
331 1884 394 1956 quis
408 1885 483 1960 viget
496 1885 680 1943 medicamina

122 1970 183 2041 lpse
196 1977 226 2026 ut
235 1972 330 2028 salutis
343 1973 386 2028 his
395 1982 515 2031 resumat
524 1975 633 2032 robora.

121 2081 134 2112 a
152 2059 236 2124 Scito,
253 2061 341 2133 inquit
356 2061 418 2130 istc,
434 2063 482 2119 bei
498 2062 617 2120 furorem
633 2066 741 2138 perpeti

125 2150 222 2208 Christi
235 2160 364 2224 putantes
379 2155 559 2212 nundinalem
575 2160 701 2233 gratiam,

121 2242 187 2297 Fide
202 2243 293 2315 parari
306 2260 367 2316 quae
380 2247 462 2315 valet,
479 2262 533 2304 non
546 2249 647 2321 obryzo
665 2267 673 2318 ;

122 2328 223 2388 Credas
235 2334 318 2390 modo
329 2334 406 2391 illurn
419 2336 545 2392 sanitatis
560 2338 715 2410 praesulem,

121 2427 187 2482 Vitae
196 2428 332 2497 datorem,
345 2431 484 2502 sospitatis
495 2430 644 2504 praelicem,

123 2517 247 2575 Gaudere
261 2519 354 2592 quibis
368 2521 474 2595 integra
488 2539 549 2578 cum
566 2523 667 2598 gaudio
747 2560 751 2569 ·

124 2606 215 2664 Salute
231 2610 333 2666 mentis
347 2612 487 2684 gratulans
502 2620 529 2670 et
543 2615 676 2686 corporis.
693 2635 706 2667 s

124 2696 213 2753 ludex
224 2699 258 2754 ad
274 2699 325 2755 ista
340 2702 441 2772 pandat
454 2703 528 2758 hunc
542 2702 646 2779 llagitat

125 2785 182 2851 Quo
199 2786 368 2845 Christianus
377 2790 403 2845 vi
412 2791 508 2846 salutis
520 2792 648 2867 gaudeat.

126 2894 141 2925 ι
155 2874 272 2945 Possim,
288 2878 388 2950 inquit,
400 2879 459 2951 ipsc
477 2879 647 2936 Christianus
662 2880 764 2956 degere

125 2970 159 3025 llt
168 2971 294 3027 sanitatis
308 2974 441 3029 nuntiarit
452 2975 563 3049 gaudia.
581 2996 593 3027 a

123 3058 303 3132 Polycarpum
318 3068 346 3117 at
360 3061 406 3118 ille
418 3063 492 3120 dicta
506 3072 533 3119 et
548 3069 608 3119 acta
622 3063 754 3138 digerens

123 3153 193 3208 huto
203 3167 251 3209 ora
264 3169 359 3209 secum
375 3154 491 3226 proripit
507 3155 665 3224 Chromatii,

124 3246 246 3303 hledium
262 3248 397 3306 bonorum
413 3251 456 3307 cui
472 3251 568 3308 salutis
578 3268 692 3308 munero

126 3339 277 3396 Praeleetus
290 3339 378 3408 offert,
393 3359 502 3399 omnum
516 3351 546 3400 ut
561 3345 612 3400 istc
625 3344 742 3417 respuit,

127 3431 263 3488 Christum
279 3433 426 3491 colendum
441 3436 582 3509 sospitatis
596 3436 693 3493 fenore

127 3524 207 3581 llodo
222 3525 274 3581 hac
289 3526 406 3583 salutem
423 3544 515 3584 merce
531 3528 649 3585 dandam
658 3529 822 3601 praedicans.

125 3619 211 3675 Struit
224 3617 361 3678 laventem
377 3638 409 3679 ac
423 3622 541 3695 imperat
555 3623 702 3695 jejunium,

125 3714 284 3790 Necseguis
299 3714 397 3787 implet
407 3714 481 3787 quod
497 3714 620 3771 tiendum
635 3723 798 3788 praemonet,

125 3803 287 3861 Sebastiano
302 3803 386 3861 lullus
397 3804 499 3877 inclyto
514 3805 585 3862 duce
600 3823 606 3860 :

126 3897 181 3954 lloc
190 3897 253 3969 iure
267 3907 412 3971 postquam
427 3900 591 3957 dedicarunt
603 3901 736 3969 triduum,

126 3989 346 4046 commilitonem
361 3991 472 4048 visitare
492 4001 558 4048 eunt
572 4009 675 4050 novum
692 4011 700 4059 3

127 4078 204 4134 llunc
218 4080 398 4135 sustinentem
408 4081 473 4136 dum
487 4081 607 4137 salutant
619 4088 729 4137 actuum

127 4166 220 4222 Fidem
236 4167 328 4239 vigere
340 4167 396 4238 jam
414 4168 544 4224 medullis
558 4170 707 4225 hauriunt:

127 4255 228 4321 Poscit,
243 4264 385 4327 parentem
400 4273 451 4313 ceu
467 4257 576 4329 piorum
588 4265 744 4327 erexerant,

126 4347 285 4404 Nodesitate
299 4364 330 4403 se
346 4346 485 4403 resolvant
494 4356 602 4404 artuum
622 4368 632 4417 3

127 4440 288 4497 lllidolores
306 4440 491 4512 sempiternos
505 4441 654 4512 praeierunt

128 4533 296 4590 Crudelitate
311 4533 493 4591 terminandis
508 4535 637 4608 impares,

128 4629 182 4685 Eos
196 4628 345 4696 timendos,
365 4630 562 4701 praecavendos
576 4630 746 4689 admonent:

130 4716 347 4774 Charissalutem
357 4719 568 4792 competendam
584 4727 739 4793 perpetem.

128 4812 287 4882 Praeleetus,
303 4822 333 4870 ut
343 4829 403 4870 mos
417 4823 460 4871 est
474 4815 627 4882 sacrandis,
643 4817 756 4873 unicum

128 4906 179 4962 Dat
193 4921 307 4974 nomeu,
323 4904 523 4983 angenshlium
538 4907 702 4965 Tiburtium.

128 4998 307 5055 Sebastianus
320 5007 414 5055 sancta
429 5007 523 5056 sancte
536 4999 645 5055 tradere

129 5090 231 5146 boetus
245 5089 342 5145 salotis
361 5088 515 5159 corporalis
534 5095 689 5161 praemonet

129 5181 229 5237 Subire
239 5196 317 5237 sacra
329 5196 365 5236 ne
380 5187 456 5252 petat
464 5180 650 5257 modogratia,

130 5270 196 5326 Vitae
210 5270 342 5343 perennis
352 5269 435 5326 corde
450 5269 516 5341 quin
533 5285 611 5341 spem
626 5268 738 5344 colligat

128 5363 304 5436 Montemque
316 5377 419 5429 veram,
435 5359 458 5415 si
473 5361 590 5416 salutem
599 5359 707 5432 diligat,

127 5458 167 5513 ad
182 5455 318 5512 visionem
329 5454 452 5511 veritatis
461 5453 561 5511 excitet
583 5469 590 5519 ;

128 5550 195 5615 Quis
208 5549 244 5606 sit
261 5554 369 5604 creator
385 5546 509 5604 omnium
523 5543 579 5600 lide
593 5543 704 5623 prpbet,

130 5642 240 5699 Cultore
253 5657 365 5714 semper
378 5641 498 5715 gaudeat
512 5639 559 5713 qui
572 5637 699 5710 simplice
715 5655 722 5694 :

130 5732 232 5809 Vulgus
250 5734 368 5793 deorum
381 5733 425 5791 vel
438 5733 553 5791 dearum
568 5731 697 5804 reprobet

940 430 966 499 A

936 1742 962 1811 Β

944 3123 970 3192 C

980 426 1096 503 Frangat
1109 425 1212 500 figuras
1227 438 1296 496 quas
1311 421 1421 478 colebat
1436 419 1535 476 fictiles
1548 437 1556 484 ;

979 519 1034 574 Nec
1048 534 1132 590 posse
1147 516 1223 573 lente
1238 513 1393 595 sanctitatis
1413 513 1489 568 ablui

978 609 1064 663 Secus
1077 607 1238 662 nisiomnes
1251 603 1387 660 idolorum
1403 601 1523 675 nugulas

978 699 1055 755 Prius
1070 698 1216 764 abdicarit,
1230 704 1323 770 strage
1339 711 1456 768 quorum
1470 692 1576 750 sanitas

977 791 1167 861 Redintegrari
1182 789 1304 846 sauciato
1316 787 1427 844 debeat.

977 880 1060 946 Queis
1073 887 1214 935 aunuente
1229 885 1257 933 et
1267 875 1397 932 vernulas
1409 874 1567 932 Chromatio

975 972 1015 1028 ad
1024 973 1083 1028 hacc
1094 971 1220 1041 jubente,
1233 984 1289 1025 non
1305 968 1401 1024 sinunt
1420 967 1575 1023 doctissimi

977 1069 1065 1124 Duces
1079 1067 1196 1123 inertem
1211 1066 1265 1122 hoc
1279 1063 1375 1137 praelio
1386 1079 1497 1119 manum
1512 1062 1572 1117 dari
1591 1079 1598 1129 ;

977 1157 1053 1213 liello
1068 1157 1197 1229 supernis
1210 1156 1266 1211 imo
1277 1154 1327 1210 tuti
1343 1153 1486 1226 principes

979 1246 1131 1320 Cinguntur
1145 1245 1238 1312 armis,
1254 1259 1325 1300 vana
1340 1243 1431 1298 adorti
1447 1242 1589 1297 schemata

978 1339 1088 1406 liotare,
1101 1339 1195 1394 divum
1207 1352 1270 1392 mox
1286 1336 1407 1391 ducenta
1422 1335 1464 1389 vel
1475 1334 1598 1406 amplius

979 1427 1120 1500 Figmenta
1130 1425 1212 1481 larvis
1223 1424 1358 1480 fabricata
1377 1429 1526 1479 conterunt
1543 1440 1551 1487 ;

977 1515 1059 1580 Queis
1067 1513 1245 1570 comminutis
1258 1512 1359 1585 gratias
1376 1512 1430 1566 lico
1445 1510 1547 1565 lerunt.

977 1603 1062 1659 Dilata
1075 1602 1174 1658 suadet
1189 1616 1255 1657 cura
1272 1599 1433 1675 diligentius

976 1696 1054 1750 llunc
1070 1692 1212 1759 sciscitari,
1230 1691 1352 1763 pressius
1372 1691 1445 1745 hunc
1461 1689 1577 1746 discuti.

977 1788 1046 1855 Quid
1058 1793 1152 1843 mente
1166 1791 1265 1858 gestet,
1281 1785 1305 1840 si
1320 1801 1375 1857 qua
1389 1785 1433 1839 vel
1447 1783 1605 1839 resederint

978 1878 1065 1934 lllaesa
1078 1875 1199 1932 monstra
1213 1875 1387 1930 turbidorum
1400 1874 1558 1939 numinum,

980 1971 1104 2027 Dubiove
1120 1969 1203 2025 corde
1218 1968 1395 2023 subnotatum
1416 1965 1579 2037 scrupulum

981 2061 1140 2117 Adulterina
1151 2059 1247 2130 pandit
1260 2058 1307 2112 ille
1316 2057 1472 2112 machinam

982 2153 1066 2209 Vitrei
1081 2152 1181 2208 cubilis
1197 2157 1254 2206 arte
1273 2150 1374 2206 cultam
1392 2149 1499 2214 coelica,

979 2248 1161 2304 Portentuoso
1175 2247 1256 2320 signa
1271 2244 1381 2299 dantem
1397 2243 1545 2317 aenigmate
1563 2258 1571 2311 ;

979 2339 999 2394 h
1014 2346 1090 2412 patre
1107 2338 1185 2411 plura
1198 2337 1309 2393 labricae
1323 2336 1405 2405 hujus
1421 2335 1547 2408 pondera

978 2431 1043 2487 huri
1056 2430 1133 2486 litata
1147 2428 1270 2485 nil'domi
1287 2444 1350 2483 esse
1365 2427 1475 2483 charius

978 2519 1131 2576 blonstrant
1145 2519 1278 2576 docentes
1294 2517 1323 2572 id
1335 2516 1434 2573 salutis
1448 2515 1580 2572 aemulum

978 2611 1021 2666 llil
1035 2628 1097 2669 esse
1111 2612 1209 2680 fidum,
1223 2610 1387 2668 antveritati
1397 2625 1552 2667 consonum

979 2705 1122 2780 Figmenta
1135 2707 1221 2763 valris
1231 2722 1304 2762 caeca
1319 2705 1400 2781 nugis
1414 2703 1526 2760 volvere
1542 2721 1549 2758 ε

983 2801 1026 2857 Nil
1041 2802 1179 2874 puritatis,
1195 2801 1233 2857 nil
1246 2799 1397 2870 juvaminis
1413 2798 1508 2865 edere,

983 2890 1159 2963 Probantquc
1173 2891 1246 2946 clara
1262 2889 1324 2945 luce
1338 2887 1394 2944 dlvi
1408 2885 1533 2942 muneris

983 2987 1024 3041 llil
1038 2984 1162 3041 veritatis
1177 2984 1220 3039 his
1235 2984 1322 3039 latere
1335 2980 1488 3038 moechicis.

984 3079 1081 3151 Stupet
1094 3083 1197 3133 retecta
1213 3076 1275 3132 luce
1288 3090 1351 3131 vere
1365 3072 1526 3148 languidus,

980 3168 1121 3238 licumque
1130 3166 1219 3222 solum
1233 3164 1304 3241 legis
1317 3164 1399 3233 hujus
1409 3158 1552 3234 praedicat,

981 3257 1031 3323 Qui
1046 3265 1101 3312 tam
1115 3271 1216 3311 serena
1229 3253 1293 3310 luce
1308 3268 1404 3309 servos
1418 3250 1539 3318 evibrat,

981 3345 1116 3417 lavetque
1131 3344 1241 3399 demum
1252 3341 1409 3415 contragosi
1422 3339 1547 3394 numinis

979 3434 1076 3489 Subire
1089 3433 1199 3498 damna,
1214 3428 1339 3484 salutatis
1355 3442 1444 3482 arcem
1461 3425 1583 3498 duplicis

979 3530 1024 3586 Sic
1035 3526 1220 3601 appetendam
1238 3522 1374 3581 confitens
1390 3539 1420 3577 sc
1436 3521 1563 3578 credere.

986 3619 1102 3692 Exponit
1113 3634 1179 3687 ergo
1194 3617 1216 3673 si
1229 3615 1296 3689 quid
1312 3612 1444 3670 ornandae
1457 3611 1559 3668 domus

986 3711 1063 3784 Signi
1080 3708 1175 3765 residit
1188 3706 1308 3780 gemmei
1322 3721 1371 3760 seu
1387 3703 1467 3759 vitrei
1482 3722 1490 3768 ;

986 3798 1100 3871 Fragilis
1114 3794 1217 3852 metalli
1234 3793 1299 3849 dum
1315 3800 1442 3847 teruntur
1456 3798 1616 3858 stemmata,

984 3881 1130 3946 Chromatii
1146 3903 1175 3943 se
1191 3884 1339 3958 praelerons
1354 3881 1497 3938 obtutibus

982 3979 1095 4036 iuvenis
1109 3990 1222 4033 corusco
1238 3971 1367 4046 splendet
1384 3986 1433 4026 ore
1448 3971 1596 4038 flammeis,

984 4075 1096 4131 Missum
1113 4085 1274 4128 asseverans
1292 4082 1323 4123 se
1344 4064 1474 4138 supernis
1487 4065 1602 4121 sedibus

983 4169 1004 4222 A
1020 4183 1085 4242 rege
1099 4165 1206 4221 Christo
1221 4164 1382 4235 sospitatem
1402 4160 1523 4217 vividam
1694 4143 1698 4152 ’

985 4255 1125 4313 Credentis
1138 4254 1220 4330 aegris
1233 4261 1262 4310 ut
1279 4252 1408 4309 relundat
1420 4249 1548 4315 artubus,

985 4350 1024 4406 dd
1040 4350 1100 4405 haec
1110 4347 1222 4421 vigente
1234 4361 1318 4401 sanus
1333 4342 1408 4401 omni
1424 4354 1541 4413 corpore

985 4440 1136 4498 Praelectus
1149 4437 1239 4493 audax
1255 4444 1317 4508 post
1332 4432 1494 4490 medentem
1507 4444 1630 4495 currere,

989 4536 1106 4593 Coeleste
1124 4547 1226 4605 corpus
1241 4531 1384 4586 inhibetur
1398 4535 1534 4603 tangere;

987 4629 1141 4688 Sebastiani
1157 4626 1206 4684 sed
1218 4633 1318 4682 tenens
1333 4621 1452 4698 vestigia

987 4723 1096 4778 Fatetur
1110 4734 1172 4774 esse
1186 4716 1261 4773 celsa
1278 4713 1377 4770 Christi
1394 4709 1527 4778 culmina,

986 4818 1079 4873 Solum
1094 4815 1168 4869 huno
1183 4809 1329 4867 colendum
1345 4807 1476 4879 praedicat
1485 4802 1635 4866 Tiburtius,

985 4910 1068 4966 Paulo
1084 4913 1148 4963 ante
1163 4910 1273 4960 sanctos
1288 4901 1430 4957 destinans
1445 4896 1617 4960 fornacibus,

987 5003 1166 5061 Sebastianus
1178 4998 1279 5055 Christi
1291 4995 1422 5052 alendum
1437 4991 1561 5066 tegmine

986 5092 1111 5167 Spoliare
1128 5089 1232 5146 mundo
1243 5085 1338 5161 deligit
1350 5081 1551 5163 etiromattum.

988 5180 1147 5255 Suadetque
1161 5192 1320 5236 successore
1334 5176 1414 5230 latus
1428 5179 1509 5230 excat

988 5279 1080 5336 llundi
1092 5275 1274 5347 occupatione
1291 5290 1298 5339 ;
1311 5266 1496 5343 pescitgratia

989 5377 1044 5431 Deo
1059 5369 1174 5428 vacandi
1190 5367 1273 5423 rebus
1288 5362 1419 5420 arbitrum
1435 5356 1553 5415 urbicis.

990 5463 1084 5519 Fidem
1100 5467 1220 5534 rogatus,
1236 5471 1303 5512 voce
1319 5450 1416 5526 pandit
1430 5448 1519 5505 libera

986 5552 1165 5608 abominatus
1180 5546 1263 5603 corde
1273 5544 1366 5601 celsus
1382 5541 1457 5598 idola
1470 5559 1479 5608 ς

986 5643 1104 5699 Scitatus
1119 5655 1153 5694 an
1169 5642 1282 5710 peccata
1294 5639 1392 5689 cuncta
1411 5630 1524 5686 deserat

988 5735 1119 5791 Causatur
1131 5729 1176 5785 hic
1191 5742 1247 5784 non
1263 5723 1400 5798 proditum
1415 5719 1469 5776 sibi
1483 5725 1576 5785 antea,
