3856 6112
265 258 311 316 be
328 256 513 317 Tltlllll’llls
533 259 666 319 CHRISTI
684 262 873 320 heliocme
891 263 1005 320 ussus
1023 264 1113 320 LlBRl
1131 262 1207 322 ubo.
1221 296 1258 308 -
1275 266 1339 324 ΜΒ.
1360 267 1382 324 Ι.

107 389 249 469 gaudem,
264 383 374 459 speruit
387 399 473 443 omne
482 387 626 445 seculum.
675 384 680 395 ’

101 490 245 549 minuunt,
260 488 353 539 servet
361 488 393 538 ut
405 484 543 552 custodia,

99 588 196 657 pascat
206 586 288 636 toras
301 577 467 634 liberalitas.

90 682 140 735 ¹tur
148 690 217 748 ergo
231 668 350 730 carceris
365 669 505 725 teterrimi

90 764 183 823 nebris
195 764 384 832 sordibusque
401 759 530 832 pessimi.

90 854 221 913 nidorem
233 853 354 911 Christus
370 849 444 907 inde
457 849 574 907 fetidum

90 960 121 1001 us
133 944 251 1002 odorem
264 941 372 1000 celitus
394 939 610 1008 suavissimum,

90 1051 148 1111 que
160 1035 265 1092 saumis
278 1031 418 1090 exhibens
427 1031 623 1088 clarissimum.

95 1127 233 1196 ministri,
246 1125 294 1199 qui
307 1124 368 1197 pios
384 1123 572 1190 deduxerant,

90 1238 97 1279 ι
109 1220 190 1277 beati
203 1219 353 1276 claritatem
370 1216 499 1285 luminis,

107 1307 379 1365 refectisuaritatem
397 1304 518 1362 nectaris

90 1402 115 1454 rt
126 1398 267 1454 honorem
282 1395 329 1468 qui
343 1409 413 1451 suos
427 1394 469 1449 sic
482 1395 583 1450 allevat
598 1410 606 1460 ;

90 1501 130 1551 lut
145 1493 240 1549 redire
250 1491 285 1546 ad
300 1496 409 1546 noctem
426 1488 522 1545 abisto
532 1488 649 1555 lumino,

90 1582 142 1640 rtis
148 1588 294 1639 auctorem
306 1579 353 1652 pia
361 1579 418 1635 vite
431 1579 533 1653 agnita.

90 1693 228 1752 yrannus,
240 1682 269 1732 et
283 1673 364 1730 simul
371 1673 464 1729 claudi
476 1672 557 1743 jubet

90 1787 131 1828 rm
147 1768 271 1826 tmcidet
280 1765 387 1822 ultione
400 1765 519 1821 fervida.

90 1866 210 1923 alutem
222 1863 296 1919 ferre
307 1860 515 1919 confessoribus

90 1970 129 2013 rm
150 1954 228 2010 beati
241 1950 404 2009 confitendo
414 1957 557 2023 martyres.

90 2044 139 2101 sin
156 2041 228 2098 urbe
242 2047 349 2112 septem
364 2045 455 2106 crant,
471 2045 499 2095 et
511 2038 562 2095 frlii

90 2133 121 2191 'is
132 2132 225 2199 urbis,
239 2129 413 2186 Christianus
428 2129 475 2201 qui
490 2128 553 2201 pius

90 2242 113 2283 ts
126 2234 214 2296 atque
229 2223 343 2299 regibus
363 2221 521 2278 decesserat
536 2237 544 2288 ς

90 2333 112 2375 rs
123 2322 227 2392 gnatos
239 2315 290 2370 hac
304 2312 428 2387 procella
441 2312 581 2385 principes

90 2420 103 2463 e
116 2412 195 2463 tutos
208 2404 270 2478 lege
285 2409 377 2474 coepta
386 2401 489 2457 vivere.

90 2515 129 2557 ms
141 2515 207 2555 cum
224 2497 286 2570 quis
298 2495 432 2552 manebat
447 2495 600 2568 presbyter.

90 2589 142 2647 ‚ico
155 2588 292 2658 jubentur
303 2585 359 2643 acti
371 2584 497 2651 numine,

97 2682 244 2747 sacerdos,
253 2681 366 2736 vicilare
381 2694 520 2736 carcerem
534 2698 541 2748 ;

94 2790 161 2832 mox
175 2779 305 2845 petentes
318 2787 386 2829 ecce
399 2779 519 2827 cernunt
530 2771 661 2845 previum

90 2881 192 2939 lpernae
202 2863 347 2940 dignitatis
361 2861 503 2938 angelum,

90 2955 215 3028 issipatis
226 2954 320 3024 januis
334 2952 479 3028 ergastuli,

90 3050 239 3101 rmeantes
251 3041 406 3098 introducit
422 3040 542 3113 puberes
559 3058 566 3097 ε

90 3154 117 3195 re
123 3136 226 3193 fratres
240 3144 295 3192 tam
308 3135 393 3190 beato
404 3133 519 3201 lumine,

90 3227 239 3300 egaudeul
252 3230 353 3297 sponte
366 3222 584 3280 confessoribus.

90 3323 153 3373 atur
162 3330 229 3389 crgo
244 3330 322 3370 sacra
331 3322 395 3369 vota
410 3318 573 3383 martyrum,

90 3411 153 3462 ntur
167 3414 251 3476 atque
264 3402 369 3458 milites
381 3400 548 3471 baptismate
561 3421 569 3471 ;

89 3512 117 3555 uo
130 3496 179 3552 dat
190 3496 279 3551 almus
292 3494 422 3551 lulianus
435 3494 538 3566 gratias

90 3606 135 3664 pre
145 3589 310 3647 nuntiantur
324 3589 377 3643 ista
390 3587 511 3658 presidi.

90 3698 112 3739 ua
125 3682 173 3738 illa
186 3682 285 3737 fratres
298 3679 426 3737 exhiberi
439 3680 565 3751 praecipit

90 3791 154 3849 sque
166 3773 400 3831 curatadmonere
413 3771 533 3827 lenibus.

90 3870 138 3921 unt
151 3863 258 3920 athlete
271 3862 414 3934 viperinos
427 3861 535 3929 sibilos,

90 3957 171 4030 isque
185 3970 268 4011 voces
281 3971 350 4011 aure
364 3953 449 4009 surda
463 3954 616 4028 transigunt

95 4052 204 4118 paratos
222 4045 257 4101 ad
269 4045 424 4117 palestram
436 4044 595 4114 predicant.

89 4143 157 4192 retur
170 4135 279 4210 anguis,
288 4143 439 4216 etveneua
453 4132 586 4208 colligens

89 4227 128 4284 ttit
141 4226 219 4300 ipsos
232 4226 342 4282 curioso
357 4224 472 4291 carceri,

90 4339 108 4380 u
122 4324 209 4380 salute
223 4336 279 4394 quo
290 4327 421 4376 tenentur
434 4319 518 4375 anxii.

97 4412 178 4470 cadis
191 4412 275 4481 hujus
283 4410 311 4465 id
327 4408 410 4464 refert
424 4407 585 4464 auctoribus

90 4503 184 4562 isuum
193 4508 305 4559 accusat
318 4500 385 4555 artis
399 4498 508 4564 robore,

90 4608 100 4647 r
116 4593 189 4650 culta
200 4589 313 4663 fregerit
331 4587 406 4660 quod
420 4586 503 4653 idola,

90 4687 292 4757 esprosecutus
306 4679 367 4749 ejus
386 4686 495 4746 cetera,

90 4784 253 4848 deposcens
266 4770 333 4827 inde
347 4770 412 4844 quid
424 4770 588 4826 deliberent.

90 4871 137 4921 sut
149 4868 284 4935 parentur
295 4859 413 4935 singulis
423 4864 453 4913 ut
468 4857 543 4914 dolia

90 4972 113 5027 s,
123 4957 307 5030 liquorecum
318 4953 388 5026 picis
404 4952 550 5022 ferventia,

90 5066 123 5109 ue
136 5048 199 5108 sani
210 5047 280 5104 forte
295 5046 319 5103 si
335 5046 501 5103 recesserint

90 5138 181 5199 raffici
196 5154 251 5213 qua
265 5145 370 5203 censet,
387 5137 438 5194 hos
448 5146 589 5194 exerceat.

90 5233 212 5297 exbiberi
227 5247 330 5306 preses
345 5245 361 5286 a
379 5231 505 5288 custodia

90 5324 206 5385 :hares
219 5322 272 5380 sab
285 5322 391 5380 catenis
405 5321 516 5379 milites.

90 5417 168 5479 ssibi
176 5414 309 5491 proponit
324 5414 367 5470 his
380 5413 517 5471 licentiam
535 5432 543 5470 z
568 5480 571 5487 ¹

90 5506 196 5567 runai
210 5520 272 5579 quae
284 5504 410 5581 ligabunt
425 5504 525 5577 impios

90 5601 250 5672 srerelant,
265 5607 294 5657 et
306 5606 420 5656 manent
432 5598 560 5656 interriti.

90 5694 156 5755 dun
167 5697 307 5759 teruntur,
316 5704 417 5763 corpus
432 5703 496 5745 ecce
507 5695 645 5747 mortuum

817 397 842 463 Α
858 392 984 448 bandum
996 390 1083 446 suetis
1095 390 1233 460 bajulatur
1246 391 1358 469 ignibus
1371 407 1379 460 ;

858 487 935 551 duod
945 486 1134 543 hiartiauusut
1146 487 1231 554 videt,
1250 487 1317 559 poni
1326 487 1416 556 jubet,

858 578 1008 635 EtJuliauo
1020 579 1132 634 mandat
1146 578 1174 635 id
1188 579 1346 645 resuscitet,

857 669 967 725 Fecisse
982 669 1106 727 Christus
1120 679 1150 726 ut
1160 670 1435 745 magistcrproditur.

859 760 990 817 allecum
1002 762 1069 835 quid
1082 762 1317 836 inquitfuliauus‚
1333 760 1443 832 adjuvat

856 853 915 922 Sol,
932 856 1045 928 quando
1058 858 1156 913 lustret
1167 862 1330 913 ceterorum
1345 855 1451 915 lumina
1467 861 1481 916 t

856 944 911 1000 Sed
922 953 1014 1004 restra
1027 948 1155 1021 quamvis
1169 962 1226 1004 nou
1241 953 1365 1004 meretur
1376 952 1501 1019 cecitas,

857 1034 918 1091 lam
935 1043 1047 1111 tempus
1065 1046 1108 1096 est
1123 1037 1222 1096 Christi
1237 1042 1268 1092 ut
1280 1047 1404 1108 patescat
1411 1043 1534 1103 claritas:

858 1123 962 1180 Fidelis
971 1126 1034 1196 eius
1047 1144 1111 1183 nam
1125 1132 1221 1183 manet
1235 1129 1393 1203 promissio,

856 1218 895 1274 Ne
909 1228 1003 1276 nostra
1014 1238 1086 1280 vana
1100 1220 1213 1279 decidat
1225 1220 1358 1290 petilian

857 1308 919 1362 llaec
928 1306 1009 1373 dixit,
1020 1320 1108 1383 utque
1123 1307 1195 1364 ludit
1205 1307 1241 1363 ad
1256 1309 1402 1371 hominm
1413 1333 1534 1389 precem,

855 1396 1024 1454 Refunditur
1037 1416 1103 1458 mox
1118 1398 1176 1453 rita
1190 1400 1321 1458 membris
1332 1405 1450 1465 reddita.

854 1488 987 1560 hstatque
1000 1489 1094 1561 rivus,
1111 1494 1209 1557 raptus
1222 1491 1279 1551 imo
1289 1494 1412 1566 Tartaro,

855 1576 1052 1648 Christumque
1071 1575 1173 1634 laudat
1185 1593 1268 1651 quem
1275 1583 1353 1654 prius
1366 1587 1531 1655 nesciverat,

854 1664 1049 1722 'l'eterrImiset
1060 1661 1164 1734 impiis
1173 1666 1339 1741 gigantibus,

816 1741 843 1811 B
857 1758 1006 1829 Poenisque
1021 1773 1056 1812 se
1071 1757 1180 1814 fatetur
1194 1763 1259 1821 atris
1272 1774 1393 1835 erutum,

857 1851 980 1922 Vitaeque
995 1857 1128 1922 propter
1140 1850 1278 1913 lulianum
1290 1859 1439 1919 redditum.

855 1943 954 1999 'l'actus
967 1938 1073 1997 dolore
1088 1942 1216 2001 carnifex
1227 1950 1370 2025 ergastulo

857 2033 939 2090 lubet
951 2032 1059 2090 retrudi
1072 2032 1154 2091 hunc
1162 2053 1299 2114 agregaus
1312 2043 1504 2101 certantibus:

859 2126 1083 2195 Quemtulianus
1094 2127 1171 2185 ablui
1181 2128 1348 2202 baptismate

859 2217 943 2285 Facit,
951 2215 1062 2289 piorum
1070 2218 1209 2289 copulans
1216 2220 1368 2276 consortio.

894 2310 1020 2367 hiandata
1032 2323 1120 2380 poeua
1133 2318 1308 2382 praeparatur
1322 2311 1453 2369 iuterim:

860 2399 981 2476 Triginta
995 2405 1023 2455 et
1037 2414 1126 2453 uuum
1139 2398 1316 2455 destinantur
1332 2400 1420 2470 dolia,

863 2493 937 2568 lgnis
951 2490 1059 2562 repleta
1068 2498 1222 2562 praenotato
1237 2492 1363 2563 pabulo;

864 2587 1006 2640 Ducuntur
1019 2583 1055 2638 ad
1072 2584 1267 2654 paratasancti
1282 2584 1415 2642 incendia
1430 2605 1437 2653 ;

861 2679 999 2735 Vocantur
1012 2689 1111 2731 omncs
1125 2674 1194 2731 illud
1208 2676 1244 2731 ad
1258 2678 1461 2748 spectaculum.

862 2767 951 2842 liogat
964 2763 1067 2820 remitti
1083 2763 1232 2820 Martianus
1250 2762 1352 2834 tilium,

861 2858 1032 2928 Sanctosque
1047 2854 1125 2910 reddi
1141 2855 1288 2925 pollicetur
1301 2857 1418 2915 liberos.

862 2948 959 3005 Oblata
972 2951 1108 3020 spernunt
1121 2944 1181 3001 heac
1195 2944 1268 3000 beati
1284 2952 1431 3018 martyres,

863 3043 989 3114 Puerqae
1002 3038 1089 3112 patris
1101 3038 1207 3110 respuit
1219 3037 1409 3108 clementiam,

824 3110 849 3180 C
863 3137 1028 3205 Patremque
1040 3130 1130 3202 posclt
1143 3130 1195 3185 ists
1210 3135 1356 3201 postquam
1370 3131 1470 3187 vicerit

860 3229 1017 3293 Tormenta,
1033 3230 1149 3281 matram
1162 3210 1327 3279 commorari
1343 3224 1392 3280 det
1406 3223 1460 3281 sibi

861 3317 961 3375 Tribus
972 3315 1089 3379 diebus3
1101 3314 1171 3368 dans
1180 3318 1260 3385 pater
1274 3312 1347 3369 redit
1360 3313 1486 3377 domurn,

862 3407 902 3462 hd
918 3407 977 3462 hec
989 3403 1097 3481 agenda
1108 3403 1259 3474 procidens
1270 3401 1416 3468 ricarium,

862 3498 941 3556 Gnati
956 3497 1051 3554 videre
1066 3512 1123 3553 uon
1143 3495 1235 3552 ferens
1248 3495 1421 3553 incendium.

862 3591 1006 3646 Ponuntur
1019 3585 1084 3641 almi
1100 3587 1129 3642 iu
1139 3590 1292 3658 praeparata
1302 3584 1387 3654 dolia,

863 3682 894 3737 Et
907 3687 1001 3736 vastus
1009 3679 1081 3754 ignis
1091 3679 1146 3733 alte
1156 3675 1390 3735 circumfunditur
1402 3697 1411 3746 3

862 3774 990 3829 Flammae
1005 3770 1235 3827 ferunturardue
1247 3784 1298 3842 per
1316 3784 1381 3825 aera
1396 3788 1404 3826 ι

862 3862 985 3919 Psallunt
997 3859 1071 3916 beati
1081 3874 1151 3915 voca
1160 3859 1233 3914 clara
1244 3856 1378 3927 carmina,

863 3955 984 4027 fideque
996 3953 1071 4011 celsa
1088 3950 1267 4024 supprimunt
1280 3949 1421 4022 incendia,

864 4053 991 4123 heroque
1006 4048 1042 4104 ab
1056 4048 1122 4122 igne
1135 4047 1270 4105 clariores
1283 4052 1395 4112 exeunt,

862 4146 975 4214 hecque
989 4140 1086 4196 laudes
1104 4140 1189 4196 corde
1202 4139 1266 4196 leto
1280 4138 1440 4204 concinunt,

863 4233 990 4307 hlagnum
1000 4228 1123 4286 ferentes
1130 4228 1239 4285 civibus
1257 4227 1440 4284 miraculum:

864 4321 918 4377 Sed
939 4318 1086 4376 circulator
1100 4317 1153 4373 hoc
1167 4333 1312 4393 magorum
1327 4316 1443 4389 deputat

866 4416 969 4472 Virtute
984 4418 1104 4489 gestum,
1116 4412 1186 4467 dans
1199 4412 1330 4468 tenebras
1343 4413 1372 4468 in
1384 4412 1458 4468 diem

760 4560 764 4567 ,
824 4479 968 4560 Dllexlris
979 4501 1101 4566 sinistra,
1116 4516 1209 4555 amara
1223 4501 1344 4558 miscens
1359 4501 1498 4559 dulcibus.

864 4595 896 4652 Ut
909 4594 1049 4667 expetivit,
1063 4597 1153 4648 matre
1162 4598 1272 4662 sumpta
1286 4588 1362 4647 lilius

864 4685 952 4740 Laetus
966 4680 1054 4737 beatis
1064 4679 1191 4753 jungitur
1201 4679 1387 4743 consortibus,

867 4779 973 4834 Privata
987 4775 1105 4833 claustra
1118 4787 1189 4848 quos
1202 4780 1347 4846 receptant
1360 4775 1480 4832 carceris

868 4873 956 4928 Odore
970 4885 1032 4944 que
1042 4866 1185 4940 replentur
1198 4867 1263 4923 almi
1274 4867 1404 4926 nectaris.

869 4964 987 5038 Captans
999 4964 1114 5021 choreas
1127 4961 1318 5031 concinentes,
1333 4961 1446 5029 femina,

870 5055 982 5128 Expleta
995 5051 1130 5108 suavitate
1144 5058 1199 5107 tam
1209 5050 1377 5126 gratissima,

871 5145 1008 5202 Christum
1018 5141 1114 5199 dolore
1129 5140 1276 5199 confitetur
1287 5139 1387 5198 obruto
1401 5160 1410 5197 ε

870 5239 956 5304 Quam
971 5234 1033 5291 luce
1045 5232 1122 5291 uerbi
1136 5232 1264 5289 lulianus
1273 5232 1376 5301 erudit,

869 5329 1023 5402 firmatque
1036 5326 1139 5383 blanda
1152 5323 1365 5382 charitatslilius
1380 5343 1388 5393 ς

868 5418 1086 5491 Gnatusparcnti
1100 5415 1131 5473 lit
1141 5413 1405 5488 paterbaptismate‚

868 5512 1035 5584 llatremque
1048 5508 1141 5582 proles
1155 5507 1214 5563 cdit
1227 5507 1299 5564 almo
1317 5506 1456 5581 gannim.

868 5601 994 5660 desudent
1007 5601 1117 5659 athlete
1125 5615 1187 5656 cum
1201 5596 1331 5671 supernis
1341 5596 1450 5654 cluibus

870 5693 952 5748 Ovem
966 5689 1072 5763 lupinis
1085 5686 1262 5760 sceapulisse
1276 5685 1411 5743 faucibus.
