3840 6106
121 253 173 308 867
322 291 324 294 ,
503 239 686 296 atouoaaut
707 235 859 293 cohortari
880 233 1044 290 hullahsls
1064 232 1233 290 opuscula
1251 232 1407 293 ddlhlcn.

123 380 275 452 hmplnque
292 373 460 448 plauperibns
472 371 638 443 patrimonia
656 369 710 425 lata
724 368 823 437 beatis,

123 468 228 524 Praedia
241 481 302 538 quae
316 463 369 533 juri
385 460 512 517 Ecclesiae
532 475 658 531 possessa
669 458 806 523 dicantur,

122 559 330 628 strenuitasque
355 555 537 618 interventus,
553 551 614 623 opis
629 551 732 606 arduus
746 556 833 616 aetus,

67 654 70 659 '
125 654 233 708 tlunctaa
243 647 400 705 sollicitudo
418 645 465 701 liei
481 651 558 700 stans
573 644 670 699 sedula
682 641 782 714 plebis,

124 743 246 816 Frugalis
262 741 360 813 pietas,
373 737 480 808 jejunia
493 736 578 791 ferme
593 751 643 807 per
657 751 754 791 omnes

123 832 285 887 Continuata
299 829 371 895 dies,
384 827 514 899 precibus
526 825 668 899 vigilantia
678 824 761 879 castis

124 924 153 977 Et
166 930 291 977 sanctum
309 926 425 975 testatur
442 933 661 989 opus‚manuum
674 915 751 970 labor
770 921 860 986 aptus,

123 1011 219 1066 llictati
235 1009 386 1080 scriptique
402 1007 475 1074 libri,
493 1005 569 1061 verbi
584 1021 679 1076 aequor
693 1003 770 1066 arati,

123 1101 248 1175 Indignis
262 1099 406 1171 captisque
421 1113 518 1152 manus
534 1097 596 1151 data
611 1111 727 1149 munera
744 1095 826 1168 largae

123 1193 152 1247 Et
164 1194 224 1248 sinc
239 1190 294 1247 hnc
308 1206 425 1245 manens
440 1188 653 1244 iraternicultus
664 1186 766 1242 amoris
782 1202 788 1240 :

123 1283 270 1340 Servitium
286 1283 314 1337 in
329 1280 414 1336 sacris
429 1279 523 1336 solerti
537 1279 600 1349 jure
618 1278 739 1333 solutum

942 373 968 440 Α
981 364 1029 418 Vix
1043 364 1129 437 quino
1140 370 1283 440 satagente
1293 365 1357 420 dein
1370 366 1650 438 pastoregerendum.

982 455 1087 512 Pensus
1098 463 1125 512 et
1139 465 1251 512 exactus
1266 457 1360 528 prodit
1373 456 1418 529 pia
1433 464 1546 528 pectora
1561 459 1652 514 luctus

982 545 1018 598 dc
1035 543 1127 599 dentis
1139 545 1249 600 bonitas
1261 545 1352 601 aliena
1371 546 1459 617 piacla
1472 546 1616 617 jacentum

983 635 1116 708 liditaqne
1130 643 1241 707 aspecto
1258 637 1377 709 suspiria
1393 638 1480 694 tn'stia
1496 638 1600 711 probro

984 729 1101 784 Urbibus
1117 732 1220 787 orbatis
1233 732 1360 804 lacrymae
1375 749 1458 805 quam
1478 749 1555 805 saepo
1568 733 1654 788 litatae

982 822 1070 893 Atque
1086 823 1170 878 ileum
1184 840 1297 896 semper
1311 826 1430 882 sitientis
1442 826 1526 881 corde
1542 825 1667 898 prolusae
1683 824 1690 878 l

984 912 1043 968 Non
1057 929 1087 968 se
1104 920 1190 971 morte
1201 916 1276 989 quati
1288 918 1367 987 quus
1383 919 1505 975 bonitate
1515 918 1619 974 latetur

984 1003 1097 1059 Servum
1111 1022 1141 1062 se
1156 1007 1309 1076 ardentem,
1319 1017 1422 1081 quanto
1437 1011 1509 1066 lleus
1523 1010 1632 1066 ambiat
1645 1011 1725 1084 igne,

984 1095 1099 1152 Lumine
1113 1114 1168 1170 quo
1189 1100 1285 1156 lustret
1300 1101 1429 1158 mirorum
1445 1103 1567 1159 culmine
1583 1101 1683 1158 claret.

985 1189 1014 1245 ld
1029 1207 1141 1264 quoque
1155 1203 1313 1251 sanctorum
1328 1197 1510 1255 multooelata
1521 1199 1575 1255 sub
1591 1214 1652 1256 aevo

984 1279 1101 1353 Pignora
1112 1284 1178 1339 huic
1192 1286 1276 1361 digno
1291 1287 1374 1364 digne
1384 1289 1520 1361 patefacta
1533 1290 1692 1365 resignant.

859 1432 964 1489 CAPUT
982 1434 1052 1493 XVl.

569 1564 609 1623 De
622 1566 735 1624 sanctis
748 1565 882 1625 Nazario
896 1572 923 1624 et
939 1564 1019 1627 Celso
1041 1569 1131 1632 Vitoli
1145 1580 1172 1631 cl
1186 1572 1336 1650 Agricola.

120 1707 240 1770 Quorum
255 1703 399 1759 Nazarium
415 1702 579 1774 Cclsnmque
594 1701 682 1756 nitore
698 1702 802 1756 levatos

124 1799 295 1854 Praetulimus
309 1797 373 1852 divo
389 1803 509 1851 mentem
526 1795 674 1850 irradiante
689 1794 763 1850 bcnti
780 1812 787 1860 ;

122 1894 195 1958 Quos
208 1893 268 1948 vice
281 1889 403 1947 thesauri
416 1890 487 1959 jussi
503 1905 612 1946 servare
627 1889 718 1945 coloni

122 1983 273 2039 Commisso
287 1983 402 2037 minime
420 1981 559 2036 audebant
573 1981 717 2037 discedere
733 1981 768 2035 ab
784 1983 875 2048 horto,

123 2080 188 2133 llum
202 2094 283 2153 gazas
290 2092 369 2131 sacer
379 2076 486 2150 ignotas
497 2076 659 2132 custodibus
677 2075 776 2131 aubert

122 2171 208 2242 thue
222 2170 281 2224 loco
297 2168 340 2222 his
353 2173 417 2239 apto
433 2167 530 2223 merito
546 2169 695 2238 splendore
711 2167 809 2224 locatis

121 2258 264 2315 Gratilieos
274 2266 362 2315 coetns
376 2258 585 2314 divinolumine
599 2259 716 2330 repplet,

123 2349 234 2405 Civibus
249 2349 378 2404 Ecclesiae
391 2364 499 2419 supcrae
515 2348 749 2419 applaudentibus
763 2347 850 2417 urbia,

122 2440 239 2514 lngemit
259 2440 344 2496 hostis
359 2446 435 2496 atrox
450 2439 572 2512 torqueri
589 2455 618 2494 se
634 2445 711 2510 patre
727 2445 841 2512 questus

121 2529 275 2596 Ambrosio,
289 2544 383 2584 vocem
398 2529 531 2600 strepitus
540 2529 587 2601 qui
601 2544 704 2599 ponere
717 2529 819 2599 jussus.

122 2623 238 2679 Ponitet
252 2623 342 2678 inllari
363 2623 536 2678 Ambrosium
553 2624 660 2679 nescire
671 2624 790 2695 capessit
805 2641 812 2678 :

124 2712 199 2767 lland
214 2712 290 2767 illum
300 2712 371 2783 ipse,
387 2710 456 2767 tides
468 2711 536 2784 quin
551 2719 679 2784 torqueat
689 2712 742 2769 ulta
757 2730 896 2770 sacrorum

125 2802 201 2875 ignis
212 2809 240 2857 et
249 2801 361 2858 invidiae
378 2801 469 2858 doleat
482 2801 557 2873 quod
570 2802 703 2858 scandere
717 2802 816 2859 coelum

944 1705 969 1773 Β
983 1706 1145 1782 Terrigenas
1157 1709 1232 1764 unde
1243 1710 1302 1782 ipse
1316 1711 1529 1767 ruensvolvatur
1544 1712 1573 1766 in
1589 1712 1656 1766 ima.

983 1795 1061 1851 Vitali
1076 1797 1124 1852 sed
1140 1798 1272 1872 Agricolae
1287 1800 1334 1855 dat
1349 1800 1452 1872 templa
1467 1800 1569 1856 heatus

982 1887 1146 1944 Florentinua
1160 1891 1232 1958 urbi,
1248 1906 1319 1963 quos
1334 1893 1409 1967 larga
1422 1893 1548 1948 Bononia
1565 1893 1671 1949 mittit:

980 1981 1030 2045 oui
1042 1981 1126 2038 lortes
1136 1991 1199 2054 post
1219 1983 1296 2054 plura
1311 1985 1397 2041 trucis
1409 1985 1580 2041 cruciamina
1594 1986 1686 2059 llagri,

983 2075 1115 2132 Eximium
1129 2076 1175 2133 lixi
1191 2095 1272 2134 cruce
1287 2080 1485 2136 nanciscuntur
1502 2080 1651 2137 honorem.

981 2166 1098 2240 Pignora
1110 2168 1237 2224 Iudaicas
1250 2169 1324 2224 inter
1338 2171 1474 2240 permixta
1489 2171 1614 2227 latebras

980 2254 1133 2312 Nonnullos
1148 2255 1242 2332 ignota
1253 2258 1348 2326 jacent
1363 2261 1528 2317 mortalibus
1539 2277 1641 2329 annos,

982 2349 1077 2405 [lonec
1087 2351 1211 2422 pontifici
1226 2353 1290 2410 diva
1303 2370 1332 2410 se
1347 2355 1564 2425 incendentes,

984 2437 1038 2494 lloc
1051 2446 1128 2509 patre
1141 2438 1267 2497 laetantur
1281 2441 1366 2514 digno
1380 2444 1501 2501 retinere
1517 2445 1620 2501 decora

982 2526 1150 2600 Secernique
1156 2528 1243 2604 nigris
1256 2531 1315 2587 auri
1330 2547 1381 2588 ceu
1394 2531 1484 2606 lulgor
1492 2535 1586 2589 arenis

984 2617 1190 2691 laetitiapopuli
1206 2622 1375 2678 cruciatibus
1385 2624 1502 2698 agminis
1516 2625 1568 2680 atri

985 2709 1038 2766 llos
1057 2712 1139 2767 simul
1153 2729 1201 2769 ara
1214 2716 1289 2786 capit
1302 2722 1459 2771 sauctorum
1476 2716 1581 2771 lumina
1598 2716 1717 2788 pandens

984 2803 1089 2860 divinae
1108 2804 1182 2862 circa
1197 2805 1329 2862 famulum
1345 2807 1477 2864 bonitatis
1488 2824 1623 2866 amorem.

856 2970 962 3028 cnadv
985 2973 1063 3030 Xllll.

715 3097 754 3155 De
776 3099 908 3158 lrnorilu
926 3101 1025 3160 scorti
1044 3100 1203 3161 Ambrosii.

125 3237 182 3301 Qua
198 3252 274 3308 spem
290 3234 418 3290 fundarat
429 3233 506 3310 iungi
519 3250 554 3290 ne
569 3244 654 3292 morte
666 3246 780 3308 paveret

123 3325 251 3380 Testatur
267 3324 330 3379 lelix
340 3323 559 3396 obitushnisque
575 3324 673 3380 heatus

123 3417 226 3471 llilitiae
238 3415 328 3487 palma
348 3415 440 3481 dignae
459 3415 595 3489 claraeque
609 3416 754 3488 palaestrae,

122 3508 238 3563 Numina
253 3507 399 3579 praescitns
414 3522 515 3579 supero
533 3509 676 3582 sociisque
691 3511 806 3565 relatus.

121 3599 169 3655 lile
182 3598 263 3656 etiam
284 3599 357 3654 risus
368 3599 431 3655 divo
447 3599 568 3655 radiatus
582 3601 616 3655 ab
633 3616 681 3657 ore

120 3689 247 3744 irridere
258 3688 311 3742 sibi
327 3688 472 3743 llominum
488 3704 542 3760 quo
563 3689 652 3745 ceruit
667 3689 768 3755 lesum,

120 3779 254 3834 Laudeusi
271 3795 333 3833 cum
348 3779 468 3850 praesule
487 3778 513 3833 ei
531 3778 595 3833 dum
610 3787 673 3834 vota
686 3778 841 3850 profundit,

122 3871 288 3943 auditasque
304 3886 400 3942 preces
415 3871 471 3940 jam
484 3870 572 3946 gratia
583 3871 685 3927 blanda
696 3873 807 3927 revelat.

121 3963 203 4026 lineis
214 3963 335 4017 animum
349 3977 460 4034 semper
474 3961 545 4018 hxus
560 3979 611 4018 nec
625 3971 713 4020 morte
726 3964 841 4033 recedit,

120 4051 189 4105 llum
204 4051 293 4106 crucis
309 4051 336 4104 in
351 4051 472 4121 speciem
484 4050 622 4106 distentus
637 4051 748 4107 lirachia
764 4053 841 4108 coelis

120 4139 239 4194 Felicem
255 4138 328 4194 votis
342 4139 462 4194 animam
478 4141 676 4196 comitantibus
696 4141 788 4196 inlert.

119 4230 303 4286 bercellensis
316 4230 394 4286 adest
405 4232 505 4302 praesul
525 4232 638 4287 coeleste
654 4247 787 4287 vocamen

122 4318 230 4373 Excitus
246 4317 486 4388 capienssomuis‚
508 4319 555 4374 ubi
573 4335 636 4375 mox
650 4320 787 4375 abiturum

119 4413 206 4485 Atque
217 4427 388 4467 recessurum
406 4411 519 4467 monitis
531 4413 715 4483 prodentibus
730 4414 819 4482 audit,

120 4505 200 4560 Lucis
213 4505 362 4561 honoratus
377 4503 448 4559 diva
460 4505 589 4576 mysteria
601 4506 713 4561 tradens
731 4524 738 4574 ;

120 4597 185 4662 Quae
200 4602 231 4651 ut
243 4596 316 4667 capit
328 4597 488 4654 Ambrosius
501 4614 637 4654 summam
652 4598 794 4656 libaminis
808 4601 867 4669 alti,

120 4691 210 4747 Laetus
230 4690 281 4747 iuit
296 4692 408 4766 vitaque
421 4693 564 4749 cibatusin
581 4697 684 4751 aethera
697 4696 793 4770 surgit.
845 4725 851 4748 .’

119 4785 260 4845 Transitns
274 4789 320 4844 hic
333 4789 436 4844 celebri
445 4789 555 4844 Paschae
576 4790 725 4861 splendore
739 4792 862 4860 nitescit,

122 4879 203 4937 lsrael
219 4882 347 4938 tenebras
366 4881 423 4937 exit
441 4897 496 4953 qua
510 4889 590 4938 nocte
598 4882 713 4955 Canopi,

122 4970 259 5026 Coelicolae
274 4971 362 5027 civem
378 4971 497 5042 paradisi
514 4987 599 5046 regna
612 4973 741 5030 colonum

122 5058 228 5115 Festive
238 5059 391 5132 excipiunt,
407 5059 487 5134 agnis
502 5060 530 5115 in
547 5060 660 5117 llumine
676 5062 739 5118 lotis

120 5148 213 5204 l'outis
226 5165 305 5220 aquae
326 5148 406 5216 vivae,
422 5157 497 5220 patet
507 5150 574 5206 almi
589 5151 678 5224 gloria
692 5153 774 5221 vatis,

119 5243 319 5315 aspiciuntque
334 5243 428 5299 subire
445 5246 574 5301 thronum
589 5246 732 5319 digitoque
748 5247 898 5319 loquuntur

120 5333 220 5390 lllustri
235 5334 358 5391 residere
375 5342 485 5407 patrem
497 5336 603 5411 fulgore
620 5337 764 5394 nitentem.

119 5429 204 5486 Stella
216 5417 396 5486 micans'aliis
411 5430 494 5487 funus
508 5431 624 5488 lustrare
640 5433 763 5504 patescit.

120 5521 300 5577 lrnlrrosinna
315 5522 389 5593 quod
405 5529 434 5578 ut
444 5530 523 5579 terrae
538 5531 621 5594 caput
641 5524 703 5578 aula
717 5526 876 5596 serendum,

121 5611 204 5685 Nigra
218 5621 451 5685 catervagemens
464 5623 572 5670 eausam
587 5614 843 5674 cruciaminiaedit.

947 3243 971 3311 C
985 3240 1165 3312 Splendorem
1181 3243 1317 3301 Ambrosii
1332 3252 1435 3301 coeunt
1449 3245 1554 3302 servire
1568 3247 1692 3323 benigni,

983 3336 1067 3393 hlillia
1081 3346 1207 3394 natorum
1223 3356 1344 3412 superna
1357 3341 1392 3397 ad
1406 3341 1503 3396 munia
1513 3351 1639 3407 currunt,

983 3432 1097 3489 Fervida
1106 3434 1243 3504 stipantur
1253 3435 1354 3492 diversi
1370 3437 1498 3493 examina
1507 3438 1581 3507 juris

921 3556 923 3561 ,
982 3520 1106 3596 Tangere
1119 3531 1273 3596 gestamen,
1288 3525 1386 3581 saltem
1401 3527 1709 3597 appropiarelaborant.

981 3611 1037 3667 Nec
1050 3613 1149 3669 charos
1159 3613 1225 3668 latet
1236 3614 1377 3683 absentes,
1393 3631 1445 3671 nec
1457 3616 1560 3688 linquit
1572 3625 1703 3681 amantes,

984 3703 1046 3758 Eois
1063 3703 1221 3759 transmissa
1235 3705 1301 3761 viris
1311 3706 1387 3778 qnod
1401 3707 1505 3762 scheda
1515 3707 1650 3779 profatur,

982 3795 1061 3852 llisus
1074 3805 1104 3852 ut
1118 3797 1252 3854 assistens
1265 3815 1327 3871 quae
1338 3799 1392 3855 lert
1404 3800 1549 3856 orantibus
1559 3800 1649 3867 almis,

982 3889 1185 3962 lmponensque
1199 3907 1298 3946 manus
1313 3892 1470 3964 pariterque
1481 3894 1642 3964 precamina
1655 3892 1773 3948 lundens:

981 3981 1102 4037 Zenobio
1117 3981 1339 4055 Florentinisque
1355 3983 1492 4059 levamina
1512 3993 1638 4056 portans.

982 4069 1061 4140 Saepe
1080 4078 1191 4144 rogatus
1203 4070 1293 4137 adest,
1309 4072 1407 4127 urbem
1421 4072 1584 4129 discrimine
1597 4073 1686 4143 solvit,

983 4161 1111 4217 llclessos
1125 4176 1323 4233 recreans,spe
1337 4162 1439 4217 deinde
1452 4161 1542 4218 salute
1558 4163 1714 4219 reformans.

982 4249 1123 4305 llascezcli
1141 4249 1301 4321 desperanti
1311 4250 1419 4307 ieritate
1434 4253 1531 4324 pericli

984 4342 1114 4413 impetrat
1128 4344 1265 4414 precibus,
1278 4343 1450 4417 signansque
1465 4348 1615 4423 aenigmate
1630 4349 1737 4420 palmam,

981 4433 1033 4488 Ter
1048 4439 1125 4488 notat
1137 4433 1254 4505 appulso
1270 4440 1435 4507 tempusque
1447 4437 1597 4509 locumque
1611 4438 1709 4494 bacillo

942 4524 1172 4614 DGazarumque
1188 4524 1249 4581 loco
1262 4526 1397 4596 quaereuli
1417 4525 1522 4582 lumina
1543 4544 1618 4585 caco

984 4616 1062 4675 Claro
1077 4618 1229 4674 albatorum
1244 4618 1391 4674 comitatus
1402 4619 1507 4676 honore
1518 4621 1651 4690 virorum,

984 4713 1137 4784 Apparens,
1152 4711 1237 4768 sociis
1246 4726 1393 4768 occurrere
1407 4713 1590 4771 llediolanam

984 4804 1118 4875 Praecipit,
1135 4812 1164 4860 ut
1174 4803 1263 4860 valeat
1277 4805 1338 4862 luae
1354 4806 1490 4863 exsultare
1505 4809 1593 4879 petita
1608 4828 1616 4873 ς

983 4896 1063 4952 Paret
1081 4911 1167 4953 ovans
1182 4897 1265 4969 palpo
1280 4912 1342 4969 quae
1357 4913 1413 4954 non
1429 4897 1562 4955 inviserat
1577 4907 1637 4956 ante

983 4988 1084 5045 Moenia
1096 4988 1244 5061 callepetit
1257 4995 1344 5055 recto,
1354 4988 1484 5061 dictaque
1499 4990 1633 5059 salutans,

984 5079 1086 5135 Obvius
1099 5079 1160 5150 ipse
1176 5078 1222 5134 die
1236 5085 1367 5150 patronos
1380 5079 1479 5135 urbem
1492 5080 1622 5138 ineuntes

987 5167 1237 5234 llancSisiunium,
1266 5167 1448 5224 Alexandrum
1478 5185 1602 5242 quoque,
1624 5162 1747 5235 llartvrittl·

1676 5261 1728 5332 true,

986 5349 1046 5405 llox
1061 5349 1197 5422 promissa
1212 5350 1285 5423 capit
1299 5350 1391 5408 loculo
1406 5351 1461 5407 sibi
1475 5368 1592 5409 munera
1604 5359 1677 5408 tacto

987 5438 1058 5496 Urbe
1071 5439 1211 5496 Trientina
1226 5455 1296 5512 quos
1304 5440 1405 5511 praesul
1419 5442 1546 5498 Anaunia
1556 5459 1618 5498 rura

985 5530 1111 5598 Lumine,
1122 5536 1228 5598 sancte,
1241 5530 1409 5599 jubesverbi
1423 5531 1542 5588 lustrare
1556 5532 1626 5588 virili
1643 5546 1651 5599 ;

985 5621 1049 5686 oua
1062 5636 1138 5678 sacro
1150 5621 1214 5676 dum
1228 5637 1290 5677 rore
1304 5622 1405 5694 rigant,
1419 5622 1681 5697 indignareeultaus,
