<?xml version="1.0" encoding="UTF-8"?>
<!DOCTYPE html PUBLIC "-//W3C//DTD XHTML 1.0 Transitional//EN"
    "http://www.w3.org/TR/xhtml1/DTD/xhtml1-transitional.dtd">
<html xmlns="http://www.w3.org/1999/xhtml" xml:lang="en" lang="en">
 <head>
  <title>
</title>
<meta http-equiv="Content-Type" content="text/html;charset=utf-8" />
  <meta name='ocr-system' content='tesseract 3.04.00' />
  <meta name='ocr-capabilities' content='ocr_page ocr_carea ocr_par ocr_line ocrx_word'/>
</head>
<body>
  <div class='ocr_page' id='page_1' title='image "./patrologiaecurs08migngoog_0316.png"; bbox 0 0 3848 6106; ppageno 0'>
   <div class='ocr_carea' id='block_1_1' title="bbox 65 205 1734 338">
    <p class='ocr_par' dir='ltr' id='par_1_1' title="bbox 65 205 1734 338">
     <span class='ocr_line' id='line_1_1' title="bbox 65 205 1734 338; baseline 0.008 -37"><span class='ocrx_word' id='word_1_1' title='bbox 65 244 121 301; x_wconf 74' lang='lat'><strong>625</strong></span> <span class='ocrx_word' id='word_1_2' title='bbox 382 244 425 299; x_wconf 82' lang='lat' dir='ltr'><strong>Dii</strong></span> <span class='ocrx_word' id='word_1_3' title='bbox 444 205 573 303; x_wconf 75' lang='lat' dir='ltr'><strong>cuntstt</strong></span> <span class='ocrx_word' id='word_1_4' title='bbox 591 246 772 303; x_wconf 79' lang='lat' dir='ltr'><strong>TlithlPlssS</strong></span> <span class='ocrx_word' id='word_1_5' title='bbox 791 248 878 305; x_wconf 83' lang='lat' dir='ltr'><strong>APUD</strong></span> <span class='ocrx_word' id='word_1_6' title='bbox 898 249 1033 306; x_wconf 78' lang='grc' dir='ltr'><strong>[ΤΑΙᾸΑΙ</strong></span> <span class='ocrx_word' id='word_1_7' title='bbox 1052 250 1140 308; x_wconf 84' lang='lat' dir='ltr'><strong>ttttttt</strong></span> <span class='ocrx_word' id='word_1_8' title='bbox 1161 254 1226 338; x_wconf 82' lang='lat' dir='ltr'><strong>iliV.</strong></span> <span class='ocrx_word' id='word_1_9' title='bbox 1245 284 1281 297; x_wconf 96' lang='lat'>—</span> <span class='ocrx_word' id='word_1_10' title='bbox 1300 254 1364 312; x_wconf 77' lang='lat' dir='ltr'><strong>bill.</strong></span> <span class='ocrx_word' id='word_1_11' title='bbox 1384 255 1420 313; x_wconf 87' lang='lat' dir='ltr'><strong>ii.</strong></span> <span class='ocrx_word' id='word_1_12' title='bbox 1680 258 1734 315; x_wconf 63' lang='lat' dir='ltr'><strong>dili</strong></span> 
     </span>
    </p>
   </div>
   <div class='ocr_carea' id='block_1_2' title="bbox 64 368 1639 548">
    <p class='ocr_par' dir='ltr' id='par_1_2' title="bbox 64 368 1639 548">
     <span class='ocr_line' id='line_1_2' title="bbox 64 368 1600 457; baseline 0.01 -31"><span class='ocrx_word' id='word_1_13' title='bbox 64 369 172 442; x_wconf 83' lang='lat' dir='ltr'><strong>Corpus</strong></span> <span class='ocrx_word' id='word_1_14' title='bbox 187 370 272 426; x_wconf 90' lang='lat' dir='ltr'><strong>humo</strong></span> <span class='ocrx_word' id='word_1_15' title='bbox 285 368 424 442; x_wconf 89' lang='lat' dir='ltr'><strong>prohibet,</strong></span> <span class='ocrx_word' id='word_1_16' title='bbox 440 378 540 428; x_wconf 89' lang='lat' dir='ltr'><strong>terram</strong></span> <span class='ocrx_word' id='word_1_17' title='bbox 553 379 627 429; x_wconf 87' lang='lat' dir='ltr'><strong>vetat</strong></span> <span class='ocrx_word' id='word_1_18' title='bbox 645 373 746 431; x_wconf 90' lang='lat' dir='ltr'><strong>abdere</strong></span> <span class='ocrx_word' id='word_1_19' title='bbox 770 381 849 432; x_wconf 84' lang='lat' dir='ltr'><strong>terrae</strong></span> <span class='ocrx_word' id='word_1_20' title='bbox 864 392 871 430; x_wconf 76' lang='grc' dir='ltr'><strong>ε</strong></span> <span class='ocrx_word' id='word_1_21' title='bbox 887 385 910 449; x_wconf 66' lang='lat' dir='ltr'><strong>,t</strong></span> <span class='ocrx_word' id='word_1_22' title='bbox 925 379 957 434; x_wconf 86' lang='lat' dir='ltr'><strong>tlt</strong></span> <span class='ocrx_word' id='word_1_23' title='bbox 967 379 1041 435; x_wconf 85' lang='lat' dir='ltr'><strong>velut</strong></span> <span class='ocrx_word' id='word_1_24' title='bbox 1056 380 1170 453; x_wconf 90' lang='lat' dir='ltr'><strong>antiquo</strong></span> <span class='ocrx_word' id='word_1_25' title='bbox 1181 382 1345 452; x_wconf 76' lang='lat' dir='ltr'><strong>praecellens</strong></span> <span class='ocrx_word' id='word_1_26' title='bbox 1358 383 1458 440; x_wconf 90' lang='lat' dir='ltr'><strong>robore</strong></span> <span class='ocrx_word' id='word_1_27' title='bbox 1469 399 1600 457; x_wconf 86' lang='lat' dir='ltr'><strong>quercus,</strong></span> 
     </span>
     <span class='ocr_line' id='line_1_3' title="bbox 66 460 1639 548; baseline 0.013 -32"><span class='ocrx_word' id='word_1_28' title='bbox 66 460 169 516; x_wconf 78' lang='lat' dir='ltr'><strong>lstubi</strong></span> <span class='ocrx_word' id='word_1_29' title='bbox 184 461 307 516; x_wconf 89' lang='lat' dir='ltr'><strong>membra</strong></span> <span class='ocrx_word' id='word_1_30' title='bbox 317 461 411 531; x_wconf 76' lang='lat' dir='ltr'><strong>iacent</strong></span> <span class='ocrx_word' id='word_1_31' title='bbox 423 461 575 530; x_wconf 88' lang='lat' dir='ltr'><strong>incondita,</strong></span> <span class='ocrx_word' id='word_1_32' title='bbox 590 463 650 520; x_wconf 87' lang='lat' dir='ltr'><strong>sole</strong></span> <span class='ocrx_word' id='word_1_33' title='bbox 662 475 783 535; x_wconf 87' lang='lat' dir='ltr'><strong>meante,</strong></span> <span class='ocrx_word' id='word_1_34' title='bbox 923 476 1010 548; x_wconf 81' lang='lat' dir='ltr'><strong>atque</strong></span> <span class='ocrx_word' id='word_1_35' title='bbox 1024 476 1113 532; x_wconf 88' lang='lat' dir='ltr'><strong>solum</strong></span> <span class='ocrx_word' id='word_1_36' title='bbox 1129 475 1215 531; x_wconf 83' lang='lat' dir='ltr'><strong>firmis</strong></span> <span class='ocrx_word' id='word_1_37' title='bbox 1230 485 1378 547; x_wconf 85' lang='lat' dir='ltr'><strong>penetrans</strong></span> <span class='ocrx_word' id='word_1_38' title='bbox 1391 479 1529 535; x_wconf 78' lang='lat' dir='ltr'><strong>radicibus</strong></span> <span class='ocrx_word' id='word_1_39' title='bbox 1542 480 1639 548; x_wconf 88' lang='lat' dir='ltr'><strong>altum,</strong></span> 
     </span>
    </p>
   </div>
   <div class='ocr_carea' id='block_1_3' title="bbox 64 552 1635 732">
    <p class='ocr_par' dir='ltr' id='par_1_3' title="bbox 64 552 1635 732">
     <span class='ocr_line' id='line_1_4' title="bbox 64 552 1635 644; baseline 0.013 -37"><span class='ocrx_word' id='word_1_40' title='bbox 64 552 431 620; x_wconf 77' lang='lat' dir='ltr'><strong>Acceduuthmiteruenses,</strong></span> <span class='ocrx_word' id='word_1_41' title='bbox 447 553 614 627; x_wconf 90' lang='lat' dir='ltr'><strong>rapiuntque</strong></span> <span class='ocrx_word' id='word_1_42' title='bbox 627 556 700 612; x_wconf 86' lang='lat' dir='ltr'><strong>beati</strong></span> <span class='ocrx_word' id='word_1_43' title='bbox 924 566 1070 642; x_wconf 82' lang='lat' dir='ltr'><strong>iiontivagi</strong></span> <span class='ocrx_word' id='word_1_44' title='bbox 1084 582 1218 624; x_wconf 86' lang='lat' dir='ltr'><strong>succensa</strong></span> <span class='ocrx_word' id='word_1_45' title='bbox 1233 567 1294 643; x_wconf 91' lang='lat' dir='ltr'><strong>loco</strong></span> <span class='ocrx_word' id='word_1_46' title='bbox 1310 571 1448 641; x_wconf 78' lang='lat' dir='ltr'>pecudum</span> <span class='ocrx_word' id='word_1_47' title='bbox 1465 571 1554 639; x_wconf 87' lang='lat' dir='ltr'><strong>ducis,</strong></span> <span class='ocrx_word' id='word_1_48' title='bbox 1570 582 1635 644; x_wconf 86' lang='lat' dir='ltr'><strong>apta</strong></span> 
     </span>
     <span class='ocr_line' id='line_1_5' title="bbox 65 642 1612 732; baseline 0.015 -35"><span class='ocrx_word' id='word_1_49' title='bbox 65 643 193 698; x_wconf 82' lang='lat' dir='ltr'><strong>Praesulis</strong></span> <span class='ocrx_word' id='word_1_50' title='bbox 212 657 275 699; x_wconf 85' lang='lat' dir='ltr'><strong>osea</strong></span> <span class='ocrx_word' id='word_1_51' title='bbox 292 642 348 711; x_wconf 86' lang='lat' dir='ltr'><strong>sui,</strong></span> <span class='ocrx_word' id='word_1_52' title='bbox 373 642 507 710; x_wconf 78' lang='lat' dir='ltr'><strong>referunt,</strong></span> <span class='ocrx_word' id='word_1_53' title='bbox 537 647 717 720; x_wconf 88' lang='lat' dir='ltr'><strong>conduntque</strong></span> <span class='ocrx_word' id='word_1_54' title='bbox 730 648 872 706; x_wconf 84' lang='lat' dir='ltr'><strong>decenter.</strong></span> <span class='ocrx_word' id='word_1_55' title='bbox 924 657 1036 730; x_wconf 79' lang='lat' dir='ltr'><strong>ignibus</strong></span> <span class='ocrx_word' id='word_1_56' title='bbox 1050 665 1092 713; x_wconf 89' lang='lat' dir='ltr'><strong>est</strong></span> <span class='ocrx_word' id='word_1_57' title='bbox 1106 657 1218 714; x_wconf 79' lang='lat' dir='ltr'><strong>inventa</strong></span> <span class='ocrx_word' id='word_1_58' title='bbox 1230 659 1344 731; x_wconf 89' lang='lat' dir='ltr'><strong>quidem</strong></span> <span class='ocrx_word' id='word_1_59' title='bbox 1360 662 1384 717; x_wconf 89' lang='lat' dir='ltr'><strong>si</strong></span> <span class='ocrx_word' id='word_1_60' title='bbox 1396 661 1468 717; x_wconf 81' lang='lat' dir='ltr'><strong>torte</strong></span> <span class='ocrx_word' id='word_1_61' title='bbox 1482 678 1612 732; x_wconf 82' lang='lat' dir='ltr'><strong>caverna,</strong></span> 
     </span>
    </p>
   </div>
   <div class='ocr_carea' id='block_1_4' title="bbox 63 735 1734 1561">
    <p class='ocr_par' dir='ltr' id='par_1_4' title="bbox 64 735 1560 822">
     <span class='ocr_line' id='line_1_6' title="bbox 64 735 1560 822; baseline 0.012 -31"><span class='ocrx_word' id='word_1_62' title='bbox 64 736 231 791; x_wconf 75' lang='lat' dir='ltr'><strong>[institerant</strong></span> <span class='ocrx_word' id='word_1_63' title='bbox 244 735 373 808; x_wconf 80' lang='lat' dir='ltr'>equidem</span> <span class='ocrx_word' id='word_1_64' title='bbox 389 735 456 793; x_wconf 93' lang='lat' dir='ltr'><strong>bino</strong></span> <span class='ocrx_word' id='word_1_65' title='bbox 474 737 609 794; x_wconf 86' lang='lat' dir='ltr'><strong>solamine</strong></span> <span class='ocrx_word' id='word_1_66' title='bbox 624 738 730 809; x_wconf 82' lang='lat' dir='ltr'><strong>iratres,</strong></span> <span class='ocrx_word' id='word_1_67' title='bbox 926 749 1035 803; x_wconf 88' lang='lat' dir='ltr'><strong>luterno</strong></span> <span class='ocrx_word' id='word_1_68' title='bbox 1050 747 1170 804; x_wconf 85' lang='lat' dir='ltr'><strong>dammis</strong></span> <span class='ocrx_word' id='word_1_69' title='bbox 1180 757 1347 822; x_wconf 87' lang='lat' dir='ltr'><strong>consumpto</strong></span> <span class='ocrx_word' id='word_1_70' title='bbox 1366 752 1467 808; x_wconf 81' lang='lat' dir='ltr'><strong>robore</strong></span> <span class='ocrx_word' id='word_1_71' title='bbox 1479 752 1560 817; x_wconf 83' lang='lat' dir='ltr'><strong>victa,</strong></span> 
     </span>
    </p>

    <p class='ocr_par' dir='ltr' id='par_1_5' title="bbox 63 831 1734 1561">
     <span class='ocr_line' id='line_1_7' title="bbox 66 831 1644 914; baseline 0.01 -28"><span class='ocrx_word' id='word_1_72' title='bbox 66 833 120 887; x_wconf 90' lang='lat' dir='ltr'><strong>iste</strong></span> <span class='ocrx_word' id='word_1_73' title='bbox 135 831 441 888; x_wconf 76' lang='lat' dir='ltr'><strong>Sei·erino.Victorinus</strong></span> <span class='ocrx_word' id='word_1_74' title='bbox 455 833 543 908; x_wconf 86' lang='lat' dir='ltr'><strong>magis</strong></span> <span class='ocrx_word' id='word_1_75' title='bbox 557 840 664 902; x_wconf 90' lang='lat' dir='ltr'><strong>auctus,</strong></span> <span class='ocrx_word' id='word_1_76' title='bbox 925 836 1046 905; x_wconf 81' lang='lat' dir='ltr'><strong>Labitur,</strong></span> <span class='ocrx_word' id='word_1_77' title='bbox 1060 845 1143 910; x_wconf 88' lang='lat' dir='ltr'><strong>etque</strong></span> <span class='ocrx_word' id='word_1_78' title='bbox 1158 838 1297 895; x_wconf 84' lang='lat' dir='ltr'><strong>dialectis</strong></span> <span class='ocrx_word' id='word_1_79' title='bbox 1310 840 1410 896; x_wconf 76' lang='lat' dir='ltr'><strong>caelum</strong></span> <span class='ocrx_word' id='word_1_80' title='bbox 1425 842 1546 914; x_wconf 88' lang='lat' dir='ltr'><strong>applicat</strong></span> <span class='ocrx_word' id='word_1_81' title='bbox 1560 844 1644 904; x_wconf 87' lang='lat' dir='ltr'><strong>arvis.</strong></span> 
     </span>
     <span class='ocr_line' id='line_1_8' title="bbox 65 921 1625 999; baseline 0.007 -22"><span class='ocrx_word' id='word_1_82' title='bbox 65 922 157 977; x_wconf 84' lang='lat' dir='ltr'><strong>biania</strong></span> <span class='ocrx_word' id='word_1_83' title='bbox 172 929 235 993; x_wconf 90' lang='lat' dir='ltr'><strong>post</strong></span> <span class='ocrx_word' id='word_1_84' title='bbox 248 921 356 979; x_wconf 89' lang='lat' dir='ltr'><strong>obitum</strong></span> <span class='ocrx_word' id='word_1_85' title='bbox 368 922 466 980; x_wconf 89' lang='lat' dir='ltr'><strong>dantes</strong></span> <span class='ocrx_word' id='word_1_86' title='bbox 478 926 583 981; x_wconf 83' lang='lat' dir='ltr'><strong>alterna</strong></span> <span class='ocrx_word' id='word_1_87' title='bbox 599 932 756 999; x_wconf 85' lang='lat' dir='ltr'><strong>parentum,</strong></span> <span class='ocrx_word' id='word_1_88' title='bbox 925 926 984 981; x_wconf 78' lang='lat' dir='ltr'><strong>Alta</strong></span> <span class='ocrx_word' id='word_1_89' title='bbox 996 926 1124 983; x_wconf 85' lang='lat' dir='ltr'><strong>columna</strong></span> <span class='ocrx_word' id='word_1_90' title='bbox 1137 927 1202 994; x_wconf 89' lang='lat' dir='ltr'><strong>ruit,</strong></span> <span class='ocrx_word' id='word_1_91' title='bbox 1218 942 1307 983; x_wconf 75' lang='lat' dir='ltr'><strong>caecus</strong></span> <span class='ocrx_word' id='word_1_92' title='bbox 1317 930 1410 985; x_wconf 85' lang='lat' dir='ltr'><strong>scelus</strong></span> <span class='ocrx_word' id='word_1_93' title='bbox 1423 928 1509 986; x_wconf 83' lang='lat' dir='ltr'><strong>elficit</strong></span> <span class='ocrx_word' id='word_1_94' title='bbox 1522 932 1625 988; x_wconf 87' lang='lat' dir='ltr'><strong>ardor:</strong></span> 
     </span>
     <span class='ocr_line' id='line_1_9' title="bbox 64 1012 1646 1095; baseline 0.009 -27"><span class='ocrx_word' id='word_1_95' title='bbox 64 1014 283 1086; x_wconf 77' lang='lat' dir='ltr'><strong>Prehenteeque</strong></span> <span class='ocrx_word' id='word_1_96' title='bbox 296 1012 350 1071; x_wconf 91' lang='lat' dir='ltr'><strong>eibi</strong></span> <span class='ocrx_word' id='word_1_97' title='bbox 362 1016 481 1090; x_wconf 77' lang='lat' dir='ltr'><strong>geminae</strong></span> <span class='ocrx_word' id='word_1_98' title='bbox 493 1015 622 1093; x_wconf 77' lang='lat' dir='ltr'><strong>suffragia</strong></span> <span class='ocrx_word' id='word_1_99' title='bbox 640 1034 712 1075; x_wconf 82' lang='lat' dir='ltr'><strong>curae</strong></span> <span class='ocrx_word' id='word_1_100' title='bbox 724 1036 732 1085; x_wconf 95' lang='lat'>3</span> <span class='ocrx_word' id='word_1_101' title='bbox 927 1019 1063 1076; x_wconf 77' lang='lat' dir='ltr'>Exclamat</span> <span class='ocrx_word' id='word_1_102' title='bbox 1077 1020 1217 1076; x_wconf 73' lang='lat' dir='ltr'><strong>victormm</strong></span> <span class='ocrx_word' id='word_1_103' title='bbox 1230 1020 1287 1092; x_wconf 84' lang='lat' dir='ltr'><strong>jem</strong></span> <span class='ocrx_word' id='word_1_104' title='bbox 1302 1037 1371 1078; x_wconf 83' lang='lat' dir='ltr'><strong>soce</strong></span> <span class='ocrx_word' id='word_1_105' title='bbox 1385 1023 1516 1080; x_wconf 87' lang='lat' dir='ltr'><strong>inimicus</strong></span> <span class='ocrx_word' id='word_1_106' title='bbox 1530 1034 1646 1095; x_wconf 85' lang='lat' dir='ltr'><strong>aperta:</strong></span> 
     </span>
     <span class='ocr_line' id='line_1_10' title="bbox 63 1105 1734 1187; baseline 0.008 -27"><span class='ocrx_word' id='word_1_107' title='bbox 63 1106 175 1161; x_wconf 76' lang='lat' dir='ltr'><strong>alterno</strong></span> <span class='ocrx_word' id='word_1_108' title='bbox 189 1105 385 1163; x_wconf 74' lang='lat' dir='ltr'><strong>submittentes</strong></span> <span class='ocrx_word' id='word_1_109' title='bbox 397 1122 428 1163; x_wconf 82' lang='lat' dir='ltr'><strong>se</strong></span> <span class='ocrx_word' id='word_1_110' title='bbox 441 1107 618 1180; x_wconf 78' lang='lat' dir='ltr'><strong>discipulatu,</strong></span> <span class='ocrx_word' id='word_1_111' title='bbox 927 1131 940 1163; x_wconf 82' lang='grc' dir='ltr'>ι</span> <span class='ocrx_word' id='word_1_112' title='bbox 963 1110 1053 1168; x_wconf 85' lang='lat' dir='ltr'><strong>lieus!</strong></span> <span class='ocrx_word' id='word_1_113' title='bbox 1068 1112 1135 1185; x_wconf 90' lang='lat' dir='ltr'><strong>quid</strong></span> <span class='ocrx_word' id='word_1_114' title='bbox 1148 1112 1217 1187; x_wconf 86' lang='lat' dir='ltr'><strong>agis,</strong></span> <span class='ocrx_word' id='word_1_115' title='bbox 1233 1112 1301 1184; x_wconf 89' lang='lat' dir='ltr'><strong>quid</strong></span> <span class='ocrx_word' id='word_1_116' title='bbox 1313 1114 1734 1187; x_wconf 67' lang='lat' dir='ltr'><strong>agistirperlectiesimeiira·</strong></span> 
     </span>
     <span class='ocr_line' id='line_1_11' title="bbox 64 1199 1701 1282; baseline 0.009 -29"><span class='ocrx_word' id='word_1_117' title='bbox 64 1199 233 1271; x_wconf 77' lang='lat' dir='ltr'><strong>alternoque</strong></span> <span class='ocrx_word' id='word_1_118' title='bbox 248 1200 408 1275; x_wconf 88' lang='lat' dir='ltr'><strong>magisterio</strong></span> <span class='ocrx_word' id='word_1_119' title='bbox 421 1201 475 1256; x_wconf 89' lang='lat' dir='ltr'><strong>eibi</strong></span> <span class='ocrx_word' id='word_1_120' title='bbox 483 1202 547 1271; x_wconf 88' lang='lat' dir='ltr'><strong>jura</strong></span> <span class='ocrx_word' id='word_1_121' title='bbox 561 1202 701 1260; x_wconf 81' lang='lat' dir='ltr'><strong>terentes:</strong></span> <span class='ocrx_word' id='word_1_122' title='bbox 1649 1208 1701 1282; x_wconf 85' lang='lat' dir='ltr'><strong>[ter</strong></span> 
     </span>
     <span class='ocr_line' id='line_1_12' title="bbox 65 1290 1674 1373; baseline 0.008 -30"><span class='ocrx_word' id='word_1_123' title='bbox 65 1290 169 1345; x_wconf 76' lang='lat' dir='ltr'><strong>AEmula</strong></span> <span class='ocrx_word' id='word_1_124' title='bbox 185 1290 290 1346; x_wconf 80' lang='lat' dir='ltr'><strong>seruitii</strong></span> <span class='ocrx_word' id='word_1_125' title='bbox 304 1290 440 1347; x_wconf 76' lang='lat' dir='ltr'><strong>dedentes</strong></span> <span class='ocrx_word' id='word_1_126' title='bbox 453 1308 568 1349; x_wconf 87' lang='lat' dir='ltr'><strong>munera</strong></span> <span class='ocrx_word' id='word_1_127' title='bbox 582 1293 660 1370; x_wconf 80' lang='lat' dir='ltr'><strong>digni</strong></span> <span class='ocrx_word' id='word_1_128' title='bbox 676 1311 685 1362; x_wconf 99' lang='lat'>3</span> <span class='ocrx_word' id='word_1_129' title='bbox 927 1297 974 1354; x_wconf 87' lang='lat' dir='ltr'><strong>Cui</strong></span> <span class='ocrx_word' id='word_1_130' title='bbox 988 1297 1080 1372; x_wconf 88' lang='lat' dir='ltr'><strong>gravis</strong></span> <span class='ocrx_word' id='word_1_131' title='bbox 1095 1297 1248 1364; x_wconf 83' lang='lat' dir='ltr'><strong>exstiterat,</strong></span> <span class='ocrx_word' id='word_1_132' title='bbox 1263 1297 1412 1373; x_wconf 90' lang='lat' dir='ltr'><strong>peregrino</strong></span> <span class='ocrx_word' id='word_1_133' title='bbox 1424 1296 1579 1372; x_wconf 77' lang='lat' dir='ltr'><strong>jungeris?</strong></span> <span class='ocrx_word' id='word_1_134' title='bbox 1594 1299 1674 1369; x_wconf 82' lang='lat' dir='ltr'><strong>Ecce,</strong></span> 
     </span>
     <span class='ocr_line' id='line_1_13' title="bbox 65 1378 1532 1462; baseline 0.012 -32"><span class='ocrx_word' id='word_1_135' title='bbox 65 1378 133 1432; x_wconf 85' lang='lat' dir='ltr'><strong>vera</strong></span> <span class='ocrx_word' id='word_1_136' title='bbox 146 1378 341 1448; x_wconf 72' lang='lat' dir='ltr'><strong>probabilibus</strong></span> <span class='ocrx_word' id='word_1_137' title='bbox 351 1378 462 1437; x_wconf 88' lang='lat' dir='ltr'><strong>dileetio</strong></span> <span class='ocrx_word' id='word_1_138' title='bbox 474 1392 598 1439; x_wconf 86' lang='lat' dir='ltr'><strong>creverat</strong></span> <span class='ocrx_word' id='word_1_139' title='bbox 610 1384 689 1451; x_wconf 88' lang='lat' dir='ltr'><strong>actis,</strong></span> <span class='ocrx_word' id='word_1_140' title='bbox 927 1389 1054 1445; x_wconf 85' lang='lat' dir='ltr'><strong>Germani</strong></span> <span class='ocrx_word' id='word_1_141' title='bbox 1070 1390 1152 1445; x_wconf 89' lang='lat' dir='ltr'><strong>odisti</strong></span> <span class='ocrx_word' id='word_1_142' title='bbox 1167 1390 1215 1462; x_wconf 91' lang='lat' dir='ltr'><strong>qui</strong></span> <span class='ocrx_word' id='word_1_143' title='bbox 1230 1390 1413 1446; x_wconf 89' lang='lat' dir='ltr'><strong>contubernia</strong></span> <span class='ocrx_word' id='word_1_144' title='bbox 1426 1389 1532 1448; x_wconf 85' lang='lat' dir='ltr'><strong>ferre...</strong></span> 
     </span>
     <span class='ocr_line' id='line_1_14' title="bbox 63 1465 1694 1561; baseline 0.004 -23"><span class='ocrx_word' id='word_1_145' title='bbox 63 1465 352 1539; x_wconf 61' lang='lat' dir='ltr'><strong>Ohllllefifliiiul&#39;⁰1³⁰</strong></span> <span class='ocrx_word' id='word_1_146' title='bbox 371 1476 459 1525; x_wconf 57' lang='lat' dir='ltr'><strong>”mil</strong></span> <span class='ocrx_word' id='word_1_147' title='bbox 470 1469 533 1525; x_wconf 84' lang='lat' dir='ltr'><strong>riva</strong></span> <span class='ocrx_word' id='word_1_148' title='bbox 552 1470 642 1527; x_wconf 61' lang='grc' dir='ltr'>ὴθῦῑῑθ</span> <span class='ocrx_word' id='word_1_149' title='bbox 661 1471 724 1528; x_wconf 65' lang='lat' dir='ltr'><strong>facil</strong></span> <span class='ocrx_word' id='word_1_150' title='bbox 743 1492 750 1539; x_wconf 73' lang='grc' dir='ltr'><strong>ἱ</strong></span> <span class='ocrx_word' id='word_1_151' title='bbox 927 1486 965 1540; x_wconf 81' lang='lat' dir='ltr'><strong>En</strong></span> <span class='ocrx_word' id='word_1_152' title='bbox 981 1484 1048 1558; x_wconf 89' lang='lat' dir='ltr'><strong>quid</strong></span> <span class='ocrx_word' id='word_1_153' title='bbox 1059 1485 1119 1557; x_wconf 87' lang='lat' dir='ltr'><strong>agis</strong></span> <span class='ocrx_word' id='word_1_154' title='bbox 1129 1485 1176 1557; x_wconf 93' lang='lat' dir='ltr'><strong>qui</strong></span> <span class='ocrx_word' id='word_1_155' title='bbox 1190 1485 1291 1561; x_wconf 87' lang='lat' dir='ltr'><strong>dogma</strong></span> <span class='ocrx_word' id='word_1_156' title='bbox 1308 1500 1408 1541; x_wconf 84' lang='lat' dir='ltr'><strong>norum</strong></span> <span class='ocrx_word' id='word_1_157' title='bbox 1422 1485 1500 1542; x_wconf 81' lang='lat' dir='ltr'><strong>silvis</strong></span> <span class='ocrx_word' id='word_1_158' title='bbox 1515 1487 1694 1560; x_wconf 87' lang='lat' dir='ltr'><strong>scopulisque</strong></span> 
     </span>
    </p>
   </div>
   <div class='ocr_carea' id='block_1_5' title="bbox 63 1557 1733 1733">
    <p class='ocr_par' dir='ltr' id='par_1_6' title="bbox 63 1557 1733 1733">
     <span class='ocr_line' id='line_1_15' title="bbox 63 1557 1733 1645; baseline 0.014 -33"><span class='ocrx_word' id='word_1_159' title='bbox 63 1557 275 1632; x_wconf 77' lang='lat' dir='ltr'><strong>Perfectumque</strong></span> <span class='ocrx_word' id='word_1_160' title='bbox 288 1569 386 1630; x_wconf 77' lang='lat' dir='ltr'><strong>peterm</strong></span> <span class='ocrx_word' id='word_1_161' title='bbox 399 1561 485 1616; x_wconf 86' lang='lat' dir='ltr'><strong>rirtue</strong></span> <span class='ocrx_word' id='word_1_162' title='bbox 500 1578 634 1638; x_wconf 89' lang='lat' dir='ltr'><strong>germana</strong></span> <span class='ocrx_word' id='word_1_163' title='bbox 647 1563 743 1619; x_wconf 84' lang='lat' dir='ltr'><strong>subire</strong></span> <span class='ocrx_word' id='word_1_164' title='bbox 927 1572 1111 1638; x_wconf 81' lang='lat' dir='ltr'><strong>Constituere,</strong></span> <span class='ocrx_word' id='word_1_165' title='bbox 1127 1589 1210 1645; x_wconf 88' lang='lat' dir='ltr'><strong>rupee</strong></span> <span class='ocrx_word' id='word_1_166' title='bbox 1223 1575 1412 1631; x_wconf 82' lang='lat' dir='ltr'><strong>moderamina</strong></span> <span class='ocrx_word' id='word_1_167' title='bbox 1426 1583 1501 1631; x_wconf 89' lang='lat' dir='ltr'><strong>casta</strong></span> <span class='ocrx_word' id='word_1_168' title='bbox 1519 1576 1640 1634; x_wconf 89' lang='lat' dir='ltr'><strong>docebas</strong></span> <span class='ocrx_word' id='word_1_169' title='bbox 1654 1578 1702 1634; x_wconf 77' lang='lat' dir='ltr'><strong>l...</strong></span> <span class='ocrx_word' id='word_1_170' title='bbox 1721 1602 1733 1627; x_wconf 72' lang='lat' dir='ltr'>n</span> 
     </span>
     <span class='ocr_line' id='line_1_16' title="bbox 64 1649 1502 1733; baseline 0.013 -30"><span class='ocrx_word' id='word_1_171' title='bbox 64 1649 162 1705; x_wconf 83' lang='lat' dir='ltr'><strong>Tendit</strong></span> <span class='ocrx_word' id='word_1_172' title='bbox 176 1650 205 1704; x_wconf 91' lang='lat' dir='ltr'><strong>in</strong></span> <span class='ocrx_word' id='word_1_173' title='bbox 215 1649 244 1705; x_wconf 91' lang='lat' dir='ltr'><strong>id</strong></span> <span class='ocrx_word' id='word_1_174' title='bbox 254 1666 303 1706; x_wconf 90' lang='lat' dir='ltr'><strong>sua</strong></span> <span class='ocrx_word' id='word_1_175' title='bbox 317 1651 391 1723; x_wconf 91' lang='lat' dir='ltr'><strong>qnod</strong></span> <span class='ocrx_word' id='word_1_176' title='bbox 406 1651 504 1708; x_wconf 87' lang='lat' dir='ltr'><strong>dantes</strong></span> <span class='ocrx_word' id='word_1_177' title='bbox 514 1652 570 1708; x_wconf 89' lang='lat' dir='ltr'><strong>sint</strong></span> <span class='ocrx_word' id='word_1_178' title='bbox 581 1654 663 1710; x_wconf 90' lang='lat' dir='ltr'><strong>rebus</strong></span> <span class='ocrx_word' id='word_1_179' title='bbox 673 1655 766 1728; x_wconf 83' lang='lat' dir='ltr'><strong>egeni.</strong></span> <span class='ocrx_word' id='word_1_180' title='bbox 927 1661 989 1718; x_wconf 84' lang='lat' dir='ltr'><strong>ttaec</strong></span> <span class='ocrx_word' id='word_1_181' title='bbox 1003 1662 1146 1719; x_wconf 81' lang='lat' dir='ltr'><strong>insultanti</strong></span> <span class='ocrx_word' id='word_1_182' title='bbox 1158 1663 1289 1732; x_wconf 87' lang='lat' dir='ltr'><strong>jactando</strong></span> <span class='ocrx_word' id='word_1_183' title='bbox 1303 1661 1432 1720; x_wconf 88' lang='lat' dir='ltr'><strong>diabolus</strong></span> <span class='ocrx_word' id='word_1_184' title='bbox 1443 1679 1502 1733; x_wconf 88' lang='lat' dir='ltr'><strong>ore,</strong></span> 
     </span>
    </p>
   </div>
   <div class='ocr_carea' id='block_1_6' title="bbox 56 1736 1733 2731">
    <p class='ocr_par' dir='ltr' id='par_1_7' title="bbox 63 1736 1590 1920">
     <span class='ocr_line' id='line_1_17' title="bbox 65 1736 1590 1821; baseline 0.009 -25"><span class='ocrx_word' id='word_1_185' title='bbox 65 1741 196 1796; x_wconf 86' lang='lat' dir='ltr'><strong>libertate</strong></span> <span class='ocrx_word' id='word_1_186' title='bbox 208 1736 266 1811; x_wconf 91' lang='lat' dir='ltr'><strong>poli</strong></span> <span class='ocrx_word' id='word_1_187' title='bbox 281 1740 364 1808; x_wconf 87' lang='lat' dir='ltr'><strong>dites,</strong></span> <span class='ocrx_word' id='word_1_188' title='bbox 380 1741 482 1814; x_wconf 89' lang='lat' dir='ltr'><strong>quibus</strong></span> <span class='ocrx_word' id='word_1_189' title='bbox 496 1744 590 1799; x_wconf 89' lang='lat' dir='ltr'><strong>omnia</strong></span> <span class='ocrx_word' id='word_1_190' title='bbox 604 1744 729 1802; x_wconf 79' lang='lat' dir='ltr'><strong>Christus</strong></span> <span class='ocrx_word' id='word_1_191' title='bbox 742 1765 749 1812; x_wconf 85' lang='lat'>3</span> <span class='ocrx_word' id='word_1_192' title='bbox 888 1746 1038 1821; x_wconf 86' lang='lat' dir='ltr'><strong>Bbeeepti</strong></span> <span class='ocrx_word' id='word_1_193' title='bbox 1053 1767 1086 1806; x_wconf 82' lang='lat' dir='ltr'><strong>ex</strong></span> <span class='ocrx_word' id='word_1_194' title='bbox 1100 1751 1266 1807; x_wconf 87' lang='lat' dir='ltr'><strong>oculisebiit</strong></span> <span class='ocrx_word' id='word_1_195' title='bbox 1284 1766 1335 1807; x_wconf 90' lang='lat' dir='ltr'><strong>ceu</strong></span> <span class='ocrx_word' id='word_1_196' title='bbox 1350 1751 1443 1807; x_wconf 83' lang='lat' dir='ltr'><strong>fumus</strong></span> <span class='ocrx_word' id='word_1_197' title='bbox 1458 1754 1485 1809; x_wconf 91' lang='lat' dir='ltr'><strong>in</strong></span> <span class='ocrx_word' id='word_1_198' title='bbox 1500 1769 1590 1810; x_wconf 87' lang='lat' dir='ltr'><strong>auras.</strong></span> 
     </span>
     <span class='ocr_line' id='line_1_18' title="bbox 63 1829 1585 1920; baseline 0.011 -36"><span class='ocrx_word' id='word_1_199' title='bbox 63 1830 187 1885; x_wconf 72' lang='lat' dir='ltr'><strong>libertas</strong></span> <span class='ocrx_word' id='word_1_200' title='bbox 197 1830 306 1896; x_wconf 89' lang='lat' dir='ltr'><strong>eadem,</strong></span> <span class='ocrx_word' id='word_1_201' title='bbox 314 1829 389 1902; x_wconf 90' lang='lat' dir='ltr'><strong>impe</strong></span> <span class='ocrx_word' id='word_1_202' title='bbox 395 1830 476 1899; x_wconf 83' lang='lat' dir='ltr'><strong>rium,</strong></span> <span class='ocrx_word' id='word_1_203' title='bbox 492 1839 587 1907; x_wconf 88' lang='lat' dir='ltr'><strong>gratus</strong></span> <span class='ocrx_word' id='word_1_204' title='bbox 597 1832 757 1902; x_wconf 83' lang='lat' dir='ltr'><strong>famulatus,</strong></span> <span class='ocrx_word' id='word_1_205' title='bbox 924 1843 957 1898; x_wconf 80' lang='lat' dir='ltr'><strong>at</strong></span> <span class='ocrx_word' id='word_1_206' title='bbox 971 1842 1017 1914; x_wconf 91' lang='lat' dir='ltr'><strong>qui</strong></span> <span class='ocrx_word' id='word_1_207' title='bbox 1030 1850 1181 1909; x_wconf 90' lang='lat' dir='ltr'><strong>corruerat,</strong></span> <span class='ocrx_word' id='word_1_208' title='bbox 1197 1843 1282 1898; x_wconf 85' lang='lat' dir='ltr'><strong>tacuit</strong></span> <span class='ocrx_word' id='word_1_209' title='bbox 1295 1843 1373 1915; x_wconf 88' lang='lat' dir='ltr'><strong>quasi</strong></span> <span class='ocrx_word' id='word_1_210' title='bbox 1388 1844 1515 1920; x_wconf 77' lang='lat' dir='ltr'><strong>Gorgone</strong></span> <span class='ocrx_word' id='word_1_211' title='bbox 1526 1845 1585 1901; x_wconf 88' lang='lat' dir='ltr'><strong>visa</strong></span> 
     </span>
    </p>

    <p class='ocr_par' dir='ltr' id='par_1_8' title="bbox 62 1919 1686 2095">
     <span class='ocr_line' id='line_1_19' title="bbox 63 1919 1686 2006; baseline 0.012 -32"><span class='ocrx_word' id='word_1_212' title='bbox 63 1919 106 1974; x_wconf 77' lang='lat' dir='ltr'><strong>Nil</strong></span> <span class='ocrx_word' id='word_1_213' title='bbox 118 1921 224 1989; x_wconf 87' lang='lat' dir='ltr'><strong>deerat,</strong></span> <span class='ocrx_word' id='word_1_214' title='bbox 240 1921 348 1977; x_wconf 90' lang='lat' dir='ltr'><strong>cumnil</strong></span> <span class='ocrx_word' id='word_1_215' title='bbox 362 1922 459 1978; x_wconf 88' lang='lat' dir='ltr'><strong>mundi</strong></span> <span class='ocrx_word' id='word_1_216' title='bbox 471 1924 609 1996; x_wconf 88' lang='lat' dir='ltr'><strong>pompalis</strong></span> <span class='ocrx_word' id='word_1_217' title='bbox 625 1925 770 1982; x_wconf 87' lang='lat' dir='ltr'><strong>haberent.</strong></span> <span class='ocrx_word' id='word_1_218' title='bbox 923 1931 1041 1986; x_wconf 76' lang='lat' dir='ltr'><strong>artubus</strong></span> <span class='ocrx_word' id='word_1_219' title='bbox 1057 1931 1213 2006; x_wconf 82' lang='lat' dir='ltr'><strong>exsanguis,</strong></span> <span class='ocrx_word' id='word_1_220' title='bbox 1233 1931 1286 1986; x_wconf 86' lang='lat' dir='ltr'><strong>sibi</strong></span> <span class='ocrx_word' id='word_1_221' title='bbox 1300 1932 1349 2004; x_wconf 89' lang='lat' dir='ltr'><strong>qui</strong></span> <span class='ocrx_word' id='word_1_222' title='bbox 1365 1932 1534 2005; x_wconf 89' lang='lat' dir='ltr'><strong>quaudoque</strong></span> <span class='ocrx_word' id='word_1_223' title='bbox 1547 1949 1686 2003; x_wconf 86' lang='lat' dir='ltr'><strong>reversus,</strong></span> 
     </span>
     <span class='ocr_line' id='line_1_20' title="bbox 62 2017 1544 2095; baseline 0.003 -23"><span class='ocrx_word' id='word_1_224' title='bbox 62 2017 96 2073; x_wconf 78' lang='lat' dir='ltr'><strong>ht</strong></span> <span class='ocrx_word' id='word_1_225' title='bbox 105 2017 262 2074; x_wconf 80' lang='lat' dir='ltr'><strong>Victorinus</strong></span> <span class='ocrx_word' id='word_1_226' title='bbox 276 2033 326 2089; x_wconf 88' lang='lat' dir='ltr'><strong>spe</strong></span> <span class='ocrx_word' id='word_1_227' title='bbox 339 2019 472 2076; x_wconf 83' lang='lat' dir='ltr'><strong>scandere</strong></span> <span class='ocrx_word' id='word_1_228' title='bbox 488 2021 589 2083; x_wconf 84' lang='lat' dir='ltr'><strong>celsius</strong></span> <span class='ocrx_word' id='word_1_229' title='bbox 604 2020 716 2090; x_wconf 89' lang='lat' dir='ltr'><strong>ardens,</strong></span> <span class='ocrx_word' id='word_1_230' title='bbox 924 2019 1067 2095; x_wconf 78' lang='lat' dir='ltr'><strong>Egreditur</strong></span> <span class='ocrx_word' id='word_1_231' title='bbox 1081 2019 1168 2086; x_wconf 81' lang='lat' dir='ltr'><strong>siluis,</strong></span> <span class='ocrx_word' id='word_1_232' title='bbox 1180 2029 1310 2092; x_wconf 84' lang='lat' dir='ltr'><strong>repetens</strong></span> <span class='ocrx_word' id='word_1_233' title='bbox 1319 2021 1416 2077; x_wconf 90' lang='lat' dir='ltr'><strong>solatia</strong></span> <span class='ocrx_word' id='word_1_234' title='bbox 1431 2020 1523 2077; x_wconf 81' lang='lat' dir='ltr'><strong>fratris</strong></span> <span class='ocrx_word' id='word_1_235' title='bbox 1536 2039 1544 2089; x_wconf 92' lang='lat'>3</span> 
     </span>
    </p>

    <p class='ocr_par' dir='ltr' id='par_1_9' title="bbox 56 2108 1733 2643">
     <span class='ocr_line' id='line_1_21' title="bbox 63 2108 1628 2184; baseline 0.002 -19"><span class='ocrx_word' id='word_1_236' title='bbox 63 2113 100 2165; x_wconf 77' lang='lat' dir='ltr'><strong>hc</strong></span> <span class='ocrx_word' id='word_1_237' title='bbox 115 2109 444 2183; x_wconf 83' lang='lat' dir='ltr'><strong>reputensimperlectum</strong></span> <span class='ocrx_word' id='word_1_238' title='bbox 458 2128 555 2184; x_wconf 89' lang='lat' dir='ltr'><strong>parere</strong></span> <span class='ocrx_word' id='word_1_239' title='bbox 570 2114 703 2182; x_wconf 84' lang='lat' dir='ltr'><strong>vicissim,</strong></span> <span class='ocrx_word' id='word_1_240' title='bbox 926 2108 1060 2180; x_wconf 85' lang='lat' dir='ltr'><strong>huicque,</strong></span> <span class='ocrx_word' id='word_1_241' title='bbox 1076 2108 1182 2180; x_wconf 88' lang='lat' dir='ltr'><strong>pudore</strong></span> <span class='ocrx_word' id='word_1_242' title='bbox 1197 2108 1245 2164; x_wconf 93' lang='lat' dir='ltr'><strong>diu</strong></span> <span class='ocrx_word' id='word_1_243' title='bbox 1258 2125 1406 2181; x_wconf 86' lang='lat' dir='ltr'><strong>suppressa</strong></span> <span class='ocrx_word' id='word_1_244' title='bbox 1419 2126 1498 2178; x_wconf 82' lang='lat' dir='ltr'><strong>voce,</strong></span> <span class='ocrx_word' id='word_1_245' title='bbox 1512 2112 1628 2168; x_wconf 91' lang='lat' dir='ltr'><strong>silenter</strong></span> 
     </span>
     <span class='ocr_line' id='line_1_22' title="bbox 61 2199 1697 2274; baseline 0.004 -22"><span class='ocrx_word' id='word_1_246' title='bbox 61 2201 119 2256; x_wconf 77' lang='lat' dir='ltr'><strong>Nec</strong></span> <span class='ocrx_word' id='word_1_247' title='bbox 133 2199 201 2255; x_wconf 89' lang='lat' dir='ltr'><strong>satis</strong></span> <span class='ocrx_word' id='word_1_248' title='bbox 213 2216 273 2256; x_wconf 86' lang='lat' dir='ltr'><strong>esse</strong></span> <span class='ocrx_word' id='word_1_249' title='bbox 288 2208 387 2258; x_wconf 82' lang='lat' dir='ltr'><strong>tenens</strong></span> <span class='ocrx_word' id='word_1_250' title='bbox 400 2203 453 2258; x_wconf 83' lang='lat' dir='ltr'><strong>utri</strong></span> <span class='ocrx_word' id='word_1_251' title='bbox 469 2203 608 2261; x_wconf 78' lang='lat' dir='ltr'><strong>deserviat</strong></span> <span class='ocrx_word' id='word_1_252' title='bbox 619 2204 699 2272; x_wconf 71' lang='lat' dir='ltr'><strong>alter,</strong></span> <span class='ocrx_word' id='word_1_253' title='bbox 928 2200 1075 2266; x_wconf 74' lang='lat' dir='ltr'><strong>assistens,</strong></span> <span class='ocrx_word' id='word_1_254' title='bbox 1086 2214 1197 2254; x_wconf 89' lang='lat' dir='ltr'><strong>cansam</strong></span> <span class='ocrx_word' id='word_1_255' title='bbox 1213 2199 1325 2270; x_wconf 89' lang='lat' dir='ltr'><strong>stupido</strong></span> <span class='ocrx_word' id='word_1_256' title='bbox 1335 2200 1447 2257; x_wconf 88' lang='lat' dir='ltr'><strong>taudem</strong></span> <span class='ocrx_word' id='word_1_257' title='bbox 1466 2202 1565 2258; x_wconf 88' lang='lat' dir='ltr'><strong>ordine</strong></span> <span class='ocrx_word' id='word_1_258' title='bbox 1581 2203 1697 2274; x_wconf 87' lang='lat' dir='ltr'><strong>pandit3</strong></span> 
     </span>
     <span class='ocr_line' id='line_1_23' title="bbox 58 2292 1682 2374; baseline 0.01 -26"><span class='ocrx_word' id='word_1_259' title='bbox 58 2296 86 2349; x_wconf 80' lang='lat' dir='ltr'><strong>si</strong></span> <span class='ocrx_word' id='word_1_260' title='bbox 103 2295 171 2368; x_wconf 94' lang='lat' dir='ltr'><strong>quid</strong></span> <span class='ocrx_word' id='word_1_261' title='bbox 186 2296 213 2351; x_wconf 93' lang='lat' dir='ltr'><strong>in</strong></span> <span class='ocrx_word' id='word_1_262' title='bbox 228 2295 361 2353; x_wconf 88' lang='lat' dir='ltr'><strong>alterutro</strong></span> <span class='ocrx_word' id='word_1_263' title='bbox 374 2296 457 2354; x_wconf 89' lang='lat' dir='ltr'><strong>liceat</strong></span> <span class='ocrx_word' id='word_1_264' title='bbox 471 2304 635 2370; x_wconf 80' lang='lat' dir='ltr'><strong>praestanter</strong></span> <span class='ocrx_word' id='word_1_265' title='bbox 648 2301 770 2374; x_wconf 89' lang='lat' dir='ltr'><strong>utrique,</strong></span> <span class='ocrx_word' id='word_1_266' title='bbox 927 2296 987 2366; x_wconf 72' lang='lat'><strong>¹9⁵⁰</strong></span> <span class='ocrx_word' id='word_1_267' title='bbox 998 2292 1050 2348; x_wconf 61' lang='lat' dir='ltr'><strong>Sibi</strong></span> <span class='ocrx_word' id='word_1_268' title='bbox 1067 2308 1177 2363; x_wconf 61' lang='lat' dir='ltr'><strong>lloenaffl</strong></span> <span class='ocrx_word' id='word_1_269' title='bbox 1190 2299 1327 2360; x_wconf 59' lang='lat' dir='ltr'><strong>Silium,</strong></span> <span class='ocrx_word' id='word_1_270' title='bbox 1347 2309 1467 2366; x_wconf 62' lang='lat' dir='ltr'><strong>Uimque</strong></span> <span class='ocrx_word' id='word_1_271' title='bbox 1478 2295 1576 2351; x_wconf 60' lang='lat' dir='ltr'><strong>”bille</strong></span> <span class='ocrx_word' id='word_1_272' title='bbox 1586 2297 1682 2364; x_wconf 57' lang='lat' dir='ltr'><strong>wissa,</strong></span> 
     </span>
     <span class='ocr_line' id='line_1_24' title="bbox 60 2384 1626 2462; baseline 0.003 -24"><span class='ocrx_word' id='word_1_273' title='bbox 60 2384 233 2459; x_wconf 76' lang='lat' dir='ltr'><strong>Aggrediene</strong></span> <span class='ocrx_word' id='word_1_274' title='bbox 247 2399 380 2453; x_wconf 89' lang='lat' dir='ltr'><strong>eremum,</strong></span> <span class='ocrx_word' id='word_1_275' title='bbox 390 2387 471 2441; x_wconf 72' lang='lat' dir='ltr'><strong>celsae</strong></span> <span class='ocrx_word' id='word_1_276' title='bbox 484 2386 553 2458; x_wconf 89' lang='lat' dir='ltr'><strong>petit</strong></span> <span class='ocrx_word' id='word_1_277' title='bbox 571 2388 657 2444; x_wconf 84' lang='lat' dir='ltr'><strong>ardua</strong></span> <span class='ocrx_word' id='word_1_278' title='bbox 677 2390 764 2462; x_wconf 89' lang='lat' dir='ltr'><strong>rupis,</strong></span> <span class='ocrx_word' id='word_1_279' title='bbox 926 2385 1030 2460; x_wconf 84' lang='lat' dir='ltr'><strong>ingerit</strong></span> <span class='ocrx_word' id='word_1_280' title='bbox 1049 2385 1218 2456; x_wconf 82' lang='lat' dir='ltr'><strong>insertatque</strong></span> <span class='ocrx_word' id='word_1_281' title='bbox 1230 2400 1336 2452; x_wconf 86' lang='lat' dir='ltr'><strong>manus,</strong></span> <span class='ocrx_word' id='word_1_282' title='bbox 1350 2387 1502 2459; x_wconf 88' lang='lat' dir='ltr'><strong>cuneisque</strong></span> <span class='ocrx_word' id='word_1_283' title='bbox 1514 2387 1626 2443; x_wconf 87' lang='lat' dir='ltr'><strong>cicatrix</strong></span> 
     </span>
     <span class='ocr_line' id='line_1_25' title="bbox 56 2472 1733 2553; baseline 0.007 -28"><span class='ocrx_word' id='word_1_284' title='bbox 56 2472 222 2544; x_wconf 82' lang='lat' dir='ltr'><strong>spelaeoque</strong></span> <span class='ocrx_word' id='word_1_285' title='bbox 236 2474 376 2530; x_wconf 88' lang='lat' dir='ltr'><strong>sedetsub</strong></span> <span class='ocrx_word' id='word_1_286' title='bbox 391 2490 446 2547; x_wconf 92' lang='lat' dir='ltr'><strong>quo</strong></span> <span class='ocrx_word' id='word_1_287' title='bbox 465 2474 639 2547; x_wconf 73' lang='lat' dir='ltr'><strong>praeterfluus</strong></span> <span class='ocrx_word' id='word_1_288' title='bbox 655 2478 745 2533; x_wconf 88' lang='lat' dir='ltr'><strong>amnis</strong></span> <span class='ocrx_word' id='word_1_289' title='bbox 922 2477 1081 2551; x_wconf 87' lang='lat' dir='ltr'><strong>Stringitur,</strong></span> <span class='ocrx_word' id='word_1_290' title='bbox 1098 2476 1221 2532; x_wconf 74' lang='lat' dir='ltr'><strong>arboreae</strong></span> <span class='ocrx_word' id='word_1_291' title='bbox 1235 2485 1337 2532; x_wconf 89' lang='lat' dir='ltr'><strong>coeunt</strong></span> <span class='ocrx_word' id='word_1_292' title='bbox 1361 2476 1449 2553; x_wconf 69' lang='lat' dir='ltr'><strong>plagae</strong></span> <span class='ocrx_word' id='word_1_293' title='bbox 1470 2479 1603 2551; x_wconf 89' lang='lat' dir='ltr'><strong>nudique.</strong></span> <span class='ocrx_word' id='word_1_294' title='bbox 1620 2480 1733 2538; x_wconf 88' lang='lat' dir='ltr'><strong>Summo</strong></span> 
     </span>
     <span class='ocr_line' id='line_1_26' title="bbox 57 2563 1506 2643; baseline 0.005 -25"><span class='ocrx_word' id='word_1_295' title='bbox 57 2563 213 2634; x_wconf 76' lang='lat' dir='ltr'><strong>Abruptum</strong></span> <span class='ocrx_word' id='word_1_296' title='bbox 226 2563 304 2620; x_wconf 80' lang='lat' dir='ltr'><strong>bifidi</strong></span> <span class='ocrx_word' id='word_1_297' title='bbox 317 2566 409 2622; x_wconf 89' lang='lat' dir='ltr'><strong>lateris</strong></span> <span class='ocrx_word' id='word_1_298' title='bbox 421 2566 544 2643; x_wconf 87' lang='lat' dir='ltr'><strong>signarat</strong></span> <span class='ocrx_word' id='word_1_299' title='bbox 562 2568 683 2641; x_wconf 89' lang='lat' dir='ltr'><strong>utrique,</strong></span> <span class='ocrx_word' id='word_1_300' title='bbox 924 2568 1049 2626; x_wconf 88' lang='lat' dir='ltr'><strong>Pontifici</strong></span> <span class='ocrx_word' id='word_1_301' title='bbox 1064 2569 1147 2624; x_wconf 80' lang='lat' dir='ltr'><strong>irater</strong></span> <span class='ocrx_word' id='word_1_302' title='bbox 1157 2567 1250 2623; x_wconf 84' lang='lat' dir='ltr'><strong>fratris</strong></span> <span class='ocrx_word' id='word_1_303' title='bbox 1264 2575 1369 2639; x_wconf 87' lang='lat' dir='ltr'><strong>patrata</strong></span> <span class='ocrx_word' id='word_1_304' title='bbox 1384 2569 1506 2635; x_wconf 86' lang='lat' dir='ltr'><strong>revelat3</strong></span> 
     </span>
    </p>

    <p class='ocr_par' dir='ltr' id='par_1_10' title="bbox 56 2654 1590 2731">
     <span class='ocr_line' id='line_1_27' title="bbox 56 2654 1590 2731; baseline 0.005 -22"><span class='ocrx_word' id='word_1_305' title='bbox 56 2654 108 2709; x_wconf 81' lang='lat' dir='ltr'><strong>Vix</strong></span> <span class='ocrx_word' id='word_1_306' title='bbox 123 2655 172 2710; x_wconf 90' lang='lat' dir='ltr'><strong>uni</strong></span> <span class='ocrx_word' id='word_1_307' title='bbox 183 2655 333 2728; x_wconf 85' lang='lat' dir='ltr'><strong>hospitium</strong></span> <span class='ocrx_word' id='word_1_308' title='bbox 348 2665 432 2730; x_wconf 90' lang='lat' dir='ltr'><strong>queat</strong></span> <span class='ocrx_word' id='word_1_309' title='bbox 451 2666 480 2714; x_wconf 94' lang='lat' dir='ltr'><strong>ut</strong></span> <span class='ocrx_word' id='word_1_310' title='bbox 490 2658 613 2715; x_wconf 89' lang='lat' dir='ltr'><strong>dormire</strong></span> <span class='ocrx_word' id='word_1_311' title='bbox 631 2660 756 2716; x_wconf 88' lang='lat' dir='ltr'><strong>sedendo</strong></span> <span class='ocrx_word' id='word_1_312' title='bbox 773 2677 780 2716; x_wconf 91' lang='lat'><strong>:</strong></span> <span class='ocrx_word' id='word_1_313' title='bbox 924 2661 974 2726; x_wconf 78' lang='lat' dir='ltr'><strong>Qui</strong></span> <span class='ocrx_word' id='word_1_314' title='bbox 989 2660 1104 2716; x_wconf 83' lang='lat' dir='ltr'><strong>veniens</strong></span> <span class='ocrx_word' id='word_1_315' title='bbox 1117 2659 1206 2731; x_wconf 91' lang='lat' dir='ltr'><strong>primo</strong></span> <span class='ocrx_word' id='word_1_316' title='bbox 1221 2661 1451 2716; x_wconf 83' lang='lat' dir='ltr'><strong>conatursolvere</strong></span> <span class='ocrx_word' id='word_1_317' title='bbox 1465 2676 1565 2717; x_wconf 82' lang='lat' dir='ltr'><strong>nexum</strong></span> <span class='ocrx_word' id='word_1_318' title='bbox 1583 2679 1590 2716; x_wconf 76' lang='grc' dir='ltr'>ε</span> 
     </span>
    </p>
   </div>
   <div class='ocr_carea' id='block_1_7' title="bbox 55 2743 1637 2922">
    <p class='ocr_par' dir='ltr' id='par_1_11' title="bbox 55 2743 1637 2922">
     <span class='ocr_line' id='line_1_28' title="bbox 55 2743 1637 2826; baseline 0.008 -28"><span class='ocrx_word' id='word_1_319' title='bbox 55 2743 86 2799; x_wconf 88' lang='lat' dir='ltr'><strong>Si</strong></span> <span class='ocrx_word' id='word_1_320' title='bbox 100 2743 209 2799; x_wconf 88' lang='lat' dir='ltr'><strong>socium</strong></span> <span class='ocrx_word' id='word_1_321' title='bbox 220 2743 322 2815; x_wconf 88' lang='lat' dir='ltr'><strong>capiat,</strong></span> <span class='ocrx_word' id='word_1_322' title='bbox 336 2744 454 2820; x_wconf 80' lang='lat' dir='ltr'><strong>uigilans</strong></span> <span class='ocrx_word' id='word_1_323' title='bbox 468 2746 559 2802; x_wconf 88' lang='lat' dir='ltr'><strong>orabit</strong></span> <span class='ocrx_word' id='word_1_324' title='bbox 573 2754 600 2802; x_wconf 92' lang='lat' dir='ltr'><strong>et</strong></span> <span class='ocrx_word' id='word_1_325' title='bbox 617 2756 712 2803; x_wconf 85' lang='lat' dir='ltr'><strong>astaus</strong></span> <span class='ocrx_word' id='word_1_326' title='bbox 727 2764 734 2813; x_wconf 90' lang='lat'>3</span> <span class='ocrx_word' id='word_1_327' title='bbox 924 2754 1013 2826; x_wconf 88' lang='lat' dir='ltr'><strong>thue</strong></span> <span class='ocrx_word' id='word_1_328' title='bbox 1027 2753 1206 2809; x_wconf 87' lang='lat' dir='ltr'><strong>reluctantem</strong></span> <span class='ocrx_word' id='word_1_329' title='bbox 1222 2753 1323 2820; x_wconf 84' lang='lat' dir='ltr'><strong>cernit,</strong></span> <span class='ocrx_word' id='word_1_330' title='bbox 1339 2753 1491 2819; x_wconf 88' lang='lat' dir='ltr'><strong>benedicit,</strong></span> <span class='ocrx_word' id='word_1_331' title='bbox 1511 2761 1540 2810; x_wconf 90' lang='lat' dir='ltr'><strong>et</strong></span> <span class='ocrx_word' id='word_1_332' title='bbox 1553 2770 1637 2811; x_wconf 91' lang='lat' dir='ltr'><strong>orans</strong></span> 
     </span>
     <span class='ocr_line' id='line_1_29' title="bbox 58 2831 1619 2922; baseline 0.013 -37"><span class='ocrx_word' id='word_1_333' title='bbox 58 2831 154 2887; x_wconf 78' lang='lat' dir='ltr'><strong>Edidit</strong></span> <span class='ocrx_word' id='word_1_334' title='bbox 166 2831 296 2888; x_wconf 90' lang='lat' dir='ltr'><strong>ostiolum</strong></span> <span class='ocrx_word' id='word_1_335' title='bbox 310 2833 387 2890; x_wconf 88' lang='lat' dir='ltr'><strong>leuto</strong></span> <span class='ocrx_word' id='word_1_336' title='bbox 401 2833 473 2889; x_wconf 90' lang='lat' dir='ltr'><strong>dane</strong></span> <span class='ocrx_word' id='word_1_337' title='bbox 485 2834 588 2890; x_wconf 76' lang='lat' dir='ltr'><strong>simine</strong></span> <span class='ocrx_word' id='word_1_338' title='bbox 602 2835 766 2904; x_wconf 80' lang='lat' dir='ltr'><strong>claustrum,</strong></span> <span class='ocrx_word' id='word_1_339' title='bbox 926 2847 1104 2919; x_wconf 72' lang='lat' dir='ltr'><strong>compatitur,</strong></span> <span class='ocrx_word' id='word_1_340' title='bbox 1119 2847 1242 2914; x_wconf 81' lang='lat' dir='ltr'><strong>retovet3</strong></span> <span class='ocrx_word' id='word_1_341' title='bbox 1258 2847 1360 2914; x_wconf 88' lang='lat' dir='ltr'><strong>munit,</strong></span> <span class='ocrx_word' id='word_1_342' title='bbox 1373 2848 1477 2903; x_wconf 88' lang='lat' dir='ltr'><strong>solatur</strong></span> <span class='ocrx_word' id='word_1_343' title='bbox 1495 2849 1619 2922; x_wconf 88' lang='lat' dir='ltr'><strong>abitque.</strong></span> 
     </span>
    </p>
   </div>
   <div class='ocr_carea' id='block_1_8' title="bbox 55 2925 1680 4818">
    <p class='ocr_par' dir='ltr' id='par_1_12' title="bbox 55 2925 1538 3011">
     <span class='ocr_line' id='line_1_30' title="bbox 55 2925 1538 3011; baseline 0.009 -29"><span class='ocrx_word' id='word_1_344' title='bbox 55 2927 192 2982; x_wconf 79' lang='lat' dir='ltr'><strong>Assiduus</strong></span> <span class='ocrx_word' id='word_1_345' title='bbox 201 2925 283 2995; x_wconf 89' lang='lat' dir='ltr'><strong>lectu,</strong></span> <span class='ocrx_word' id='word_1_346' title='bbox 295 2928 479 3001; x_wconf 81' lang='lat' dir='ltr'><strong>precibusque</strong></span> <span class='ocrx_word' id='word_1_347' title='bbox 497 2929 612 2985; x_wconf 85' lang='lat' dir='ltr'><strong>vacabat</strong></span> <span class='ocrx_word' id='word_1_348' title='bbox 624 2931 755 2987; x_wconf 86' lang='lat' dir='ltr'><strong>anhelus.</strong></span> <span class='ocrx_word' id='word_1_349' title='bbox 926 2944 957 2998; x_wconf 81' lang='grc' dir='ltr'><strong>Αι</strong></span> <span class='ocrx_word' id='word_1_350' title='bbox 966 2941 1007 2995; x_wconf 82' lang='lat' dir='ltr'><strong>vir</strong></span> <span class='ocrx_word' id='word_1_351' title='bbox 1020 2938 1187 3011; x_wconf 80' lang='lat' dir='ltr'><strong>pervalidus,</strong></span> <span class='ocrx_word' id='word_1_352' title='bbox 1207 2944 1283 2995; x_wconf 90' lang='lat' dir='ltr'><strong>tanto</strong></span> <span class='ocrx_word' id='word_1_353' title='bbox 1298 2938 1447 2995; x_wconf 83' lang='lat' dir='ltr'><strong>vincimine</strong></span> <span class='ocrx_word' id='word_1_354' title='bbox 1457 2936 1538 3008; x_wconf 86' lang='lat' dir='ltr'><strong>fixus,</strong></span> 
     </span>
    </p>

    <p class='ocr_par' dir='ltr' id='par_1_13' title="bbox 57 3005 1634 3282">
     <span class='ocr_line' id='line_1_31' title="bbox 57 3005 1634 3101; baseline 0.008 -28"><span class='ocrx_word' id='word_1_355' title='bbox 57 3019 118 3074; x_wconf 75' lang='lat' dir='ltr'><strong>Nou</strong></span> <span class='ocrx_word' id='word_1_356' title='bbox 132 3005 194 3075; x_wconf 88' lang='lat' dir='ltr'><strong>tulit</strong></span> <span class='ocrx_word' id='word_1_357' title='bbox 207 3019 268 3074; x_wconf 82' lang='lat' dir='ltr'><strong>haee</strong></span> <span class='ocrx_word' id='word_1_358' title='bbox 280 3034 398 3075; x_wconf 87' lang='lat' dir='ltr'><strong>cernens</strong></span> <span class='ocrx_word' id='word_1_359' title='bbox 410 3020 522 3092; x_wconf 89' lang='lat' dir='ltr'><strong>pietatis</strong></span> <span class='ocrx_word' id='word_1_360' title='bbox 537 3021 639 3077; x_wconf 86' lang='lat' dir='ltr'><strong>lividus</strong></span> <span class='ocrx_word' id='word_1_361' title='bbox 654 3022 743 3078; x_wconf 88' lang='lat' dir='ltr'><strong>hostis</strong></span> <span class='ocrx_word' id='word_1_362' title='bbox 757 3040 764 3091; x_wconf 88' lang='lat'>3</span> <span class='ocrx_word' id='word_1_363' title='bbox 925 3029 1008 3085; x_wconf 81' lang='lat' dir='ltr'><strong>Funis</strong></span> <span class='ocrx_word' id='word_1_364' title='bbox 1022 3026 1300 3083; x_wconf 84' lang='lat' dir='ltr'><strong>duntaxatmodicum</strong></span> <span class='ocrx_word' id='word_1_365' title='bbox 1315 3026 1490 3100; x_wconf 71' lang='lat' dir='ltr'><strong>lymphaque</strong></span> <span class='ocrx_word' id='word_1_366' title='bbox 1499 3029 1634 3101; x_wconf 89' lang='lat' dir='ltr'><strong>liquorem</strong></span> 
     </span>
     <span class='ocr_line' id='line_1_32' title="bbox 59 3072 1592 3186; baseline 0.007 -22"><span class='ocrx_word' id='word_1_367' title='bbox 59 3108 258 3182; x_wconf 80' lang='lat' dir='ltr'><strong>lifingeusque</strong></span> <span class='ocrx_word' id='word_1_368' title='bbox 273 3109 378 3179; x_wconf 91' lang='lat' dir='ltr'><strong>dolum,</strong></span> <span class='ocrx_word' id='word_1_369' title='bbox 393 3112 596 3168; x_wconf 81' lang='lat' dir='ltr'><strong>teuereinduit</strong></span> <span class='ocrx_word' id='word_1_370' title='bbox 609 3127 659 3169; x_wconf 88' lang='lat' dir='ltr'><strong>ora</strong></span> <span class='ocrx_word' id='word_1_371' title='bbox 676 3113 787 3184; x_wconf 80' lang='lat' dir='ltr'><strong>puellae.</strong></span> <span class='ocrx_word' id='word_1_372' title='bbox 888 3072 1103 3173; x_wconf 80' lang='lat' dir='ltr'><strong>CHebdomade</strong></span> <span class='ocrx_word' id='word_1_373' title='bbox 1119 3114 1207 3186; x_wconf 88' lang='lat' dir='ltr'><strong>prima</strong></span> <span class='ocrx_word' id='word_1_374' title='bbox 1222 3115 1359 3185; x_wconf 87' lang='lat' dir='ltr'><strong>capiebat,</strong></span> <span class='ocrx_word' id='word_1_375' title='bbox 1374 3115 1459 3171; x_wconf 84' lang='lat' dir='ltr'><strong>tratre</strong></span> <span class='ocrx_word' id='word_1_376' title='bbox 1469 3124 1592 3186; x_wconf 88' lang='lat' dir='ltr'><strong>coaetus,</strong></span> 
     </span>
     <span class='ocr_line' id='line_1_33' title="bbox 58 3203 1517 3282; baseline 0.003 -23"><span class='ocrx_word' id='word_1_377' title='bbox 58 3204 127 3260; x_wconf 77' lang='lat' dir='ltr'><strong>Ante</strong></span> <span class='ocrx_word' id='word_1_378' title='bbox 143 3203 272 3276; x_wconf 78' lang='lat' dir='ltr'><strong>foresque</strong></span> <span class='ocrx_word' id='word_1_379' title='bbox 286 3203 336 3260; x_wconf 82' lang='lat' dir='ltr'><strong>viti</strong></span> <span class='ocrx_word' id='word_1_380' title='bbox 350 3204 527 3278; x_wconf 86' lang='lat' dir='ltr'><strong>ingeminans</strong></span> <span class='ocrx_word' id='word_1_381' title='bbox 539 3205 672 3262; x_wconf 88' lang='lat' dir='ltr'><strong>ululantia</strong></span> <span class='ocrx_word' id='word_1_382' title='bbox 691 3206 776 3263; x_wconf 89' lang='lat' dir='ltr'><strong>verha</strong></span> <span class='ocrx_word' id='word_1_383' title='bbox 790 3224 798 3261; x_wconf 90' lang='lat'>:</span> <span class='ocrx_word' id='word_1_384' title='bbox 923 3208 973 3274; x_wconf 81' lang='lat' dir='ltr'><strong>Qui</strong></span> <span class='ocrx_word' id='word_1_385' title='bbox 993 3208 1066 3264; x_wconf 87' lang='lat' dir='ltr'><strong>victu</strong></span> <span class='ocrx_word' id='word_1_386' title='bbox 1080 3207 1165 3263; x_wconf 87' lang='lat' dir='ltr'><strong>simili</strong></span> <span class='ocrx_word' id='word_1_387' title='bbox 1182 3206 1290 3276; x_wconf 80' lang='lat' dir='ltr'><strong>ieiunia</strong></span> <span class='ocrx_word' id='word_1_388' title='bbox 1304 3205 1387 3282; x_wconf 88' lang='lat' dir='ltr'><strong>louge</strong></span> <span class='ocrx_word' id='word_1_389' title='bbox 1397 3207 1517 3272; x_wconf 85' lang='lat' dir='ltr'><strong>levabat,</strong></span> 
     </span>
    </p>

    <p class='ocr_par' dir='ltr' id='par_1_14' title="bbox 56 3294 1680 4009">
     <span class='ocr_line' id='line_1_34' title="bbox 60 3294 1680 3376; baseline 0.006 -30"><span class='ocrx_word' id='word_1_390' title='bbox 60 3318 71 3346; x_wconf 80' lang='grc' dir='ltr'>ι</span> <span class='ocrx_word' id='word_1_391' title='bbox 88 3297 148 3352; x_wconf 85' lang='lat' dir='ltr'><strong>ileu</strong></span> <span class='ocrx_word' id='word_1_392' title='bbox 163 3295 228 3352; x_wconf 89' lang='lat' dir='ltr'><strong>mel</strong></span> <span class='ocrx_word' id='word_1_393' title='bbox 249 3294 320 3364; x_wconf 84' lang='lat' dir='ltr'><strong>infit,</strong></span> <span class='ocrx_word' id='word_1_394' title='bbox 335 3296 475 3364; x_wconf 85' lang='lat' dir='ltr'><strong>miseram,</strong></span> <span class='ocrx_word' id='word_1_395' title='bbox 489 3298 576 3364; x_wconf 83' lang='lat' dir='ltr'><strong>sileio,</strong></span> <span class='ocrx_word' id='word_1_396' title='bbox 592 3314 697 3365; x_wconf 85' lang='lat' dir='ltr'><strong>errore,</strong></span> <span class='ocrx_word' id='word_1_397' title='bbox 710 3298 836 3355; x_wconf 85' lang='lat' dir='ltr'><strong>tenebris</strong></span> <span class='ocrx_word' id='word_1_398' title='bbox 922 3294 979 3357; x_wconf 89' lang='lat' dir='ltr'><strong>Pro&#39;</strong></span> <span class='ocrx_word' id='word_1_399' title='bbox 988 3299 1080 3356; x_wconf 81' lang='lat' dir='ltr'><strong>fratris</strong></span> <span class='ocrx_word' id='word_1_400' title='bbox 1090 3300 1170 3371; x_wconf 89' lang='lat' dir='ltr'><strong>lapsu</strong></span> <span class='ocrx_word' id='word_1_401' title='bbox 1183 3298 1262 3370; x_wconf 89' lang='lat' dir='ltr'><strong>parili</strong></span> <span class='ocrx_word' id='word_1_402' title='bbox 1278 3312 1360 3355; x_wconf 87' lang='lat' dir='ltr'><strong>cruce</strong></span> <span class='ocrx_word' id='word_1_403' title='bbox 1379 3300 1624 3376; x_wconf 85' lang='lat' dir='ltr'><strong>semetadurgene.</strong></span> <span class='ocrx_word' id='word_1_404' title='bbox 1677 3302 1680 3307; x_wconf 83' lang='grc'><strong>’</strong></span> 
     </span>
     <span class='ocr_line' id='line_1_35' title="bbox 57 3387 1597 3468; baseline -0.001 -22"><span class='ocrx_word' id='word_1_405' title='bbox 57 3391 224 3463; x_wconf 75' lang='lat' dir='ltr'><strong>solivagam,</strong></span> <span class='ocrx_word' id='word_1_406' title='bbox 244 3390 424 3467; x_wconf 89' lang='lat' dir='ltr'><strong>ignaramque</strong></span> <span class='ocrx_word' id='word_1_407' title='bbox 443 3390 496 3448; x_wconf 92' lang='lat' dir='ltr'><strong>loci</strong></span> <span class='ocrx_word' id='word_1_408' title='bbox 508 3391 642 3464; x_wconf 89' lang='lat' dir='ltr'><strong>callisque</strong></span> <span class='ocrx_word' id='word_1_409' title='bbox 659 3393 764 3468; x_wconf 87' lang='lat' dir='ltr'><strong>negati,</strong></span> <span class='ocrx_word' id='word_1_410' title='bbox 923 3389 1068 3446; x_wconf 83' lang='lat' dir='ltr'><strong>volventes</strong></span> <span class='ocrx_word' id='word_1_411' title='bbox 1086 3388 1192 3443; x_wconf 87' lang='lat' dir='ltr'><strong>hiemes</strong></span> <span class='ocrx_word' id='word_1_412' title='bbox 1205 3387 1288 3455; x_wconf 86' lang='lat' dir='ltr'><strong>hujus</strong></span> <span class='ocrx_word' id='word_1_413' title='bbox 1297 3395 1354 3442; x_wconf 91' lang='lat' dir='ltr'><strong>tres</strong></span> <span class='ocrx_word' id='word_1_414' title='bbox 1364 3388 1488 3458; x_wconf 88' lang='lat' dir='ltr'><strong>pondere</strong></span> <span class='ocrx_word' id='word_1_415' title='bbox 1503 3390 1597 3445; x_wconf 79' lang='lat' dir='ltr'><strong>multe</strong></span> 
     </span>
     <span class='ocr_line' id='line_1_36' title="bbox 58 3475 1563 3552; baseline 0 -18"><span class='ocrx_word' id='word_1_416' title='bbox 58 3479 191 3552; x_wconf 73' lang='lat' dir='ltr'><strong>Quisquis</strong></span> <span class='ocrx_word' id='word_1_417' title='bbox 203 3478 319 3535; x_wconf 88' lang='lat' dir='ltr'><strong>esistiue</strong></span> <span class='ocrx_word' id='word_1_418' title='bbox 333 3480 502 3536; x_wconf 80' lang='lat' dir='ltr'><strong>venerabilis</strong></span> <span class='ocrx_word' id='word_1_419' title='bbox 517 3480 607 3536; x_wconf 89' lang='lat' dir='ltr'><strong>incola</strong></span> <span class='ocrx_word' id='word_1_420' title='bbox 626 3483 724 3549; x_wconf 84' lang='lat' dir='ltr'><strong>saltus,</strong></span> <span class='ocrx_word' id='word_1_421' title='bbox 921 3479 989 3535; x_wconf 89' lang='lat' dir='ltr'><strong>lliuc</strong></span> <span class='ocrx_word' id='word_1_422' title='bbox 1003 3477 1133 3533; x_wconf 82' lang='lat' dir='ltr'><strong>Victorini</strong></span> <span class='ocrx_word' id='word_1_423' title='bbox 1147 3475 1213 3531; x_wconf 90' lang='lat' dir='ltr'><strong>dum</strong></span> <span class='ocrx_word' id='word_1_424' title='bbox 1226 3476 1283 3547; x_wconf 82' lang='lat' dir='ltr'><strong>jam</strong></span> <span class='ocrx_word' id='word_1_425' title='bbox 1299 3477 1431 3547; x_wconf 89' lang='lat' dir='ltr'><strong>patientia</strong></span> <span class='ocrx_word' id='word_1_426' title='bbox 1446 3485 1563 3534; x_wconf 85' lang='lat' dir='ltr'><strong>cunctos</strong></span> 
     </span>
     <span class='ocr_line' id='line_1_37' title="bbox 57 3567 1559 3646; baseline 0 -21"><span class='ocrx_word' id='word_1_427' title='bbox 57 3570 194 3626; x_wconf 75' lang='lat' dir='ltr'><strong>Virtutum</strong></span> <span class='ocrx_word' id='word_1_428' title='bbox 210 3569 309 3626; x_wconf 84' lang='lat' dir='ltr'><strong>lamam</strong></span> <span class='ocrx_word' id='word_1_429' title='bbox 321 3569 545 3645; x_wconf 87' lang='lat' dir='ltr'><strong>polusuudique,</strong></span> <span class='ocrx_word' id='word_1_430' title='bbox 560 3578 589 3628; x_wconf 92' lang='lat' dir='ltr'><strong>et</strong></span> <span class='ocrx_word' id='word_1_431' title='bbox 604 3574 729 3646; x_wconf 89' lang='lat' dir='ltr'><strong>undique</strong></span> <span class='ocrx_word' id='word_1_432' title='bbox 744 3574 832 3643; x_wconf 76' lang='lat' dir='ltr'><strong>silva,</strong></span> <span class='ocrx_word' id='word_1_433' title='bbox 920 3568 1052 3635; x_wconf 89' lang='lat' dir='ltr'><strong>lullectit,</strong></span> <span class='ocrx_word' id='word_1_434' title='bbox 1065 3568 1177 3623; x_wconf 89' lang='lat' dir='ltr'><strong>rediens</strong></span> <span class='ocrx_word' id='word_1_435' title='bbox 1192 3567 1342 3640; x_wconf 79' lang='lat' dir='ltr'><strong>praeeulrix</strong></span> <span class='ocrx_word' id='word_1_436' title='bbox 1359 3583 1460 3645; x_wconf 89' lang='lat' dir='ltr'><strong>cogere</strong></span> <span class='ocrx_word' id='word_1_437' title='bbox 1472 3568 1559 3625; x_wconf 82' lang='lat' dir='ltr'><strong>vincit</strong></span> 
     </span>
     <span class='ocr_line' id='line_1_38' title="bbox 58 3656 1626 3740; baseline -0.002 -22"><span class='ocrx_word' id='word_1_438' title='bbox 58 3663 250 3736; x_wconf 79' lang='lat' dir='ltr'><strong>driminmque</strong></span> <span class='ocrx_word' id='word_1_439' title='bbox 268 3663 420 3736; x_wconf 87' lang='lat' dir='ltr'><strong>loquuntur</strong></span> <span class='ocrx_word' id='word_1_440' title='bbox 431 3680 512 3736; x_wconf 91' lang='lat' dir='ltr'><strong>opus,</strong></span> <span class='ocrx_word' id='word_1_441' title='bbox 523 3664 715 3724; x_wconf 78' lang='lat' dir='ltr'><strong>frendentibus</strong></span> <span class='ocrx_word' id='word_1_442' title='bbox 725 3669 798 3740; x_wconf 74' lang='lat' dir='ltr'><strong>apris</strong></span> <span class='ocrx_word' id='word_1_443' title='bbox 922 3659 1056 3715; x_wconf 79' lang='lat' dir='ltr'><strong>Carnibus</strong></span> <span class='ocrx_word' id='word_1_444' title='bbox 1075 3656 1229 3729; x_wconf 88' lang='lat' dir='ltr'><strong>absumptis</strong></span> <span class='ocrx_word' id='word_1_445' title='bbox 1243 3657 1318 3713; x_wconf 89' lang='lat' dir='ltr'><strong>sinat</strong></span> <span class='ocrx_word' id='word_1_446' title='bbox 1331 3665 1362 3713; x_wconf 93' lang='lat' dir='ltr'><strong>nt</strong></span> <span class='ocrx_word' id='word_1_447' title='bbox 1376 3666 1512 3714; x_wconf 89' lang='lat' dir='ltr'><strong>tormenta</strong></span> <span class='ocrx_word' id='word_1_448' title='bbox 1526 3659 1626 3715; x_wconf 83' lang='lat' dir='ltr'><strong>resolui</strong></span> 
     </span>
     <span class='ocr_line' id='line_1_39' title="bbox 58 3749 1624 3824; baseline 0.002 -19"><span class='ocrx_word' id='word_1_449' title='bbox 58 3751 141 3822; x_wconf 79' lang='lat' dir='ltr'><strong>Eripe</strong></span> <span class='ocrx_word' id='word_1_450' title='bbox 154 3765 213 3819; x_wconf 91' lang='lat' dir='ltr'><strong>me,</strong></span> <span class='ocrx_word' id='word_1_451' title='bbox 227 3749 407 3823; x_wconf 87' lang='lat' dir='ltr'><strong>trucibusque</strong></span> <span class='ocrx_word' id='word_1_452' title='bbox 422 3752 494 3824; x_wconf 87' lang='lat' dir='ltr'><strong>lupis</strong></span> <span class='ocrx_word' id='word_1_453' title='bbox 506 3760 534 3810; x_wconf 87' lang='lat' dir='ltr'><strong>et</strong></span> <span class='ocrx_word' id='word_1_454' title='bbox 544 3753 685 3810; x_wconf 88' lang='lat' dir='ltr'><strong>hiantibus</strong></span> <span class='ocrx_word' id='word_1_455' title='bbox 695 3756 767 3811; x_wconf 90' lang='lat' dir='ltr'><strong>ursis</strong></span> <span class='ocrx_word' id='word_1_456' title='bbox 781 3774 789 3823; x_wconf 92' lang='lat'>3</span> <span class='ocrx_word' id='word_1_457' title='bbox 922 3752 987 3817; x_wconf 73' lang='lat' dir='ltr'><strong>linis</strong></span> <span class='ocrx_word' id='word_1_458' title='bbox 1002 3766 1031 3804; x_wconf 88' lang='lat' dir='ltr'><strong>ee</strong></span> <span class='ocrx_word' id='word_1_459' title='bbox 1039 3749 1138 3818; x_wconf 90' lang='lat' dir='ltr'><strong>judicii</strong></span> <span class='ocrx_word' id='word_1_460' title='bbox 1154 3749 1270 3805; x_wconf 88' lang='lat' dir='ltr'><strong>dederat</strong></span> <span class='ocrx_word' id='word_1_461' title='bbox 1282 3764 1390 3805; x_wconf 85' lang='lat' dir='ltr'><strong>mernor</strong></span> <span class='ocrx_word' id='word_1_462' title='bbox 1403 3749 1462 3821; x_wconf 89' lang='lat' dir='ltr'><strong>ipse</strong></span> <span class='ocrx_word' id='word_1_463' title='bbox 1477 3752 1624 3809; x_wconf 90' lang='lat' dir='ltr'><strong>tremendi.</strong></span> 
     </span>
     <span class='ocr_line' id='line_1_40' title="bbox 56 3837 1661 3917; baseline -0.001 -20"><span class='ocrx_word' id='word_1_464' title='bbox 56 3842 135 3908; x_wconf 77' lang='lat' dir='ltr'><strong>Quod</strong></span> <span class='ocrx_word' id='word_1_465' title='bbox 144 3840 261 3907; x_wconf 82' lang='lat' dir='ltr'><strong>uictura,</strong></span> <span class='ocrx_word' id='word_1_466' title='bbox 272 3849 348 3898; x_wconf 89' lang='lat' dir='ltr'><strong>tuum</strong></span> <span class='ocrx_word' id='word_1_467' title='bbox 360 3841 464 3898; x_wconf 91' lang='lat' dir='ltr'><strong>moriar</strong></span> <span class='ocrx_word' id='word_1_468' title='bbox 477 3843 501 3898; x_wconf 91' lang='lat' dir='ltr'><strong>ei</strong></span> <span class='ocrx_word' id='word_1_469' title='bbox 515 3843 647 3917; x_wconf 89' lang='lat' dir='ltr'><strong>denique,</strong></span> <span class='ocrx_word' id='word_1_470' title='bbox 662 3845 690 3901; x_wconf 94' lang='lat' dir='ltr'><strong>id</strong></span> <span class='ocrx_word' id='word_1_471' title='bbox 702 3846 792 3917; x_wconf 90' lang='lat' dir='ltr'><strong>ipsum</strong></span> <span class='ocrx_word' id='word_1_472' title='bbox 806 3865 814 3913; x_wconf 90' lang='lat'>3</span> <span class='ocrx_word' id='word_1_473' title='bbox 923 3842 949 3896; x_wconf 91' lang='lat' dir='ltr'><strong>ls</strong></span> <span class='ocrx_word' id='word_1_474' title='bbox 961 3855 1043 3913; x_wconf 91' lang='lat' dir='ltr'><strong>quam</strong></span> <span class='ocrx_word' id='word_1_475' title='bbox 1059 3843 1242 3910; x_wconf 82' lang='lat' dir='ltr'><strong>postsunctue</strong></span> <span class='ocrx_word' id='word_1_476' title='bbox 1255 3837 1346 3904; x_wconf 89' lang='lat' dir='ltr'><strong>nituit,</strong></span> <span class='ocrx_word' id='word_1_477' title='bbox 1358 3853 1440 3909; x_wconf 89' lang='lat' dir='ltr'><strong>quam</strong></span> <span class='ocrx_word' id='word_1_478' title='bbox 1453 3838 1521 3895; x_wconf 88' lang='lat' dir='ltr'><strong>mira</strong></span> <span class='ocrx_word' id='word_1_479' title='bbox 1532 3847 1661 3910; x_wconf 75' lang='lat' dir='ltr'><strong>qmteuter</strong></span> 
     </span>
     <span class='ocr_line' id='line_1_41' title="bbox 56 3929 1574 4009; baseline 0.003 -22"><span class='ocrx_word' id='word_1_480' title='bbox 56 3936 162 4006; x_wconf 78' lang='lat' dir='ltr'><strong>satque</strong></span> <span class='ocrx_word' id='word_1_481' title='bbox 177 3934 233 4009; x_wconf 72' lang='lat' dir='ltr'><strong>tegi</strong></span> <span class='ocrx_word' id='word_1_482' title='bbox 248 3934 315 3989; x_wconf 80' lang='lat' dir='ltr'><strong>mihi</strong></span> <span class='ocrx_word' id='word_1_483' title='bbox 330 3933 500 3992; x_wconf 80' lang='lat' dir='ltr'><strong>sufficietvet</strong></span> <span class='ocrx_word' id='word_1_484' title='bbox 514 3937 611 3993; x_wconf 80' lang='lat' dir='ltr'><strong>limine</strong></span> <span class='ocrx_word' id='word_1_485' title='bbox 625 3938 689 3995; x_wconf 80' lang='lat' dir='ltr'><strong>tecti</strong></span> <span class='ocrx_word' id='word_1_486' title='bbox 707 3956 714 3995; x_wconf 91' lang='lat'>:</span> <span class='ocrx_word' id='word_1_487' title='bbox 922 3931 1026 4008; x_wconf 80' lang='lat' dir='ltr'><strong>egerit,</strong></span> <span class='ocrx_word' id='word_1_488' title='bbox 1042 3931 1170 3985; x_wconf 77' lang='lat' dir='ltr'><strong>humane</strong></span> <span class='ocrx_word' id='word_1_489' title='bbox 1180 3942 1236 3985; x_wconf 83' lang='lat' dir='ltr'><strong>non</strong></span> <span class='ocrx_word' id='word_1_490' title='bbox 1255 3935 1298 3984; x_wconf 81' lang='lat' dir='ltr'><strong>est</strong></span> <span class='ocrx_word' id='word_1_491' title='bbox 1312 3929 1433 4000; x_wconf 78' lang='lat' dir='ltr'><strong>expletio</strong></span> <span class='ocrx_word' id='word_1_492' title='bbox 1448 3929 1550 4002; x_wconf 75' lang='lat' dir='ltr'><strong>tingue</strong></span> <span class='ocrx_word' id='word_1_493' title='bbox 1566 3947 1574 3997; x_wconf 83' lang='lat'>3</span> 
     </span>
    </p>

    <p class='ocr_par' dir='ltr' id='par_1_15' title="bbox 55 4019 1613 4275">
     <span class='ocr_line' id='line_1_42' title="bbox 56 4019 1606 4096; baseline -0.004 -16"><span class='ocrx_word' id='word_1_494' title='bbox 56 4025 116 4080; x_wconf 66' lang='lat' dir='ltr'><strong>lou</strong></span> <span class='ocrx_word' id='word_1_495' title='bbox 130 4023 264 4078; x_wconf 87' lang='lat' dir='ltr'><strong>diuturne</strong></span> <span class='ocrx_word' id='word_1_496' title='bbox 278 4031 342 4096; x_wconf 89' lang='lat' dir='ltr'><strong>peto</strong></span> <span class='ocrx_word' id='word_1_497' title='bbox 350 4026 501 4089; x_wconf 85' lang='lat' dir='ltr'><strong>consortia,</strong></span> <span class='ocrx_word' id='word_1_498' title='bbox 517 4026 606 4082; x_wconf 90' lang='lat' dir='ltr'><strong>noetis</strong></span> <span class='ocrx_word' id='word_1_499' title='bbox 621 4027 715 4083; x_wconf 90' lang='lat' dir='ltr'><strong>haberi</strong></span> <span class='ocrx_word' id='word_1_500' title='bbox 922 4023 1028 4094; x_wconf 72' lang='lat' dir='ltr'><strong>(tuique</strong></span> <span class='ocrx_word' id='word_1_501' title='bbox 1041 4019 1220 4076; x_wconf 72' lang='lat' dir='ltr'><strong>amiterninae</strong></span> <span class='ocrx_word' id='word_1_502' title='bbox 1232 4026 1331 4075; x_wconf 90' lang='lat' dir='ltr'><strong>cuncto</strong></span> <span class='ocrx_word' id='word_1_503' title='bbox 1347 4019 1471 4076; x_wconf 89' lang='lat' dir='ltr'><strong>delectus</strong></span> <span class='ocrx_word' id='word_1_504' title='bbox 1486 4019 1606 4075; x_wconf 80' lang='lat' dir='ltr'><strong>aburbis</strong></span> 
     </span>
     <span class='ocr_line' id='line_1_43' title="bbox 57 4110 1613 4188; baseline -0.001 -21"><span class='ocrx_word' id='word_1_505' title='bbox 57 4114 168 4185; x_wconf 87' lang='lat' dir='ltr'><strong>tlospes</strong></span> <span class='ocrx_word' id='word_1_506' title='bbox 182 4122 211 4168; x_wconf 92' lang='lat' dir='ltr'><strong>et</strong></span> <span class='ocrx_word' id='word_1_507' title='bbox 223 4112 315 4169; x_wconf 89' lang='lat' dir='ltr'><strong>unius.</strong></span> <span class='ocrx_word' id='word_1_508' title='bbox 333 4136 346 4161; x_wconf 76' lang='grc' dir='ltr'>ι</span> <span class='ocrx_word' id='word_1_509' title='bbox 361 4114 460 4170; x_wconf 85' lang='lat' dir='ltr'><strong>Pandit</strong></span> <span class='ocrx_word' id='word_1_510' title='bbox 478 4115 637 4183; x_wconf 89' lang='lat' dir='ltr'><strong>miseratus,</strong></span> <span class='ocrx_word' id='word_1_511' title='bbox 652 4125 680 4171; x_wconf 91' lang='lat' dir='ltr'><strong>et</strong></span> <span class='ocrx_word' id='word_1_512' title='bbox 701 4116 808 4172; x_wconf 87' lang='lat' dir='ltr'><strong>hostem</strong></span> <span class='ocrx_word' id='word_1_513' title='bbox 923 4112 1044 4188; x_wconf 81' lang='lat' dir='ltr'><strong>Erigitur</strong></span> <span class='ocrx_word' id='word_1_514' title='bbox 1058 4110 1156 4181; x_wconf 81' lang='lat' dir='ltr'><strong>praeeul</strong></span> <span class='ocrx_word' id='word_1_515' title='bbox 1174 4110 1288 4180; x_wconf 85' lang='lat' dir='ltr'><strong>populo,</strong></span> <span class='ocrx_word' id='word_1_516' title='bbox 1304 4124 1360 4181; x_wconf 93' lang='lat' dir='ltr'><strong>quo</strong></span> <span class='ocrx_word' id='word_1_517' title='bbox 1371 4117 1491 4181; x_wconf 82' lang='lat' dir='ltr'><strong>martyre</strong></span> <span class='ocrx_word' id='word_1_518' title='bbox 1503 4110 1613 4166; x_wconf 87' lang='lat' dir='ltr'><strong>tierent.</strong></span> 
     </span>
     <span class='ocr_line' id='line_1_44' title="bbox 55 4200 1555 4275; baseline 0.001 -18"><span class='ocrx_word' id='word_1_519' title='bbox 55 4200 340 4273; x_wconf 80' lang='lat' dir='ltr'><strong>Competiensdirum</strong></span> <span class='ocrx_word' id='word_1_520' title='bbox 350 4202 434 4274; x_wconf 90' lang='lat' dir='ltr'><strong>capit,</strong></span> <span class='ocrx_word' id='word_1_521' title='bbox 445 4202 620 4275; x_wconf 86' lang='lat' dir='ltr'><strong>admittitque</strong></span> <span class='ocrx_word' id='word_1_522' title='bbox 635 4204 786 4260; x_wconf 89' lang='lat' dir='ltr'><strong>latronem.</strong></span> <span class='ocrx_word' id='word_1_523' title='bbox 922 4203 1113 4272; x_wconf 82' lang='lat' dir='ltr'><strong>Frateretipse</strong></span> <span class='ocrx_word' id='word_1_524' title='bbox 1132 4202 1290 4268; x_wconf 84' lang='lat' dir='ltr'><strong>Severinue,</strong></span> <span class='ocrx_word' id='word_1_525' title='bbox 1303 4201 1455 4258; x_wconf 82' lang='lat' dir='ltr'><strong>commilito</strong></span> <span class='ocrx_word' id='word_1_526' title='bbox 1464 4201 1555 4258; x_wconf 76' lang='lat' dir='ltr'><strong>fratris</strong></span> 
     </span>
    </p>

    <p class='ocr_par' dir='ltr' id='par_1_16' title="bbox 56 4292 1631 4460">
     <span class='ocr_line' id='line_1_45' title="bbox 56 4292 1631 4369; baseline 0.001 -20"><span class='ocrx_word' id='word_1_527' title='bbox 56 4293 146 4349; x_wconf 86' lang='lat' dir='ltr'><strong>liuius</strong></span> <span class='ocrx_word' id='word_1_528' title='bbox 155 4292 274 4365; x_wconf 88' lang='lat' dir='ltr'><strong>epatium</strong></span> <span class='ocrx_word' id='word_1_529' title='bbox 288 4293 332 4349; x_wconf 82' lang='lat' dir='ltr'><strong>rix</strong></span> <span class='ocrx_word' id='word_1_530' title='bbox 346 4294 541 4351; x_wconf 86' lang='lat' dir='ltr'><strong>intercesserat</strong></span> <span class='ocrx_word' id='word_1_531' title='bbox 555 4296 638 4359; x_wconf 77' lang='lat' dir='ltr'><strong>hore.</strong></span> <span class='ocrx_word' id='word_1_532' title='bbox 921 4297 1099 4366; x_wconf 82' lang='lat' dir='ltr'><strong>sectatorque</strong></span> <span class='ocrx_word' id='word_1_533' title='bbox 1112 4309 1207 4369; x_wconf 80' lang='lat' dir='ltr'><strong>sagax,</strong></span> <span class='ocrx_word' id='word_1_534' title='bbox 1223 4301 1286 4365; x_wconf 89' lang='lat' dir='ltr'><strong>post</strong></span> <span class='ocrx_word' id='word_1_535' title='bbox 1295 4293 1414 4364; x_wconf 87' lang='lat' dir='ltr'><strong>piurima</strong></span> <span class='ocrx_word' id='word_1_536' title='bbox 1423 4293 1492 4348; x_wconf 91' lang='lat' dir='ltr'><strong>mira</strong></span> <span class='ocrx_word' id='word_1_537' title='bbox 1506 4293 1631 4350; x_wconf 86' lang='lat' dir='ltr'><strong>datarum</strong></span> 
     </span>
     <span class='ocr_line' id='line_1_46' title="bbox 59 4380 1546 4460; baseline 0.003 -26"><span class='ocrx_word' id='word_1_538' title='bbox 59 4384 128 4436; x_wconf 90' lang='lat' dir='ltr'><strong>ttum</strong></span> <span class='ocrx_word' id='word_1_539' title='bbox 141 4380 232 4437; x_wconf 88' lang='lat' dir='ltr'><strong>crebri</strong></span> <span class='ocrx_word' id='word_1_540' title='bbox 241 4381 427 4438; x_wconf 90' lang='lat' dir='ltr'><strong>membrorum</strong></span> <span class='ocrx_word' id='word_1_541' title='bbox 438 4384 510 4439; x_wconf 90' lang='lat' dir='ltr'><strong>inter</strong></span> <span class='ocrx_word' id='word_1_542' title='bbox 519 4384 662 4439; x_wconf 88' lang='lat' dir='ltr'><strong>molimina</strong></span> <span class='ocrx_word' id='word_1_543' title='bbox 676 4395 786 4460; x_wconf 86' lang='lat' dir='ltr'><strong>gestus,</strong></span> <span class='ocrx_word' id='word_1_544' title='bbox 923 4387 1071 4451; x_wconf 87' lang='lat' dir='ltr'><strong>Virtutum,</strong></span> <span class='ocrx_word' id='word_1_545' title='bbox 1081 4391 1177 4440; x_wconf 89' lang='lat' dir='ltr'><strong>sancta</strong></span> <span class='ocrx_word' id='word_1_546' title='bbox 1189 4382 1312 4454; x_wconf 91' lang='lat' dir='ltr'><strong>locuples</strong></span> <span class='ocrx_word' id='word_1_547' title='bbox 1326 4383 1428 4455; x_wconf 86' lang='lat' dir='ltr'><strong>pietate</strong></span> <span class='ocrx_word' id='word_1_548' title='bbox 1441 4383 1546 4455; x_wconf 75' lang='lat' dir='ltr'><strong>quieuit</strong></span> 
     </span>
    </p>

    <p class='ocr_par' dir='ltr' id='par_1_17' title="bbox 59 4471 1574 4642">
     <span class='ocr_line' id='line_1_47' title="bbox 59 4471 1574 4552; baseline 0.001 -24"><span class='ocrx_word' id='word_1_549' title='bbox 59 4473 143 4529; x_wconf 88' lang='lat' dir='ltr'><strong>illicis</strong></span> <span class='ocrx_word' id='word_1_550' title='bbox 158 4471 268 4545; x_wconf 75' lang='lat' dir='ltr'><strong>effigies</strong></span> <span class='ocrx_word' id='word_1_551' title='bbox 279 4475 394 4530; x_wconf 87' lang='lat' dir='ltr'><strong>monstri</strong></span> <span class='ocrx_word' id='word_1_552' title='bbox 408 4475 479 4546; x_wconf 88' lang='lat' dir='ltr'><strong>pede</strong></span> <span class='ocrx_word' id='word_1_553' title='bbox 489 4476 606 4552; x_wconf 90' lang='lat' dir='ltr'><strong>contigit</strong></span> <span class='ocrx_word' id='word_1_554' title='bbox 618 4475 731 4544; x_wconf 92' lang='lat' dir='ltr'><strong>almum,</strong></span> <span class='ocrx_word' id='word_1_555' title='bbox 925 4476 1082 4542; x_wconf 79' lang='lat' dir='ltr'><strong>consessor,</strong></span> <span class='ocrx_word' id='word_1_556' title='bbox 1097 4473 1265 4544; x_wconf 83' lang='lat' dir='ltr'><strong>iunctusque</strong></span> <span class='ocrx_word' id='word_1_557' title='bbox 1279 4471 1341 4528; x_wconf 90' lang='lat' dir='ltr'><strong>loco</strong></span> <span class='ocrx_word' id='word_1_558' title='bbox 1356 4472 1462 4545; x_wconf 84' lang='lat' dir='ltr'><strong>legatur</strong></span> <span class='ocrx_word' id='word_1_559' title='bbox 1476 4474 1574 4532; x_wconf 86' lang='lat' dir='ltr'><strong>eedem</strong></span> 
     </span>
     <span class='ocr_line' id='line_1_48' title="bbox 60 4562 1518 4642; baseline 0 -23"><span class='ocrx_word' id='word_1_560' title='bbox 60 4565 177 4638; x_wconf 84' lang='lat' dir='ltr'><strong>lioxque</strong></span> <span class='ocrx_word' id='word_1_561' title='bbox 188 4564 341 4637; x_wconf 82' lang='lat' dir='ltr'><strong>Cupidines</strong></span> <span class='ocrx_word' id='word_1_562' title='bbox 353 4566 490 4642; x_wconf 85' lang='lat' dir='ltr'><strong>transfigit</strong></span> <span class='ocrx_word' id='word_1_563' title='bbox 501 4568 586 4623; x_wconf 87' lang='lat' dir='ltr'><strong>corda</strong></span> <span class='ocrx_word' id='word_1_564' title='bbox 606 4568 705 4642; x_wconf 87' lang='lat' dir='ltr'><strong>sagitta</strong></span> <span class='ocrx_word' id='word_1_565' title='bbox 720 4586 728 4634; x_wconf 92' lang='lat'>3</span> <span class='ocrx_word' id='word_1_566' title='bbox 923 4570 981 4635; x_wconf 81' lang='lat' dir='ltr'><strong>Quo</strong></span> <span class='ocrx_word' id='word_1_567' title='bbox 995 4567 1080 4622; x_wconf 79' lang='lat' dir='ltr'><strong>sitam</strong></span> <span class='ocrx_word' id='word_1_568' title='bbox 1093 4564 1163 4619; x_wconf 88' lang='lat' dir='ltr'><strong>mire</strong></span> <span class='ocrx_word' id='word_1_569' title='bbox 1178 4562 1284 4638; x_wconf 87' lang='lat' dir='ltr'><strong>degens</strong></span> <span class='ocrx_word' id='word_1_570' title='bbox 1298 4563 1450 4618; x_wconf 89' lang='lat' dir='ltr'><strong>abstemius</strong></span> <span class='ocrx_word' id='word_1_571' title='bbox 1461 4563 1518 4638; x_wconf 86' lang='lat' dir='ltr'><strong>egit</strong></span> 
     </span>
    </p>

    <p class='ocr_par' dir='ltr' id='par_1_18' title="bbox 62 4652 1667 4818">
     <span class='ocr_line' id='line_1_49' title="bbox 62 4652 1667 4731; baseline 0.004 -25"><span class='ocrx_word' id='word_1_572' title='bbox 62 4653 165 4708; x_wconf 83' lang='lat' dir='ltr'><strong>Blanda</strong></span> <span class='ocrx_word' id='word_1_573' title='bbox 177 4652 271 4709; x_wconf 91' lang='lat' dir='ltr'><strong>dolum</strong></span> <span class='ocrx_word' id='word_1_574' title='bbox 286 4654 438 4722; x_wconf 87' lang='lat' dir='ltr'><strong>cumulant,</strong></span> <span class='ocrx_word' id='word_1_575' title='bbox 453 4655 532 4729; x_wconf 87' lang='lat' dir='ltr'><strong>ignes</strong></span> <span class='ocrx_word' id='word_1_576' title='bbox 542 4653 672 4710; x_wconf 82' lang='lat' dir='ltr'><strong>affamina</strong></span> <span class='ocrx_word' id='word_1_577' title='bbox 685 4656 808 4725; x_wconf 84' lang='lat' dir='ltr'><strong>sufflant,</strong></span> <span class='ocrx_word' id='word_1_578' title='bbox 924 4662 995 4717; x_wconf 86' lang='lat' dir='ltr'><strong>Luce</strong></span> <span class='ocrx_word' id='word_1_579' title='bbox 1011 4660 1088 4731; x_wconf 86' lang='lat' dir='ltr'><strong>prius</strong></span> <span class='ocrx_word' id='word_1_580' title='bbox 1102 4657 1202 4730; x_wconf 83' lang='lat' dir='ltr'><strong>praeeul</strong></span> <span class='ocrx_word' id='word_1_581' title='bbox 1218 4671 1300 4727; x_wconf 90' lang='lat' dir='ltr'><strong>quam</strong></span> <span class='ocrx_word' id='word_1_582' title='bbox 1308 4656 1515 4731; x_wconf 71' lang='lat' dir='ltr'><strong>praeeligeretur</strong></span> <span class='ocrx_word' id='word_1_583' title='bbox 1527 4657 1644 4713; x_wconf 86' lang='lat' dir='ltr'><strong>honesta</strong></span> <span class='ocrx_word' id='word_1_584' title='bbox 1658 4678 1667 4725; x_wconf 88' lang='lat'>3</span> 
     </span>
     <span class='ocr_line' id='line_1_50' title="bbox 64 4743 1588 4818; baseline 0.003 -20"><span class='ocrx_word' id='word_1_585' title='bbox 64 4743 124 4799; x_wconf 82' lang='lat' dir='ltr'><strong>Uria</strong></span> <span class='ocrx_word' id='word_1_586' title='bbox 135 4750 233 4817; x_wconf 86' lang='lat' dir='ltr'><strong>pectus</strong></span> <span class='ocrx_word' id='word_1_587' title='bbox 247 4759 334 4812; x_wconf 90' lang='lat' dir='ltr'><strong>amor,</strong></span> <span class='ocrx_word' id='word_1_588' title='bbox 348 4743 456 4801; x_wconf 84' lang='lat' dir='ltr'><strong>lacinus</strong></span> <span class='ocrx_word' id='word_1_589' title='bbox 471 4746 599 4802; x_wconf 88' lang='lat' dir='ltr'><strong>locaeola</strong></span> <span class='ocrx_word' id='word_1_590' title='bbox 618 4747 754 4815; x_wconf 89' lang='lat' dir='ltr'><strong>suadent;</strong></span> <span class='ocrx_word' id='word_1_591' title='bbox 923 4754 1008 4818; x_wconf 73' lang='lat' dir='ltr'><strong>Quem</strong></span> <span class='ocrx_word' id='word_1_592' title='bbox 1028 4749 1081 4804; x_wconf 91' lang='lat' dir='ltr'><strong>ritu</strong></span> <span class='ocrx_word' id='word_1_593' title='bbox 1097 4745 1194 4802; x_wconf 88' lang='lat' dir='ltr'><strong>recolit</strong></span> <span class='ocrx_word' id='word_1_594' title='bbox 1207 4745 1345 4816; x_wconf 80' lang='lat' dir='ltr'><strong>Campana</strong></span> <span class='ocrx_word' id='word_1_595' title='bbox 1360 4744 1488 4816; x_wconf 86' lang='lat' dir='ltr'><strong>Neapolis</strong></span> <span class='ocrx_word' id='word_1_596' title='bbox 1504 4746 1588 4803; x_wconf 86' lang='lat' dir='ltr'><strong>almo.</strong></span> 
     </span>
    </p>
   </div>
   <div class='ocr_carea' id='block_1_9' title="bbox 288 4859 1506 5046">
    <p class='ocr_par' dir='ltr' id='par_1_19' title="bbox 288 4859 1506 5046">
     <span class='ocr_line' id='line_1_51' title="bbox 798 4859 997 4917; baseline 0.015 -7"><span class='ocrx_word' id='word_1_597' title='bbox 798 4859 902 4917; x_wconf 72' lang='lat' dir='ltr'><strong>theut</strong></span> <span class='ocrx_word' id='word_1_598' title='bbox 925 4859 997 4915; x_wconf 87' lang='lat' dir='ltr'><strong>xttl.</strong></span> 
     </span>
     <span class='ocr_line' id='line_1_52' title="bbox 288 4961 1506 5046; baseline 0 -26"><span class='ocrx_word' id='word_1_599' title='bbox 288 4961 327 5020; x_wconf 82' lang='lat' dir='ltr'><strong>Dc</strong></span> <span class='ocrx_word' id='word_1_600' title='bbox 342 4971 449 5023; x_wconf 80' lang='lat' dir='ltr'><strong>coacto</strong></span> <span class='ocrx_word' id='word_1_601' title='bbox 464 4963 631 5037; x_wconf 83' lang='lat' dir='ltr'><strong>Domitilto,</strong></span> <span class='ocrx_word' id='word_1_602' title='bbox 647 4966 786 5028; x_wconf 84' lang='lat' dir='ltr'><strong>Marcello</strong></span> <span class='ocrx_word' id='word_1_603' title='bbox 802 4986 919 5046; x_wconf 74' lang='lat' dir='ltr'><strong>quaeque</strong></span> <span class='ocrx_word' id='word_1_604' title='bbox 933 4977 960 5028; x_wconf 89' lang='lat' dir='ltr'><strong>et</strong></span> <span class='ocrx_word' id='word_1_605' title='bbox 978 4966 1115 5045; x_wconf 75' lang='lat' dir='ltr'><strong>Apuleia,</strong></span> <span class='ocrx_word' id='word_1_606' title='bbox 1132 4961 1266 5040; x_wconf 86' lang='lat' dir='ltr'><strong>Sulpitt&#39;o</strong></span> <span class='ocrx_word' id='word_1_607' title='bbox 1281 4971 1307 5021; x_wconf 88' lang='lat' dir='ltr'><strong>et</strong></span> <span class='ocrx_word' id='word_1_608' title='bbox 1321 4961 1506 5022; x_wconf 84' lang='lat' dir='ltr'><strong>Seruiliano.</strong></span> 
     </span>
    </p>
   </div>
   <div class='ocr_carea' id='block_1_10' title="bbox 71 5070 1593 5240">
    <p class='ocr_par' dir='ltr' id='par_1_20' title="bbox 71 5070 1593 5240">
     <span class='ocr_line' id='line_1_53' title="bbox 71 5070 1591 5149; baseline 0.005 -27"><span class='ocrx_word' id='word_1_609' title='bbox 71 5072 243 5135; x_wconf 75' lang='lat' dir='ltr'><strong>totallamus,</strong></span> <span class='ocrx_word' id='word_1_610' title='bbox 259 5070 307 5126; x_wconf 93' lang='lat' dir='ltr'><strong>uhi</strong></span> <span class='ocrx_word' id='word_1_611' title='bbox 321 5072 458 5129; x_wconf 87' lang='lat' dir='ltr'><strong>solamine</strong></span> <span class='ocrx_word' id='word_1_612' title='bbox 473 5074 588 5149; x_wconf 79' lang='lat' dir='ltr'><strong>uirginis</strong></span> <span class='ocrx_word' id='word_1_613' title='bbox 603 5092 701 5133; x_wconf 89' lang='lat' dir='ltr'><strong>omnes</strong></span> <span class='ocrx_word' id='word_1_614' title='bbox 929 5078 1069 5136; x_wconf 88' lang='lat' dir='ltr'><strong>Pontiacis</strong></span> <span class='ocrx_word' id='word_1_615' title='bbox 1079 5083 1182 5133; x_wconf 74' lang='lat' dir='ltr'><strong>sanctie</strong></span> <span class='ocrx_word' id='word_1_616' title='bbox 1195 5074 1322 5132; x_wconf 89' lang='lat' dir='ltr'><strong>redeunti</strong></span> <span class='ocrx_word' id='word_1_617' title='bbox 1338 5073 1492 5131; x_wconf 91' lang='lat' dir='ltr'><strong>occurritur</strong></span> <span class='ocrx_word' id='word_1_618' title='bbox 1509 5075 1591 5131; x_wconf 85' lang='lat' dir='ltr'><strong>arvis.</strong></span> 
     </span>
     <span class='ocr_line' id='line_1_54' title="bbox 76 5160 1593 5240; baseline 0.003 -28"><span class='ocrx_word' id='word_1_619' title='bbox 76 5160 188 5217; x_wconf 88' lang='lat' dir='ltr'><strong>bimovit</strong></span> <span class='ocrx_word' id='word_1_620' title='bbox 202 5167 324 5226; x_wconf 84' lang='lat' dir='ltr'><strong>sanctos,</strong></span> <span class='ocrx_word' id='word_1_621' title='bbox 335 5161 501 5218; x_wconf 83' lang='lat' dir='ltr'><strong>Domitillam</strong></span> <span class='ocrx_word' id='word_1_622' title='bbox 516 5165 597 5220; x_wconf 88' lang='lat' dir='ltr'><strong>solvit</strong></span> <span class='ocrx_word' id='word_1_623' title='bbox 611 5166 646 5221; x_wconf 89' lang='lat' dir='ltr'><strong>ab</strong></span> <span class='ocrx_word' id='word_1_624' title='bbox 660 5167 707 5223; x_wconf 91' lang='lat' dir='ltr'><strong>alti</strong></span> <span class='ocrx_word' id='word_1_625' title='bbox 931 5167 1098 5239; x_wconf 82' lang='lat' dir='ltr'><strong>Conspicuas</strong></span> <span class='ocrx_word' id='word_1_626' title='bbox 1111 5164 1229 5221; x_wconf 90' lang='lat' dir='ltr'><strong>celebris</strong></span> <span class='ocrx_word' id='word_1_627' title='bbox 1242 5163 1344 5240; x_wconf 88' lang='lat' dir='ltr'><strong>gaudet</strong></span> <span class='ocrx_word' id='word_1_628' title='bbox 1356 5162 1458 5219; x_wconf 82' lang='lat' dir='ltr'><strong>uidisse</strong></span> <span class='ocrx_word' id='word_1_629' title='bbox 1472 5162 1593 5228; x_wconf 90' lang='lat' dir='ltr'><strong>sodales,</strong></span> 
     </span>
    </p>
   </div>
   <div class='ocr_carea' id='block_1_11' title="bbox 78 5252 1739 5693">
    <p class='ocr_par' dir='ltr' id='par_1_21' title="bbox 78 5252 1671 5514">
     <span class='ocr_line' id='line_1_55' title="bbox 78 5252 1649 5332; baseline 0.001 -25"><span class='ocrx_word' id='word_1_630' title='bbox 78 5253 172 5311; x_wconf 80' lang='lat' dir='ltr'><strong>Exsilio</strong></span> <span class='ocrx_word' id='word_1_631' title='bbox 187 5253 281 5322; x_wconf 83' lang='lat' dir='ltr'><strong>Ponti,</strong></span> <span class='ocrx_word' id='word_1_632' title='bbox 292 5253 524 5328; x_wconf 78' lang='lat' dir='ltr'><strong>Terracinamquc</strong></span> <span class='ocrx_word' id='word_1_633' title='bbox 544 5258 667 5332; x_wconf 86' lang='lat' dir='ltr'><strong>relegot3</strong></span> <span class='ocrx_word' id='word_1_634' title='bbox 931 5259 1093 5329; x_wconf 80' lang='lat' dir='ltr'><strong>Conspicuas</strong></span> <span class='ocrx_word' id='word_1_635' title='bbox 1106 5256 1242 5312; x_wconf 89' lang='lat' dir='ltr'><strong>celebrem</strong></span> <span class='ocrx_word' id='word_1_636' title='bbox 1258 5254 1501 5330; x_wconf 86' lang='lat' dir='ltr'><strong>gaudentvenisee</strong></span> <span class='ocrx_word' id='word_1_637' title='bbox 1516 5252 1649 5309; x_wconf 90' lang='lat' dir='ltr'><strong>sodalem.</strong></span> 
     </span>
     <span class='ocr_line' id='line_1_56' title="bbox 79 5343 1671 5425; baseline -0.003 -21"><span class='ocrx_word' id='word_1_638' title='bbox 79 5347 284 5422; x_wconf 76' lang='lat' dir='ltr'><strong>Sulpiciumque</strong></span> <span class='ocrx_word' id='word_1_639' title='bbox 299 5356 377 5425; x_wconf 83' lang='lat' dir='ltr'><strong>rogat</strong></span> <span class='ocrx_word' id='word_1_640' title='bbox 388 5349 462 5406; x_wconf 81' lang='lat' dir='ltr'><strong>claro</strong></span> <span class='ocrx_word' id='word_1_641' title='bbox 476 5366 537 5406; x_wconf 91' lang='lat' dir='ltr'><strong>eum</strong></span> <span class='ocrx_word' id='word_1_642' title='bbox 552 5351 704 5409; x_wconf 84' lang='lat' dir='ltr'><strong>Serviliano</strong></span> <span class='ocrx_word' id='word_1_643' title='bbox 931 5348 1034 5404; x_wconf 86' lang='lat' dir='ltr'><strong>Gaudia</strong></span> <span class='ocrx_word' id='word_1_644' title='bbox 1049 5345 1254 5412; x_wconf 88' lang='lat' dir='ltr'><strong>concelebrant,</strong></span> <span class='ocrx_word' id='word_1_645' title='bbox 1275 5360 1327 5400; x_wconf 91' lang='lat' dir='ltr'><strong>nec</strong></span> <span class='ocrx_word' id='word_1_646' title='bbox 1341 5345 1437 5401; x_wconf 91' lang='lat' dir='ltr'><strong>eodem</strong></span> <span class='ocrx_word' id='word_1_647' title='bbox 1446 5345 1507 5413; x_wconf 89' lang='lat' dir='ltr'><strong>jure</strong></span> <span class='ocrx_word' id='word_1_648' title='bbox 1522 5343 1671 5418; x_wconf 82' lang='lat' dir='ltr'><strong>fruuntur3</strong></span> 
     </span>
     <span class='ocr_line' id='line_1_57' title="bbox 80 5434 1611 5514; baseline 0.004 -25"><span class='ocrx_word' id='word_1_649' title='bbox 80 5434 254 5494; x_wconf 77' lang='lat' dir='ltr'><strong>Conciliatum</strong></span> <span class='ocrx_word' id='word_1_650' title='bbox 263 5436 338 5492; x_wconf 91' lang='lat' dir='ltr'><strong>illam</strong></span> <span class='ocrx_word' id='word_1_651' title='bbox 352 5453 464 5510; x_wconf 81' lang='lat' dir='ltr'><strong>sponeae</strong></span> <span class='ocrx_word' id='word_1_652' title='bbox 479 5439 622 5496; x_wconf 91' lang='lat' dir='ltr'><strong>mittantur</strong></span> <span class='ocrx_word' id='word_1_653' title='bbox 632 5457 738 5504; x_wconf 88' lang='lat' dir='ltr'><strong>eorum.</strong></span> <span class='ocrx_word' id='word_1_654' title='bbox 933 5444 994 5500; x_wconf 84' lang='lat' dir='ltr'><strong>liaec</strong></span> <span class='ocrx_word' id='word_1_655' title='bbox 1008 5442 1107 5498; x_wconf 75' lang='lat' dir='ltr'><strong>anime</strong></span> <span class='ocrx_word' id='word_1_656' title='bbox 1122 5441 1239 5514; x_wconf 85' lang='lat' dir='ltr'><strong>dapibus</strong></span> <span class='ocrx_word' id='word_1_657' title='bbox 1246 5439 1394 5506; x_wconf 84' lang='lat' dir='ltr'><strong>refovetur,</strong></span> <span class='ocrx_word' id='word_1_658' title='bbox 1405 5439 1529 5511; x_wconf 91' lang='lat' dir='ltr'><strong>corporis</strong></span> <span class='ocrx_word' id='word_1_659' title='bbox 1538 5438 1590 5495; x_wconf 83' lang='lat' dir='ltr'><strong>ittae</strong></span> <span class='ocrx_word' id='word_1_660' title='bbox 1602 5458 1611 5508; x_wconf 87' lang='lat'>3</span> 
     </span>
    </p>

    <p class='ocr_par' dir='ltr' id='par_1_22' title="bbox 81 5526 1566 5602">
     <span class='ocr_line' id='line_1_58' title="bbox 81 5526 1566 5602; baseline -0.001 -17"><span class='ocrx_word' id='word_1_661' title='bbox 81 5528 130 5592; x_wconf 81' lang='lat' dir='ltr'><strong>lino</strong></span> <span class='ocrx_word' id='word_1_662' title='bbox 145 5529 266 5585; x_wconf 87' lang='lat' dir='ltr'><strong>suadere</strong></span> <span class='ocrx_word' id='word_1_663' title='bbox 285 5530 520 5602; x_wconf 89' lang='lat' dir='ltr'><strong>queantanimum</strong></span> <span class='ocrx_word' id='word_1_664' title='bbox 540 5532 573 5587; x_wconf 87' lang='lat' dir='ltr'><strong>ad</strong></span> <span class='ocrx_word' id='word_1_665' title='bbox 586 5534 725 5589; x_wconf 90' lang='lat' dir='ltr'><strong>connubia</strong></span> <span class='ocrx_word' id='word_1_666' title='bbox 740 5533 826 5601; x_wconf 86' lang='lat' dir='ltr'><strong>ilecti,</strong></span> <span class='ocrx_word' id='word_1_667' title='bbox 933 5533 978 5588; x_wconf 76' lang='lat' dir='ltr'><strong>liae</strong></span> <span class='ocrx_word' id='word_1_668' title='bbox 994 5531 1127 5588; x_wconf 89' lang='lat' dir='ltr'><strong>recubant</strong></span> <span class='ocrx_word' id='word_1_669' title='bbox 1138 5530 1240 5602; x_wconf 79' lang='lat' dir='ltr'><strong>epulis,</strong></span> <span class='ocrx_word' id='word_1_670' title='bbox 1257 5529 1364 5599; x_wconf 78' lang='lat' dir='ltr'><strong>jeiuuia</strong></span> <span class='ocrx_word' id='word_1_671' title='bbox 1379 5526 1566 5597; x_wconf 81' lang='lat' dir='ltr'><strong>Flauiaduoit,</strong></span> 
     </span>
    </p>

    <p class='ocr_par' dir='ltr' id='par_1_23' title="bbox 82 5614 1739 5693">
     <span class='ocr_line' id='line_1_59' title="bbox 82 5614 1739 5693; baseline -0.001 -20"><span class='ocrx_word' id='word_1_672' title='bbox 82 5614 193 5693; x_wconf 83' lang='lat' dir='ltr'><strong>lirginis</strong></span> <span class='ocrx_word' id='word_1_673' title='bbox 206 5624 237 5674; x_wconf 92' lang='lat' dir='ltr'><strong>nt</strong></span> <span class='ocrx_word' id='word_1_674' title='bbox 250 5618 367 5676; x_wconf 82' lang='lat' dir='ltr'><strong>comites</strong></span> <span class='ocrx_word' id='word_1_675' title='bbox 381 5625 408 5675; x_wconf 90' lang='lat' dir='ltr'><strong>et</strong></span> <span class='ocrx_word' id='word_1_676' title='bbox 421 5619 521 5676; x_wconf 89' lang='lat' dir='ltr'><strong>eodem</strong></span> <span class='ocrx_word' id='word_1_677' title='bbox 536 5619 607 5677; x_wconf 86' lang='lat' dir='ltr'><strong>lacte</strong></span> <span class='ocrx_word' id='word_1_678' title='bbox 621 5620 738 5678; x_wconf 78' lang='lat' dir='ltr'><strong>retectae.</strong></span> <span class='ocrx_word' id='word_1_679' title='bbox 933 5621 982 5677; x_wconf 86' lang='lat' dir='ltr'><strong>Cui</strong></span> <span class='ocrx_word' id='word_1_680' title='bbox 1000 5620 1082 5678; x_wconf 83' lang='lat' dir='ltr'><strong>sociae</strong></span> <span class='ocrx_word' id='word_1_681' title='bbox 1098 5637 1106 5675; x_wconf 76' lang='grc' dir='ltr'><em>τ</em></span> <span class='ocrx_word' id='word_1_682' title='bbox 1129 5640 1141 5671; x_wconf 79' lang='grc' dir='ltr'>ι</span> <span class='ocrx_word' id='word_1_683' title='bbox 1153 5619 1221 5686; x_wconf 79' lang='lat' dir='ltr'><strong>Quia</strong></span> <span class='ocrx_word' id='word_1_684' title='bbox 1241 5618 1409 5690; x_wconf 88' lang='lat' dir='ltr'><strong>prandemus</strong></span> <span class='ocrx_word' id='word_1_685' title='bbox 1420 5615 1588 5691; x_wconf 88' lang='lat' dir='ltr'><strong>sponsisque</strong></span> <span class='ocrx_word' id='word_1_686' title='bbox 1598 5616 1739 5693; x_wconf 87' lang='lat' dir='ltr'><strong>jugamur,</strong></span> 
     </span>
    </p>
   </div>
   <div class='ocr_carea' id='block_1_12' title="bbox 0 0 1932 6100">
    <p class='ocr_par' dir='ltr' id='par_1_24' title="bbox 0 0 1932 6100">
     <span class='ocr_line' id='line_1_60' title="bbox 0 0 1932 6100; baseline 0 0"><span class='ocrx_word' id='word_1_687' title='bbox 0 0 1932 6100; x_wconf 95' lang='lat' dir='ltr'><strong> </strong></span> 
     </span>
    </p>
   </div>
  </div>
 </body>
</html>
