3840 6106
120 271 175 329 699
500 272 686 332 subnotant
707 275 861 335 canotum
881 274 1049 334 nemausis
1068 275 1237 335 cruscula
1255 274 1411 333 latntes.

117 394 280 467 Ferulisqne
290 396 431 467 quondam
442 397 608 469 vapulanter
620 400 725 457 borrni.
744 425 756 450 ιι

117 485 200 542 Natos
215 485 337 542 terentes
352 495 559 561 prosequuntur
573 492 708 568 conjuges

118 577 321 651 0btutibusquc
333 588 412 656 grata
426 581 542 658 pignora
559 584 699 661 ingerunt,

119 674 240 740 Quorum
260 676 418 749 relinquant
432 695 462 734 se
477 687 627 751 querentes
640 681 757 739 lastibus

117 766 241 840 iugalem
255 783 377 824 amorem
391 771 471 842 queis
487 778 618 843 putentur
631 775 758 846 perdere,

119 856 250 914 Dominos
264 859 409 917 domorum
418 877 450 918 ac
465 861 585 920 saliorum
600 881 671 939 qnos
686 867 804 939 probent

119 948 163 1005 Sic
176 949 339 1008 lancinatori
354 953 426 1010 ultro
443 954 512 1011 tradi
528 958 679 1029 gaudeant,

118 1040 254 1109 spernant
270 1048 397 1111 parentes
410 1051 493 1115 atque
508 1045 611 1103 amicos
625 1048 761 1117 nesciant,

119 1127 347 1188 Pellantmaritas
361 1132 546 1207 abdicentque
562 1136 666 1195 liberos

120 1219 174 1275 llas
188 1220 262 1276 inter
274 1239 357 1279 auras
365 1226 570 1302 coniugumque
581 1229 714 1302 lacrymas

120 1309 157 1364 ilc
172 1309 329 1366 nesciorum
345 1313 489 1389 pignorum
505 1317 626 1389 suspiria

121 1403 209 1459 Animi
227 1406 326 1464 resolvi
342 1409 509 1467 militantum
523 1422 677 1486 coeperant,

122 1499 199 1556 Laeso
214 1501 338 1558 dolorem
352 1508 550 1564 contrahentes
558 1516 681 1581 pectore.

122 1586 221 1643 llornm
239 1588 336 1646 beatus
350 1592 421 1648 altor
434 1594 499 1652 huic
512 1600 670 1670 spectaculo
761 1602 765 1609 '

121 1677 300 1736 Sebastianus
311 1682 420 1740 militari
436 1688 575 1744 schemate

122 1770 222 1827 Latens
234 1773 332 1830 adesse
351 1791 408 1833 non
428 1778 510 1835 inane
524 1781 640 1838 duxerat
655 1801 663 1848 3

124 1861 281 1936 Vidensque
296 1865 360 1921 belli
382 1866 455 1924 lasce
469 1869 558 1947 frangi
573 1873 686 1942 milites,

112 1951 282 2030 ,Perrumpit
294 1968 394 2029 agmen
408 1957 553 2015 concionis
566 1959 669 2031 livide,

124 2039 242 2095 ldedinm
259 2044 390 2100 tumultus
408 2062 439 2102 se
453 2047 584 2123 ingerens
603 2051 736 2121 victoriae,

127 2130 407 2202 lassosque-adortus
421 2136 464 2192 bis
479 2149 578 2210 petens
595 2143 789 2214 palaestrides:

129 2246 137 2273 r
158 2222 177 2279 0
197 2225 298 2282 milites
307 2227 407 2286 virtute
418 2231 476 2302 jam
492 2232 634 2294 fortissimi

126 2314 146 2371 0
159 2315 246 2387 prelii
260 2318 379 2375 coelestis
390 2320 604 2396 instructissimi,

126 2403 227 2460 Palma
240 2405 335 2481 vigore
345 2410 447 2466 mentis
457 2411 519 2468 altae
535 2417 662 2487 proximi,

126 2494 171 2551 Sic
186 2511 261 2551 nunc
272 2512 390 2555 coronas
404 2500 508 2558 lrivolis
523 2504 636 2577 ineptiis

128 2583 208 2640 11111
217 2601 357 2657 perennes
369 2590 534 2661 nugularum
548 2610 653 2666 ponere
670 2615 677 2652 ι

128 2677 194 2746 Sed,
210 2694 314 2750 quaeso,
328 2680 416 2738 diseat
429 2683 562 2743 fortitudo
582 2689 689 2746 mitium

129 2768 182 2825 Per
194 2785 244 2826 vos
258 2769 313 2828 lide
326 2774 433 2846 potiore
452 2779 561 2835 cunctis
576 2782 673 2838 instrui

130 2858 218 2914 Armis
228 2861 317 2935 rigore
326 2878 388 2935 quia
397 2876 527 2936 parantur
536 2868 627 2928 ferreo
641 2889 650 2939 3

130 2950 255 3007 Victoria
270 2953 356 3011 nolite
370 2964 468 3014 vestra
483 2958 603 3036 insignia

130 3041 182 3097 Per
196 3041 298 3098 blanda
313 3044 429 3116 perdere
444 3046 609 3108 feminarum
619 3069 771 3126 murmura,

131 3129 222 3186 llostis
237 3131 344 3189 subacti
357 3133 430 3191 eolla
444 3151 479 3193 ne
494 3137 634 3211 dimittite,

131 3219 239 3274 calcate
258 3218 331 3276 bella
343 3237 379 3278 ne
391 3236 536 3299 resurgant
551 3228 654 3300 vivida,

131 3309 189 3367 lien
204 3311 274 3367 victa
286 3312 367 3370 vobis
381 3331 411 3371 sc
425 3317 532 3394 erigant
546 3321 688 3381 victricia:

134 3405 209 3461 Licet
224 3406 305 3476 hujus
319 3411 424 3482 experti
439 3428 501 3470 acre
513 3414 591 3472 111111
606 3420 732 3490 praelium

132 3497 259 3568 Repetite
270 3501 339 3557 scite
352 3501 464 3560 duriora
478 3508 603 3577 vulnera,

133 3589 202 3655 Quin
216 3591 336 3666 gloriosa
349 3594 423 3650 celsa
438 3596 505 3653 belli
519 3599 641 3658 culmina

132 3682 232 3739 Amore
248 3684 427 3758 longeterreo
442 3672 592 3761 sustollite',

133 3770 188 3828 llec
201 3773 376 3844 parvulorum
387 3775 499 3836 tletibus
513 3780 647 3855 deponite
662 3803 671 3853 3

40 3924 43 3931 ,
133 3865 200 3921 Nam
215 3865 347 3942 lugubres
362 3886 466 3949 angore
481 3892 553 3948 qnos
566 3880 711 3938 attenditis

134 3958 259 4015 Gaudere
279 3969 374 4031 staret,
390 3975 605 4042 noscerentqnae
620 3974 751 4043 noscitis3

133 4050 238 4125 Nempe
252 4054 391 4112 aestimant
409 4057 462 4114 boc
475 4074 538 4116 esse
552 4063 640 4118 solum
656 4065 767 4124 vincera

134 4141 211 4207 Quod
226 4146 371 4217 temporali
387 4148 450 4217 jure
465 4151 569 4208 mundo
582 4153 695 4224 vivitur,
761 4181 765 4189 ·

134 4237 192 4303 Quo
203 4238 347 4299 desinente
361 4242 417 4298 vita
435 4245 511 4301 nulla
526 4246 693 4318 splendeat:

135 4329 244 4386 Scirent
254 4331 327 4387 enim
344 4333 367 4389 si
382 4336 479 4394 mortis
494 4354 526 4395 ac
545 4342 681 4400 1111111111

134 4419 265 4477 Securum
279 4422 342 4479 elin
356 4441 411 4499 qua
423 4436 521 4504 regnat
531 4431 733 4507 immortalitas,

136 4512 172 4569 lc
185 4514 352 4586 sempiterna
363 4529 568 4581 commorantur
581 4529 683 4602 gaudia

135 4601 282 4660 Vobiscum
297 4606 332 4662 ad
346 4607 420 4665 illam
436 4623 579 4670 currerent
590 4618 766 4695 pertingere3

137 4694 192 4751 llac
203 4694 281 4753 llomi
294 4714 390 4769 pensa,
405 4705 701 4776 concupiscerenteam

136 4785 166 4838 ln
181 4786 367 4860 gratulatione
377 4807 440 4863 quae
453 4792 514 4867 jugi
520 4810 647 4867 manens,

135 4869 253 4929 Omnino
268 4873 372 4935 babere
380 4880 468 4937 nescit
485 4898 606 4957 unquam
621 4890 787 4949 terminum:

137 4963 222 5038 Lugat
236 4968 294 5035 (sic)
311 4967 376 5025 inde
390 4971 445 5027 vita
458 4976 549 5046 qualis
561 4977 614 5035 ista
627 4986 758 5052 transeat,

136 5056 221 5122 Quam
237 5057 316 5128 11111,
332 5078 414 5134 qnam
429 5064 536 5136 dolosa,
556 5086 638 5142 quam
658 5074 803 5134 celerrima

138 5146 305 5219 malesuada,
321 5152 407 5220 vaira,
423 5155 590 5230 circulatrix,
608 5165 724 5237 perfida,

137 5236 202 5303 Qua
213 5238 274 5296 dira
286 5259 385 5314 pravos
394 5243 506 5303 invehat
517 5265 568 5321 per
586 5252 713 5319 crimina,

137 5334 196 5400 Quo
209 5335 357 5411 diligentes
370 5340 464 5409 ducat,
479 5346 587 5419 etquid
602 5362 739 5425 praeparet

136 5426 246 5484 AEterna
258 5442 401 5501 procreata
415 5451 490 5494 mors
503 5446 533 5495 nt
545 5456 579 5496 ex
591 5457 624 5498 ea

138 5516 206 5573 lluic
224 5519 375 5579 servientes
385 5525 449 5595 jure
461 5529 545 5584 sumit
557 5532 666 5603 perpeti

138 5604 171 5661 Ut
185 5605 311 5665 exsulare
326 5614 511 5686 protoplastos
525 5618 615 5695 egerit

936 401 1043 474 Avitae
1057 401 1189 474 perennis
1202 401 1350 458 destitutos
1364 401 1463 474 patria.

977 492 1106 561 11111111,
1123 492 1216 561 amici,
1232 490 1314 562 lallit,
1329 491 1402 549 istos
1414 491 1514 549 ludere

976 584 1063 640 Vitam
1077 590 1205 657 petentes
1216 598 1290 656 quos
1303 590 1461 640 manentem
1478 585 1577 642 sistitis
1593 604 1601 652 3

978 676 1040 732 11111
1054 692 1103 732 vos
1116 682 1245 747 parentes
1260 676 1295 732 ad
1309 676 1440 732 decorem
1451 676 1582 734 coelicum

978 769 1080 825 Gnatus
1094 777 1193 824 euntes
1212 768 1339 825 detinere
1354 770 1479 845 suggerit
1495 787 1503 825 τ

979 860 1042 916 11111
1055 860 1190 936 coniuges
1204 859 1311 916 honore
1330 859 1434 916 blando
1448 869 1603 935 martyrum

979 949 1092 1006 Letbale
1108 957 1202 1007 mente
1217 950 1289 1006 lerre
1302 951 1376 1026 cogit
1388 951 1531 1024 poculum,

977 1041 1095 1098 assensa
1108 1041 1188 1098 vobis
1200 1041 1282 1115 queis
1294 1042 1425 1099 adessent
1443 1052 1582 1118 tempora,

974 1135 1033 1191 Jam
1050 1135 1173 1208 separari
1188 1135 1349 1212 contigisset
1369 1136 1518 1209 perpetim,

976 1226 1061 1284 Vobis
1074 1243 1126 1285 nec
1139 1227 1203 1284 illos
1217 1235 1320 1284 aeterna
1333 1227 1405 1285 inter
1419 1231 1540 1287 tormina

979 1319 1102 1391 Unquam
1118 1318 1222 1375 deinde
1234 1316 1381 1375 cederetur
1395 1319 1497 1389 visere,

978 1411 1186 1471 incredulomm
1202 1410 1251 1469 nbi
1266 1411 1377 1469 tiammo
1388 1412 1478 1487 carpit
1490 1421 1620 1488 pectora,

983 1505 1071 1562 Edunt
1086 1505 1221 1563 dracones
1235 1503 1310 1561 labia
1328 1504 1582 1579 blasphemantium

982 1597 1084 1653 vorant
1100 1596 1230 1665 colubrae,
1247 1595 1418 1668 perfidorum
1432 1599 1551 1669 viscera,

983 1686 1087 1758 Strepit
1101 1685 1230 1756 ejulatus,
1245 1684 1327 1741 lictus
1337 1686 1383 1741 bic
1395 1693 1423 1743 et
1437 1687 1582 1755 dissonus,

944 1748 1102 1854 BPlangor
1116 1783 1275 1852 gementum
1290 1794 1373 1849 quem
1389 1779 1503 1852 exigunt
1518 1780 1655 1838 incendia

983 1869 1129 1941 Poenaeqne
1142 1867 1219 1923 nullo
1231 1866 1361 1924 ilniendae
1376 1868 1506 1937 termino,
1599 1886 1605 1899 ·

983 1957 1065 2014 Ustus
1076 1956 1242 2013 cremandus
1256 1956 1323 2012 dum
1337 1966 1456 2014 novatur
1471 1958 1586 2016 millies.

984 2047 1046 2102 tlaec
1059 2060 1124 2120 ergo
1135 2052 1162 2101 et
1172 2046 1402 2104 istostransilissc
1416 2048 1545 2121 linquite,

983 2139 1074 2196 Vitare
1089 2145 1117 2195 et
1131 2139 1185 2212 ipsi
1204 2147 1297 2196 mente
1311 2147 1391 2197 cauta
1404 2140 1532 2213 pendite,

985 2228 1094 2301 llosque
1113 2228 1148 2283 ad
1167 2243 1284 2285 coronas
1298 2228 1450 2286 destinatas
1469 2229 1587 2301 mittite,

984 2314 1040 2371 lieo
1054 2324 1228 2387 separantur,
1244 2315 1318 2373 absit
1331 2317 1375 2373 1111
1388 2317 1468 2374 vobis
1484 2318 1571 2377 timor
1587 2338 1595 2375 :

986 2405 1095 2461 Vadunt
1112 2421 1209 2477 parare
1224 2405 1291 2478 qnin
1303 2405 1403 2462 domus
1415 2406 1442 2461 in
1456 2407 1563 2465 1111111

987 2497 1096 2554 llanere
1103 2497 1248 2555 vobiscum
1261 2504 1344 2571 atque
1359 2498 1413 2554 laeti
1429 2499 1523 2556 vivere

988 2587 1039 2643 Ubi
1054 2587 1224 2659 sempiterna
1243 2588 1417 2662 gratulentur
1430 2586 1537 2661 gloria:

988 2678 1102 2745 Quodsi
1116 2678 1216 2735 domus
1227 2678 1273 2734 1111
1289 2678 1444 2754 diliguntur
1452 2685 1552 2736 terreae

987 2766 1073 2832 Quam
1088 2772 1153 2823 sunt
1166 2766 1287 2838 petenda
1301 2773 1405 2823 structa
1415 2767 1527 2824 domata
1540 2768 1648 2841 obryzo

986 2856 1119 2913 Praeclara
1133 2856 1251 2933 gemmis
1265 2855 1371 2932 fulgide
1384 2857 1564 2914 stellantibus

987 2952 1045 3017 Qua
1058 2967 1113 3008 non
1127 2951 1212 3009 decor
1221 2953 1367 3010 1111111111
1379 2970 1503 3027 unquam
1518 2954 1636 3026 florens,

987 3046 1089 3101 Nemus
1102 3045 1208 3102 virente
1222 3061 1253 3102 se
1267 3060 1345 3102 coma
1359 3063 1501 3120 nunqnam
1516 3049 1594 3106 exuit

949 3120 974 3189 C
987 3137 1063 3195 Rivis
1077 3139 1210 3194 decenter
1223 3137 1335 3213 irrigata
1349 3138 1458 3196 molleis
1472 3158 1481 3206 3

990 3230 1037 3286 1111
1050 3244 1192 3302 nunquam
1207 3244 1347 3286 amoenum
1362 3236 1439 3302 prata
1450 3231 1574 3303 perdunt
1587 3231 1707 3298 lloscida,

990 3326 1071 3381 Grato
1086 3341 1238 3398 perennem
1254 3326 1341 3383 odore
1349 3327 1435 3384 vitam
1449 3326 1549 3383 dantia

990 3416 1094 3472 Lumen
1108 3416 1170 3472 sine
1184 3415 1293 3484 umbra,
1308 3431 1361 3472 nec
1375 3415 1449 3471 diem
1461 3430 1514 3473 nox
1529 3418 1661 3473 terminat

990 3505 1171 3561 Serenitatem
1188 3520 1329 3578 nunquam
1343 3503 1504 3561 inumbrant
1518 3506 1624 3573 nubila,

989 3594 1168 3650 Securitatem
1183 3594 1259 3649 nulla
1275 3600 1407 3666 rumpunt
1422 3593 1552 3667 improba

989 3685 1079 3756 liapes
1093 3683 1218 3741 celebres
1232 3683 1309 3739 nulla
1327 3683 1429 3740 sistunt
1446 3683 1539 3741 tristia

990 3782 1128 3844 lamenta,
1145 3779 1245 3848 luctus,
1259 3778 1389 3850 ejulatus,
1405 3777 1503 3836 sibilus
1607 3812 1610 3817 ·

990 3875 1050 3933 lion
1065 3873 1214 3930 audiuntur
1224 3873 1280 3940 hic,
1295 3886 1483 3944 necunquam
1499 3878 1685 3946 perstrepunt:

993 3964 1146 4028 Horrenda,
1167 3968 1248 4029 tetra,
1264 3958 1377 4018 sordida
1391 3967 1438 4016 nat
1454 3958 1591 4019 deformia

992 4057 1052 4112 lton
1065 4053 1111 4110 bic
1124 4051 1254 4108 videntur
1264 4067 1272 4118 3
1282 4050 1470 4123 pulchritudo,
1487 4050 1644 4116 amoenitas

993 4145 1129 4220 Splendor
1147 4157 1305 4199 serennsac
1315 4142 1418 4208 nitens,
1433 4140 1593 4199 formositas

993 4238 1093 4295 Oculos
1107 4236 1200 4293 levent
1213 4235 1273 4291 11111
1286 4249 1396 4307 semper
1410 4233 1577 4292 intuentium
1590 4251 1597 4289 :

994 4327 1072 4393 Quod
1082 4325 1166 4384 corda
1181 4331 1260 4381 vexet
1274 4323 1344 4380 nibil
1363 4323 1479 4380 resultat
1491 4323 1606 4380 auribus

994 4414 1044 4472 libi
1064 4413 1227 4489 angelorum
1241 4413 1303 4469 laeta
1318 4412 1441 4485 psallunt
1460 4427 1589 4487 orgum:

992 4508 1040 4565 llic
1054 4507 1154 4581 fulgur,
1165 4511 1213 4560 111
1224 4519 1365 4575 11111111,
1379 4505 1558 4562 auttonitrua

992 4604 1137 4676 Nunquam
1150 4602 1285 4659 nitentem
1302 4599 1484 4657 verberarunt
1497 4601 1602 4658 11111111
1615 4617 1623 4665 3

992 4691 1150 4749 amaritudo
1165 4690 1241 4747 nulla
1252 4696 1363 4767 gustum
1382 4688 1494 4747 coniicit
1509 4705 1518 4757 3

992 4778 1112 4856 virgulta
1125 4777 1246 4854 gignunt
1257 4778 1463 4834 cinnamomum
1475 4777 1657 4835 etbclsamnm

995 4872 1114 4938 Quorum
1128 4886 1255 4943 saporem
1267 4876 1344 4946 grata
1354 4871 1407 4927 lert
1420 4870 1591 4946 fragrantis3

995 4961 1118 5018 11111111
1136 4966 1244 5017 1111111
1256 4975 1321 5017 esca
1335 4959 1421 5035 cogit,
1440 4959 1562 5017 11111111

996 5054 1182 5130 digestionem
1197 5068 1254 5110 non
1262 5053 1319 5126 agit
1327 5050 1441 5108 relectio
1457 5069 1465 5118 3

996 5148 1030 5206 111
1045 5163 1106 5205 cum
1119 5146 1194 5203 bono
1209 5151 1360 5216 pascuntur
1373 5159 1455 5201 aures
1467 5142 1567 5200 nuntio

995 5240 1079 5296 Nares
1095 5239 1180 5295 odore
1197 5239 1413 5309 lumenaspeetu
1425 5235 1544 5308 optimo.

994 5336 1073 5401 Quod
1087 5335 1206 5409 quisque
1218 5349 1329 5391 sumere
1343 5331 1441 5400 ambit,
1456 5331 1576 5389 bicmox
1594 5323 1711 5404 percipit

994 5431 1149 5487 Frustratur
1163 5429 1303 5502 appetitus
1316 5427 1373 5485 illic
1387 5426 1496 5483 nemini
1513 5444 1521 5483 :

994 5520 1060 5577 lstic
1070 5518 1182 5576 rebellis
1191 5519 1239 5593 qui
1254 5517 1394 5575 illecebris
1408 5515 1524 5585 exstitit,

995 5612 1026 5668 Et
1039 5611 1174 5686 quidquid
1187 5611 1235 5669 lric
1247 5608 1353 5667 dimisit
1364 5607 1465 5666 1111111
1479 5607 1539 5677 liei,
