3856 6112
347 227 392 285 DE
411 231 594 290 TDIUDPDIS
614 227 744 290 curisti
765 226 805 282 ΕΤ
825 224 1103 286 SS.-ratlnsrtnm
1124 227 1328 285 ninistrans
1348 258 1385 269 -
1404 230 1467 288 ctu.
1489 234 1522 291 ΙΙ.

824 328 929 384 CAPUT

949 331 1032 391 xvtt.
1724 242 1778 299 5²6

748 429 786 488 De
808 428 934 488 llesetrio
955 434 1122 510 scriptore.

90 554 174 624 ttartyr
189 548 236 604 hie
250 544 368 615 adjutor
383 557 529 598 sacrorum
541 541 569 597 ia
583 543 643 597 tuce
659 541 793 596 librarum

90 643 148 699 tinio
161 639 231 695 nitet
246 632 383 699 Eusebio,
393 632 546 703 Scriptura
561 647 643 703 quem
659 634 738 686 vocat
753 627 813 698 ipse

94 734 266 800 Hieronymus
280 725 405 789 elavem,
422 721 641 793 testamentique
656 717 790 792 perennis

97 824 238 892 Custodem,
255 832 421 894 memorans
448 814 654 886 quamplurima
681 826 801 885 quinque
814 808 903 865 retat-

801 898 855 969 [vat

915 534 994 612 pEx
1014 536 1137 592 infinitis
1153 536 1220 602 iere,
1237 535 1286 590 sed
1303 539 1432 605 praetera
1447 543 1571 603 teruntur

955 622 1079 682 Historia
1097 625 1241 686 Ecclesiae.
1258 622 1382 682 Cauones
1396 629 1616 708 Ev'angetiorum,

954 717 1140 777 Dmnimodis
1155 718 1319 783 chronicon,
1336 725 1422 797 gestis
1435 728 1596 799 clarissima,
1613 733 1691 801 cuijus

957 809 1094 868 Doctrina
1111 818 1197 884 atque
1214 810 1282 866 tides
1296 828 1410 886 operum
1427 821 1565 889 probitate
1582 825 1699 881 renidet.

822 1001 927 1056 CAPUT
945 1003 1040 1061 XVlii.

403 1114 445 1174 Do
469 1110 645 1189 Theophila,
665 1111 774 1171 Acacio
797 1118 823 1170 et
847 1110 972 1171 Gelasio.
999 1145 1040 1156 -
1061 1112 1198 1190 Reliqua
1220 1113 1339 1178 itineris
1363 1118 1473 1181 Patriae.

97 1231 254 1304 theophilus
266 1227 369 1301 praesul
386 1227 433 1280 bic
448 1223 557 1280 tantine
573 1222 673 1278 claruit
688 1220 774 1287 atine,

95 1324 215 1394 Dogmate
230 1317 387 1391 purificans
405 1319 536 1370 errantes
552 1312 658 1366 Pascba
670 1311 793 1367 colendi.

95 1415 149 1469 linc
160 1412 238 1467 etiam
253 1409 381 1465 renitens
397 1406 518 1461 antistes
528 1403 646 1458 Aeacius
661 1403 741 1469 urbe,

92 1504 225 1575 Expositis
246 1501 313 1556 fidoi
330 1497 491 1554 Salomonis
502 1495 634 1571 dogmata
645 1494 746 1549 lustrat
763 1511 769 1547 :

92 1600 225 1654 Praeterea
234 1595 323 1650 inuita
338 1591 491 1647 Ecclesiam
512 1603 627 1660 quoqne
642 1588 704 1642 luce
720 1592 860 1641 venustat.

92 1688 151 1755 itui
163 1705 208 1762 pro
219 1685 327 1743 tiberio
344 1682 461 1739 Felicem
477 1679 546 1735 sede
563 1683 680 1734 coronat

92 1785 229 1847 Celusius,
243 1788 307 1853 post
322 1776 475 1834 Duronium
490 1774 549 1829 sate
565 1773 655 1828 fertur
669 1772 788 1827 honesto

95 1876 276 1950 liicriguisse
291 1888 370 1927 sacer
381 1885 464 1942 parca
475 1868 525 1923 sed
545 1865 670 1922 condere
687 1864 794 1919 dextra.

138 1969 280 2040 Postquam
295 1963 424 2019 Caesareae
439 1961 576 2016 lustrasse
591 1955 712 2012 sacraria
723 1955 831 2030 gaudet

100 2064 194 2128 Pania,
205 2078 253 2133 per
267 2056 402 2129 Antipatri
418 2055 523 2111 dictum
538 2055 573 2108 de
592 2052 705 2109 nomine
727 2057 851 2105 castrum

103 2155 268 2209 Semirutum
284 2145 567 2226 gradiensbyddam,
582 2140 721 2213 Diospolis
731 2155 780 2196 ore

107 2241 174 2306 Qus
186 2240 267 2295 tantm
282 2237 374 2303 Graio,
393 2251 448 2290 non
463 2232 559 2308 segnis
576 2231 616 2286 ire
632 2227 742 2304 sategit.

109 2331 235 2388 Doreadis
249 2330 397 2399 AEaeaeque
410 2324 485 2379 satus
500 2324 573 2377 bane
588 2317 692 2394 tulgida
707 2317 803 2374 comit.

114 2421 189 2476 ttaad
202 2419 293 2492 procat
307 2416 373 2472 trine
397 2412 576 2469 irimatbiam
599 2409 692 2464 sicum
709 2406 796 2461 intrat
810 2403 920 2475 ioseph,

118 2514 244 2569 sariorum
259 2510 404 2567 Dominum
419 2504 495 2577 digni
511 2501 631 2559 condere
641 2496 779 2568 sepulcro,

122 2603 187 2657 laide
199 2600 369 2658 sacerdotum
382 2595 498 2651 Niobam
515 2587 644 2661 [bahem]
657 2585 818 2641 succeditin
830 2583 926 2637 urbem

123 2692 187 2750 Post
197 2693 346 2750 occisorum
361 2686 499 2744 tumulum
511 2675 792 2738 tristiominedictam
810 2674 890 2746 (inc).

128 2786 192 2843 ilinc
201 2789 311 2861 lappam
325 2791 437 2858 portum
453 2784 582 2853 penetrat
596 2771 729 2848 tugientis
751 2772 823 2825 ianae
839 2788 847 2837 ;

130 2872 278 2933 lindesiam
292 2881 425 2947 repetens
441 2867 541 2926 celeris
554 2862 666 2920 divertit
676 2860 705 2914 iu
721 2860 858 2913 Emmaus

132 2966 192 3031 aaa
202 2987 272 3027 nunc
287 2961 587 3038 Nicopolis,Dominus
602 2972 656 3029 qua
668 2953 802 3029 fragmine
818 2951 897 3023 panis

135 3057 237 3131 ignitus
250 3066 291 3115 est
306 3057 364 3113 illis
378 3068 497 3128 quorum
515 3048 629 3105 ditectio
643 3060 709 3101 vcra

137 3143 214 3206 Factis
227 3148 335 3218 enituit,
350 3162 467 3221 quorum
488 3140 621 3198 irradiata
636 3137 788 3210 probantur

139 3236 247 3311 Lumina,
262 3242 329 3298 dum
344 3238 429 3316 gestis
442 3235 567 3294 coelestia
579 3233 657 3304 jussa
670 3230 804 3286 decorant

141 3323 378 3403 Ctnoseuntopera
389 3327 463 3402 quod
479 3342 535 3382 nan
551 3336 703 3399 agnoscere
714 3322 831 3391 possunt

143 3415 236 3490 talita,
247 3426 431 3495 reteguntque
445 3414 528 3472 simul
544 3429 601 3469 nan
620 3426 683 3467 esse
698 3406 823 3463 beandas

144 3512 269 3576 Quaslibet
283 3531 332 3573 ore
344 3514 439 3580 modo,
455 3511 478 3567 si
488 3527 543 3567 non
558 3508 632 3564 bona
647 3505 718 3561 iacta
740 3507 900 3574 sequantur.

90 3612 92 3631 ²
148 3598 187 3659 llic
201 3622 250 3678 quo
262 3606 340 3661 tante
353 3601 441 3674 pedes
451 3600 528 3656 visus
542 3597 643 3654 lavisse
659 3594 828 3664 Redemptor

150 3688 269 3764 ¹ipparens
283 3709 346 3749 earn
361 3689 518 3763 discipulis,
535 3698 707 3756 numeroque
723 3682 836 3736 iuuatur

153 3780 288 3846 barborum
313 3788 370 3844 hoc
395 3791 489 3858 pestes
502 3782 642 3840 variorum
657 3774 787 3833 animatia
801 3773 941 3844 linquunt.

156 3874 252 3953 lacinus
266 3881 335 3936 hinc
355 3876 584 3953 Cleophes,cnjus
603 3877 710 3929 sacrata
729 3865 838 3922 nitescit

159 3965 244 4044 tespite
259 3972 345 4049 digna
360 3970 460 4028 domus
474 3967 602 4034 Domino,
615 3962 760 4039 jugulatur
776 3959 802 4014 in
819 3956 888 4027 ipsa,

159 4057 242 4122 traaas
256 4063 356 4120 Christi
371 4077 469 4134 passus
483 4075 533 4133 pro
543 4058 625 4114 tande
640 4056 763 4111 furentes
778 4067 785 4115 ;

159 4150 246 4226 (tuaque
259 4153 444 4223 etiamsseultus
456 4150 559 4208 celebri
576 4148 679 4220 pietate
688 4143 813 4216 sepultus

159 4242 222 4303 tuem
241 4243 321 4300 terris
331 4241 477 4298 Dominum
487 4237 597 4311 propria
610 4239 771 4304 susceperat
786 4228 857 4297 aede,

158 4328 217 4387 Clam
231 4335 285 4407 pali
300 4349 385 4405 super
400 4338 474 4387 astra
484 4329 549 4385 colit
559 4326 613 4382 sibi
625 4326 734 4381 domata
753 4321 874 4375 dantem.

962 1221 1050 1277 Parva
1065 1224 1115 1277 sed
1132 1221 1261 1281 admittit
1276 1229 1408 1287 vitantem
1420 1234 1627 1291 culminacelta.

962 1312 1039 1369 Tunc
1055 1315 1114 1370 loca
1128 1325 1237 1371 cuncta
1253 1319 1413 1390 piistristi
1430 1325 1538 1400 signata
1552 1329 1701 1402 triumpbis

965 1404 1161 1467 Circumieus,
1177 1421 1278 1481 magno
1293 1411 1358 1469 tidei
1371 1424 1517 1474 veneratur
1536 1436 1640 1478 aniore.

967 1494 1105 1551 Prostrata
1117 1499 1194 1547 unte
1206 1512 1312 1556 crucem
1328 1503 1473 1560 Dominum
1483 1514 1511 1562 ut
1527 1516 1637 1564 tueatur
1646 1511 1745 1566 atterat

968 1583 1162 1646 Pendentem,
1179 1589 1274 1643 mundi
1290 1606 1401 1663 qnoque
1417 1594 1630 1652 criminamorte
1646 1597 1769 1668 piantem
1783 1617 1790 1665 ;

969 1677 1125 1745 Osculaque
1143 1673 1234 1752 attigit
1246 1681 1341 1753 lapidi,
1357 1686 1499 1756 complexa
1514 1688 1683 1759 sepulcrum,

931 1767 1091 1842 Bitngeius
1108 1774 1206 1824 amoto
1226 1780 1330 1829 reserat
1344 1791 1399 1846 quo
1411 1777 1513 1850 gaudia
1528 1778 1599 1846 vitae,

968 1854 1158 1923 diiambitque
1175 1859 1276 1917 lacum.
1288 1864 1471 1937 lacrymarum
1492 1867 1607 1924 ssumine
1622 1868 1695 1935 l'uso,

968 1949 1006 2003 De
1025 1945 1139 2002 Domini
1153 1953 1287 2010 membris
1301 1959 1475 2013 monumenti
1488 1959 1551 2028 jure
1564 1970 1704 2015 sacratum

969 2040 1043 2096 tiinc
1056 2038 1166 2097 tandem
1178 2048 1327 2121 egrediens
1341 2050 1408 2106 Sion
1418 2053 1543 2108 aseendit
1556 2053 1584 2107 iu
1596 2069 1688 2109 arcein

969 2130 1119 2187 Montibus
1134 2132 1161 2189 in
1177 2139 1291 2207 sanctis,
1304 2142 1382 2210 cujus
1395 2141 1556 2198 fundamina
1568 2143 1675 2214 pollent

971 2225 1070 2281 Portae
1084 2234 1111 2283 et
1125 2231 1276 2288 castraDco
1293 2234 1475 2306 ctiarrcsuper
1489 2237 1583 2292 omnia
1596 2235 1691 2291 Jacob.

971 2320 1035 2375 Non
1057 2322 1111 2378 iliae
1124 2323 1242 2382 ssainmis
1255 2327 1351 2398 quales
1365 2334 1482 2384 uruntur
1497 2329 1531 2384 ab
1551 2330 1648 2395 bostis,

972 2409 1004 2463 ltt
1015 2411 1129 2480 quibus
1139 2414 1257 2470 intratur
1271 2415 1348 2490 regni
1364 2416 1484 2471 caelestis
1497 2417 1524 2471 in
1538 2418 1627 2472 aulam

974 2495 1038 2551 Non
1051 2500 1135 2557 siccis
1150 2508 1279 2574 spectans
1299 2505 1387 2560 oeulis
1402 2504 1549 2578 aspergine
1564 2505 1662 2560 Christi

977 2591 1136 2669 Sanguinis
1154 2598 1281 2654 infectam
1294 2600 1377 2656 vincti
1392 2600 1510 2672 caesique
1519 2602 1687 2667 columnam,

979 2688 1048 2754 Quis
1063 2694 1262 2750 certeassidnae
1277 2695 1466 2751 moderamina
1481 2697 1556 2771 larga
1566 2696 1663 2751 salutis

980 2778 1046 2836 Fert
1061 2780 1125 2838 fidis
1137 2785 1228 2840 valida
1249 2785 1389 2856 applicitis
1403 2785 1471 2841 dans
1491 2785 1591 2841 robora
1605 2785 1705 2840 vinctis

981 2869 1091 2927 Pedere
1106 2875 1232 2931 diversas
1251 2877 1359 2932 medico
1375 2877 1511 2932 solamine
1526 2884 1628 2947 pestes,

983 2957 1111 3014 Porticus
1123 2962 1249 3018 ecclesiae
1264 2980 1319 3035 qua
1332 2971 1484 3021 sustentata
1498 2965 1623 3033 levatur;

984 3048 1192 3108 Panditurindo
1208 3054 1287 3110 locus
1302 3056 1402 3124 i'aulae,
1417 3073 1473 3129 quo
1483 3057 1602 3128 Spiritus
1616 3056 1706 3112 almus

986 3141 1102 3199 Centum
1119 3145 1162 3200 bis
1176 3145 1321 3219 denosque
1335 3164 1419 3219 super
1433 3149 1617 3205 descenderat
1631 3163 1718 3222 agnos

947 3242 972 3311 s,
986 3233 1036 3289 llic
1050 3250 1165 3306 quoque
1175 3237 1453 3307 pauperibustristi
1468 3239 1512 3309 pia
1524 3239 1765 3295 donaministrans

987 3327 1125 3400 Competit
1139 3338 1261 3400 optatam
1279 3331 1362 3405 longo
1378 3332 1529 3402 spiramine
1539 3333 1681 3398 Bethlem;

990 3418 1078 3490 Atque
1092 3433 1205 3488 specum
1219 3417 1512 3493 ingrediensdivinam
1527 3421 1647 3496 Virginis
1661 3422 1740 3477 alvus

991 3510 1048 3576 Qua
1064 3508 1155 3580 posuit
1168 3516 1286 3579 partum,
1303 3526 1438 3582 praesepe,
1453 3513 1582 3568 animalia
1602 3514 1700 3569 Christi

992 3600 1050 3665 Quo
1066 3599 1174 3656 Domini
1185 3615 1322 3673 agnovere
1338 3601 1391 3667 sui,
1407 3618 1436 3656 se
1453 3618 1567 3658 cernere
1578 3604 1638 3659 visu

991 3688 1116 3744 Testatur
1128 3687 1194 3741 tidei
1206 3687 1300 3743 stratis
1313 3690 1431 3759 pueritia
1449 3693 1550 3760 pannis

995 3785 1114 3843 tiembra
1126 3784 1221 3854 jacere
1236 3782 1294 3850 Dei,
1309 3784 1419 3841 stabulo
1439 3785 1553 3856 deposta
1565 3786 1617 3841 sub
1636 3796 1710 3843 arcto
1727 3803 1734 3840 ε

995 3878 1113 3934 Sedulus
1129 3876 1237 3930 intactae
1250 3875 1330 3930 matri
1345 3876 1475 3931 nutritius
1487 3884 1580 3948 aptum

995 3967 1103 4021 Praebet
1115 3962 1318 4032 utobscquium
1335 3980 1342 4027 ;
1357 3963 1501 4019 venientes
1514 3973 1638 4037 tempore
1654 3966 1743 4022 noctis

995 4059 1133 4123 Pastores,
1144 4055 1317 4126 stellamque,
1337 4053 1430 4129 blagos
1445 4055 1491 4127 pia
1502 4073 1617 4112 munera
1631 4059 1730 4114 slantes
1744 4076 1750 4113 :

997 4156 1142 4210 lactentes
1155 4166 1251 4217 caesos,
1270 4151 1404 4206 iterudem
1420 4152 1496 4206 cade
1510 4151 1647 4208 furentem
1661 4158 1668 4206 t

998 4247 1031 4303 Ut
1046 4246 1114 4317 petit
1128 4243 1274 4318 AEgyptum
1285 4242 1391 4313 loseph
1407 4243 1556 4299 cornitante
1569 4244 1663 4299 ituria.

999 4336 1099 4408 Sicqne
1114 4335 1226 4389 domum
1243 4333 1323 4404 pranis
1333 4333 1460 4404 lacrymis
1475 4342 1605 4390 venerata
1619 4335 1737 4406 profusis

186 4427 300 4502 b'icopoti
312 4423 464 4502 egrediens
474 4421 612 4477 Detboron
625 4412 787 4473 conscendit
803 4418 948 4479 utramque
1000 4430 1083 4485 pom,
1098 4427 1145 4499 pio
1165 4426 1246 4500 Regis
1256 4425 1394 4481 cunabula
1407 4442 1484 4481 330„
1498 4427 1607 4482 salutat·

154 4523 234 4587 Penta,
248 4522 332 4578 urbes
341 4516 416 4592 regis
430 4512 585 4571 Salomonis
596 4512 702 4568 bonore
716 4507 829 4570 locatas,

152 4617 307 4675 Seddndum
323 4611 398 4669 varie
413 4609 547 4665 bellorum
564 4605 674 4663 turbine
689 4615 785 4658 versas
800 4614 807 4653 :

148 4709 279 4768 adextris
289 4704 418 4761 Gabaona
433 4708 526 4767 tuens,
546 4713 601 4769 qua
620 4695 706 4770 ligere
722 4689 807 4746 solem

149 4805 210 4859 Cani
224 4801 300 4857 socia
312 4796 400 4855 valuit
412 4794 498 4850 iretns
518 4786 683 4864 cognomine
696 4785 788 4840 lesus.

145 4895 268 4952 Substitit
283 4893 310 4946 in
326 4889 427 4954 Gabaa,
441 4882 623 4954 meminitque
636 4876 752 4933 libidine
762 4888 847 4929 casos

145 4992 350 5057 Sexcentasque
364 4985 517 5037 reservatos
533 4976 561 5031 in
577 4971 683 5046 origine
695 4967 794 5025 t‘auli.·

146 5079 212 5134 ilinc
227 5075 322 5131 urbem
339 5069 421 5125 misto
436 5066 565 5137 trinoque
579 5059 723 5118 vocamine
737 5056 840 5112 dictum

146 5167 306 5247 ingreditur
321 5158 484 5224 Jerusalem,
500 5156 552 5212 sub
567 5159 644 5228 parte
654 5151 767 5207 sinistra

145 5258 315 5315 itausoleam
332 5250 441 5307 Helenae
456 5245 575 5328 dominae
589 5242 687 5298 mirata
702 5239 813 5297 celebre

145 5351 363 5410 Adiabenomm,
378 5343 503 5413 Solymos
514 5351 568 5410 quo
584 5343 708 5407 tempore
718 5332 803 5406 pavit,

146 5445 297 5500 insistente
312 5436 392 5493 lamis
405 5434 553 5498 frumento,
574 5446 637 5486 rure
651 5428 764 5501 Canopi.

90 5558 94 5575 =
147 5534 275 5607 bospitio
290 5528 381 5585 Paulae
395 5524 525 5599 praetoria
538 5521 613 5580 celsa
629 5521 764 5586 terantur,

187 5655 283 5727 {156ss
299 5653 365 5727 Reg.
379 5665 445 5706 xxu.

1000 4517 1076 4574 iiaud
1091 4515 1259 4588 proculinde
1275 4514 1344 4585 pebt
1359 4515 1453 4569 turrim
1467 4515 1559 4590 gregis
1573 4517 1667 4572 omine
1678 4518 1751 4574 claro

961 4610 1064 4689 DQure
1076 4606 1161 4664 laceb
1177 4614 1290 4676 paverat
1304 4620 1380 4672 ores,
1393 4604 1447 4660 sibi
1463 4605 1539 4661 vocis
1553 4608 1687 4663 tronarem

1000 4704 1137 4781 angelicae
1152 4702 1303 4756 transerunt
1316 4709 1451 4771 pastores,
1468 4700 1560 4755 Gloria
1577 4716 1695 4767 ,summo

1002 4798 1061 4863 Qua
1072 4800 1179 4851 cantata
1193 4793 1248 4848 Deo
1263 4792 1425 4848 mortalisus
1439 4800 1521 4864 atque
1540 4792 1670 4865 benignis

1004 4891 1058 4945 Pax
1074 4889 1174 4959 tegata,
1186 4886 1270 4941 clioro
1285 4883 1381 4939 laudes
1397 4883 1529 4939 reboante
1542 4901 1676 4954 superno.

1004 4980 1089 5044 tinem
1110 4991 1196 5048 prope
1211 4975 1275 5029 dum
1291 4981 1438 5045 pascuntur
1457 4989 1534 5041 oves,
1552 4988 1587 5027 en
1605 4973 1717 5029 velleris
1727 4989 1813 5047 agnus

1005 5072 1146 5148 Detegitur
1160 5068 1232 5142 puri,
1249 5067 1355 5124 caelesti
1369 5075 1397 5123 et
1410 5083 1473 5124 rore
1489 5067 1600 5139 repleti,

1005 5162 1146 5238 Sanguine
1160 5159 1206 5232 qui
1223 5157 1323 5232 dignus
1334 5157 1484 5212 dissolvere
1496 5156 1613 5211 crimina
1628 5155 1724 5212 muudi

1005 5256 1037 5310 Et
1051 5259 1216 5312 vastatorem
1232 5248 1343 5322 propria
1358 5248 1498 5320 depellere
1514 5248 1606 5321 plebe.

1041 5344 1109 5399 inde
1122 5343 1167 5399 via
1177 5342 1261 5399 veteri
1278 5342 1375 5398 Gazam
1391 5340 1459 5413 petit
1474 5341 1591 5416 impigra
1605 5340 1698 5407 Paula,

1007 5436 1115 5492 Persica
1128 5437 1283 5492 tbesarnura
1296 5451 1377 5507 quam
1398 5449 1525 5506 promere
1540 5432 1635 5506 lingna
1648 5432 1780 5506 resignat.

1007 5532 1036 5585 ln
1048 5546 1103 5604 qua
1118 5530 1246 5587 Silvanus
1261 5530 1366 5587 rabiem
1378 5528 1540 5586 Diocletiani
