3856 6112
109 315 166 371 ap
783 297 816 351 ιιι
839 291 970 349 ιιιιιιιιιι
989 291 1138 349 auruum.
1773 297 1826 353 aas

112 451 251 521 temporis
263 444 499 516 vocabatur,'quia
513 441 601 514 portis
622 439 683 494 aliis
696 434 797 492 clausis
812 431 851 487 ob
868 429 938 485 civi·
951 432 978 501 Α
990 429 1174 485 sanctissimo
1205 433 1269 481 tuo
1293 430 1492 505 congratulans
1519 432 1665 504 profectui,
1694 432 1824 489 sacerdos

114 541 184 595 tatis
215 535 380 600 custodiam,
406 548 457 604 pro
488 529 650 585 exeuntium
678 533 707 580 et
733 519 938 578 introeuntium
991 520 1080 597 Regis
1099 521 1214 584 summi,
1234 514 1312 583 quia
1329 523 1430 576 summi
1461 526 1556 596 capitis
1580 525 1821 593 membrasumus,

116 624 601 694 commoditatemdiepatehat,o
632 618 719 674 Loeirs
734 621 826 670 autem
843 610 939 664 Remis
991 611 1069 682 quod
1085 610 1153 665 milri
1178 599 1287 662 sentio
1304 606 1404 665 deesse
1420 612 1446 665 iu
1464 629 1517 679 me,
1542 621 1638 678 totum,
1674 611 1820 683 lausBeo,

118 732 174 783 est,
186 721 233 775 uhi
261 735 334 774 nurrc
362 724 405 773 est
428 715 547 770 ecclesia
560 711 677 783 Templi,
694 723 766 783 quae,
783 712 813 761 ut
830 719 905 768 reor,
922 718 939 757 a
990 699 1138 771 possidere
1154 713 1199 751 me
1215 692 1314 749 eredo
1328 697 1355 752 in
1372 706 1409 753 te.
1424 699 1499 767 Ecce,
1516 700 1588 771 quod
1616 715 1677 753 mea
1707 708 1819 769 peccata

117 812 282 885 Templariis
294 808 503 865 nomenhahet.
989 787 1053 844 fieri
1075 786 1302 860 prohibuerunt,
1333 794 1387 843 tuae
1403 787 1760 846 auctoritatissacerdotalia
1771 789 1819 846 ha-

990 877 1061 932 hent
1074 876 1195 930 merita:
1213 878 1248 928 et
1265 872 1396 932 desinant
1424 878 1524 933 amodo
1544 877 1618 931 circa
1641 889 1818 934 merumores

157 985 309 1049 Eorumque
322 977 423 1032 litteris
438 975 476 1028 od
501 974 609 1028 beatum
637 969 787 1034 Remigium
809 965 895 1028 dotis,
909 966 940 1018 ut
992 966 1151 1032 hominum,
1167 980 1233 1019 cum
1251 965 1324 1035 apud
1341 973 1368 1021 te
1383 975 1492 1023 constet
1504 965 1629 1022 omnium
1652 979 1712 1019 esse
1728 967 1819 1036 perle-

121 1070 254 1133 traditur,
274 1067 350 1133 steli-
376 1063 488 1117 Llllefae
513 1059 603 1114 santii
624 1055 764 1111 Benedicti
777 1052 813 1106 ad
828 1051 941 1105 beatum
994 1059 1118 1114 ctionem
1127 1056 1274 1111 virtutum.
1289 1058 1510 1131 llanccaptivam
1526 1053 1594 1111 etah
1612 1055 1725 1127 antiquo
1740 1059 1818 1115 hoste

123 1157 280 1230 Rssmlglum
291 1154 385 1208 ³thss
405 1149 492 1206 h⁰d50
502 1154 613 1204 9χῦῑὸοῖ
623 1147 651 1200 ῑῦ
671 1143 725 1198 ᾗῦθ
750 1139 880 1197 Chfflfllssi
892 1139 943 1194 ⁰⁸·
995 1151 1141 1207 obsessam
1154 1156 1208 1204 tuae
1221 1149 1324 1224 delego
1339 1151 1513 1216 celsitudini,
1546 1155 1683 1218 quatenus
1698 1166 1747 1220 pro
1758 1151 1781 1220 ej
1788 1168 1819 1208 us

123 1246 254 1311 sinensis,
274 1250 301 1297 et
329 1241 360 1296 in
387 1237 530 1294 Breviario
554 1233 796 1291 Benedictinorum
815 1228 945 1284 Kalendis
997 1242 1168 1299 liberatione
1194 1257 1304 1296 sacram
1332 1245 1452 1301 hostiam
1474 1240 1575 1298 offme
1595 1240 1778 1313 „godebeas'
1793 1253 1821 1302 et

124 1335 260 1400 Octobris,
276 1339 303 1386 et
317 1330 386 1385 alibi
402 1326 564 1398 aliquoties,
589 1330 658 1379 teste
677 1321 797 1376 drrroldo
813 1319 893 1374 Wiou
908 1319 945 1372 li·
998 1353 1090 1392 meam
1102 1333 1265 1406 parvitatem
1284 1334 1403 1394 victoria
1427 1338 1491 1408 ipsa
1506 1347 1563 1387 non
1586 1333 1730 1391 minimum
1746 1337 1819 1394 laeti-

127 1427 179 1480 bl⁰
199 1443 207 1479 ¹
228 1421 432 1496 Lissflllilaevb
466 1419 490 1472 ¹·
523 1415 617 1469 E¹⁵¹³¹¹
636 1412 740 1468 ΜΠ]
758 1418 825 1466 ¹⁰³¹·
844 1410 948 1463 mn·
998 1426 1078 1482 lices.
1104 1422 1179 1490 Vale,
1206 1422 1387 1480 secerdotum
1407 1419 1511 1479 Christi
1541 1419 1734 1495 limpidissime
1764 1428 1822 1483 cal·

128 1522 234 1577 natium
246 1515 355 1573 Baronii
371 1528 448 1569 anno
473 1511 538 1577 aot,
556 1509 605 1564 ubi
619 1513 755 1563 easvoeat
768 1506 796 1560 io
809 1504 948 1575 suspicio·
999 1518 1072 1574 culp,
1093 1538 1103 1566 ,

129 1630 193 1668 nem
211 1612 381 1681 imposturae,
398 1613 457 1661 tum
474 1619 507 1658 ex
536 1599 729 1669 inscriptione,
760 1614 822 1670 quae
837 1596 948 1651 videtur
1035 1605 1331 1669 cumdevinetasobote
1357 1609 1561 1676 peruenerunt.
1581 1607 1723 1680 Bevincta,
1740 1612 1768 1667 id
1783 1619 1825 1670 est

129 1702 157 1757 ei
173 1698 345 1763 insolentior,
360 1702 421 1751 tum
438 1709 472 1747 ex
487 1688 611 1761 eoquod
626 1687 653 1740 in
669 1694 837 1742 testamento
854 1686 881 1740 S.
897 1685 947 1740 Re·
999 1697 1226 1775 {imaginantis
1259 1697 1428 1752 constricta.
1466 1693 1533 1753 Nem
1552 1699 1581 1755 iu
1601 1701 1745 1761 hincmaro
1760 1713 1825 1762 est:

128 1795 208 1870 migii
221 1793 266 1847 ille
280 1791 360 1858 cuius
380 1785 468 1841 saliam
482 1783 592 1840 curavit
608 1779 775 1845 adaemoue,
795 1788 847 1834 eta
861 1785 950 1834 morte
964 1758 990 1827 Β
1005 1817 1018 1847 α
1034 1794 1110 1849 ign„
1125 1807 1219 1848 seeum
1235 1788 1360 1845 ,quolam
1374 1782 1567 1848 adducentes·
1586 1817 1595 1843 ι

128 1885 282 1948 suscitavit,
296 1879 466 1937 Benedictus
482 1882 612 1938 vocetur,
628 1879 656 1926 et
668 1887 762 1927 errore
778 1870 880 1926 sactum
893 1871 952 1926 exi·
1039 1887 1168 1943 sidonias
1189 1882 1291 1938 doerrno
1318 1889 1406 1951 pupoe
1427 1876 1560 1954 Remigio
1588 1889 1711 1946 satutem,
1727 1889 1833 1948 Nomen

131 1980 226 2034 stimat
240 1977 275 2032 ab
290 1976 449 2033 hincmaro,
470 1985 503 2024 ex
521 1981 579 2038 quo
594 1964 701 2034 accepit
721 1963 903 2025 Flodoardus,
922 1969 953 2017 nt
1003 1995 1082 2051 931,ae
1098 1975 1181 2033 gigni
1196 1975 1290 2030 ,opem
1302 1967 1443 2030 omnibus
1463 1977 1602 2051 episcopis
1615 1989 1691 2052 pate,
1706 1983 1835 2040 innume·

133 2090 184 2144 pro
199 2070 347 2126 Benedicta
362 2067 429 2132 isto,
449 2072 526 2135 patre
554 2059 666 2130 puellae,
682 2057 797 2112 homine
811 2055 953 2127 paradisitc

132 2167 161 2219 in
172 2162 327 2225 Provincia,
339 2158 450 2230 positus
462 2155 498 2210 sit
523 2153 551 2207 S.
570 2148 736 2204 Benedictus
762 2149 814 2202 hoc
830 2156 955 2217 tempore

130 2253 312 2309 monasticam
343 2250 428 2303 vitam
456 2246 485 2298 in
515 2241 595 2296 ltalia
616 2237 754 2293 excolens.
777 2238 877 2290 Verum
894 2237 953 2290 haec

131 2343 250 2414 epistola
265 2348 292 2395 et
306 2337 429 2393 narratio
446 2328 587 2387 llincmari
604 2328 638 2381 de
654 2326 680 2380 S.
696 2325 844 2380 Benedicta
860 2324 953 2378 neuti-

132 2453 217 2508 quam
233 2441 369 2505 repugnat
388 2445 453 2484 cum
477 2429 647 2482 testamento
670 2420 698 2474 S.
729 2420 857 2494 Remigii.
874 2419 951 2482 h'am,

133 2534 166 2579 ut
182 2525 266 2578 hahet
281 2521 396 2576 historia
419 2520 488 2574 t'itoe
517 2517 544 2570 S.
571 2511 702 2577 Remigii,
718 2511 769 2565 iste
785 2509 951 2563 Benedictus

137 2617 223 2670 liliam
235 2631 311 2669 suam
329 2613 420 2683 primo
448 2610 482 2664 ad
512 2607 611 2662 limina
631 2604 817 2674 apostolorum
830 2610 857 2656 et
871 2603 905 2656 ad
922 2601 949 2654 S.

139 2704 318 2758 Benedictum
335 2699 463 2763 deduxit,
478 2695 583 2750 deinde
604 2692 631 2745 S.
648 2692 813 2746 Benedictus
825 2706 887 2744 cnm
903 2690 952 2743 hac

141 2795 256 2863 epistola
279 2795 354 2864 ipsos
379 2799 512 2862 parentes
547 2789 575 2841 in
595 2784 695 2838 Gallias
721 2782 836 2838 remisit.
867 2784 953 2847 Quom

144 2887 284 2956 epistolam
300 2900 354 2939 noo
370 2900 431 2938 esse
458 2881 533 2935 iltius
548 2877 701 2942 Benedicti,
719 2876 798 2943 cujus
824 2874 881 2929 vult
894 2887 953 2927 esse

147 2975 282 3039 Beronius,
299 2991 331 3028 cx
342 2988 376 3027 co
390 2971 550 3034 deducitur,
579 2966 654 3038 quod
682 2965 742 3034 ipse
770 2964 798 3018 in
824 2977 953 3034 persono,

152 3083 203 3122 non
217 3068 376 3138 perlitteras
391 3066 426 3120 aa
456 3065 484 3118 S.
506 3060 661 3134 Remigium
674 3057 788 3113 venerit.
810 3059 886 3113 Adde
902 3068 954 3110 nec

157 3161 265 3221 titulum,
281 3158 423 3213 necverba
433 3152 623 3227 epistolarollo
636 3149 861 3223 modoquadrare
873 3164 954 3220 posse
970 3125 995 3191 C

159 3251 183 3303 in
212 3251 384 3306 Benedictum
411 3250 495 3317 hujus
520 3244 621 3317 puellae
638 3252 755 3314 patrem.
780 3243 950 3313 Nequevero

162 3343 301 3410 quempiam
319 3347 429 3394 moveat
441 3337 515 3410 quod
532 3335 702 3391 Flodoardus
716 3333 765 3398 ait,
776 3338 807 3388 ut
820 3334 950 3398 truditur,

167 3429 286 3496 quomodo
299 3427 375 3500 loqui
384 3428 517 3490 solemus,
529 3424 595 3478 (lum
613 3438 656 3477 res
672 3429 774 3476 nonest
783 3419 865 3489 plane
876 3432 952 3470 corn-

168 3519 299 3588 perta,quia
314 3518 340 3571 id
356 3523 466 3571 nonest
490 3515 518 3568 in
535 3514 689 3578 llincmaro,
706 3511 781 3565 seda
798 3507 951 3562 Flodoardo

170 3603 293 3673 adjectum,
310 3615 367 3661 tum
383 3606 437 3660 hoc
456 3604 526 3670 loco,
549 3611 606 3657 tum
629 3601 697 3656 alias
710 3614 795 3670 sape,
811 3597 859 3652 ubi
877 3596 954 3651 nialla

169 3695 242 3753 subest
252 3698 396 3763 dubitatio,
409 3713 441 3752 ac
455 3694 618 3750 nominatim
634 3691 704 3747 infra
719 3706 781 3760 cap.
798 3688 842 3742 l'l.
869 3687 953 3743 llinc·

172 3796 343 3843 marusautem
358 3787 441 3858 plane
465 3786 597 3840 assertive
626 3784 655 3838 id
689 3781 784 3846 refert,
808 3778 842 3833 de
857 3778 955 3834 litteris

172 3881 208 3929 tam
222 3878 299 3948 ipsius
314 3879 365 3933 viri
381 3879 428 3933 Bei
458 3876 599 3932 Benedicti
616 3876 667 3947 (sie
694 3873 844 3929 enimcum
860 3875 949 3935 vocati

172 3972 334 4034 quamllarici
360 3969 433 4043 regis
460 3969 623 4023 Gothorum.
650 3966 834 4032 Utrarumquc
851 3961 955 4030 pariter

173 4059 272 4115 meminit
284 4060 366 4132 longe
380 4066 445 4114 aute
461 4057 634 4112 llincmarum
656 4054 823 4108 Fortunatus
837 4051 953 4122 presby-

172 4147 302 4204 teriul'ita
329 4150 357 4203 S.
383 4146 510 4220 Remigii.
539 4155 567 4200 et
595 4145 630 4199 ab
661 4141 828 4213 antiquitate
842 4155 897 4194 non
913 4151 954 4195 est

173 4229 245 4292 leviter
256 4238 453 4294 recedendum.
469 4235 522 4290 Sed
538 4250 590 4289 uec
605 4233 765 4288 inusitatum
781 4244 893 4301 prorsus
907 4230 952 4282 vi-

174 4321 304 4383 deridebet.
321 4326 499 4382 Considerata
514 4323 665 4396 prasertim
692 4321 845 4392 priscorum
857 4334 954 4374 mona-

1005 2070 1043 2125 ris
1056 2067 1193 2140 exemplis
1221 2067 1250 2120 in
1279 2063 1436 2138 cypriane,
1461 2067 1641 2141 llieronvmo,
1666 2074 1832 2150 Augustino,

1005 2156 1131 2224 Sidonio,
1152 2155 1316 2217 Fortunato,
1331 2149 1455 2224 Eulogio
1480 2158 1663 2220 cordubensi,
1676 2169 1704 2217 et
1715 2163 1832 2219 aliorum

1004 2247 1114 2303 Petrum
1135 2246 1259 2317 scriptis.
1295 2243 1404 2301 Floruit
1431 2255 1524 2304 autem
1541 2252 1584 2308 hic
1608 2253 1740 2327 Eulogius
1756 2272 1830 2312 onno

1002 2339 1065 2410 850,
1080 2338 1114 2391 ad
1131 2337 1204 2408 quod
1226 2354 1317 2409 usquc
1332 2344 1444 2406 tempus
1474 2340 1527 2396 hcc
1556 2357 1658 2398 nomen
1675 2360 1826 2402 commune

1002 2426 1054 2482 tuit
1070 2426 1200 2481 omnihus
1216 2426 1366 2497 episcopis,
1388 2425 1452 2481 licet
1483 2429 1616 2499 paulatim
1649 2431 1826 2504 frequentius

1000 2535 1032 2574 nc
1048 2518 1205 2588 pecularius
1221 2519 1305 2573 tribui
1326 2520 1529 2578 consuevisset.
1544 2523 1668 2578 Romano
1685 2524 1823 2594 pontifici,

1001 2608 1125 2665 utfaeile
1158 2608 1303 2663 observari
1333 2617 1424 2680 potest
1450 2627 1483 2665 cx
1507 2612 1619 2682 scriptis
1648 2612 1818 2669 cassiodori.

1002 2700 1068 2755 Cum
1083 2700 1167 2773 igitur
1183 2699 1284 2755 futuris
1314 2701 1488 2772 temporibus
1507 2702 1677 2759 obtinuisset
1691 2721 1819 2760 commu·

1004 2793 1047 2847 nis
1066 2808 1142 2856 usus,
1159 2802 1188 2846 ut
1200 2809 1278 2862 papae
1294 2808 1396 2847 nomen
1411 2794 1604 2850 tantummodo
1621 2796 1745 2850 Romano
1765 2803 1788 2850 tr
1796 2795 1821 2850 i-

1004 2882 1136 2936 bueretur
1151 2880 1287 2950 pontifici,
1314 2888 1342 2936 et
1366 2882 1533 2938 schismatici
1563 2884 1676 2954 quidam
1691 2884 1818 2956 episcopi

1004 2969 1071 3027 illud
1088 2971 1142 3025 sihi
1159 2970 1186 3024 in
1207 2971 1301 3026 odium
1317 2971 1442 3040 ejusdem
1463 2972 1580 3027 Romani
1598 2974 1725 3045 praesulis
1746 2973 1818 3030 tastu

1004 3065 1127 3137 superbo
1146 3066 1322 3121 vindicarent
1350 3066 1458 3138 aliaque
1490 3083 1545 3123 non
1566 3084 1697 3123 concessa
1714 3085 1819 3140 praesu·

1005 3166 1121 3221 merent,
1139 3159 1250 3214 tandem
1265 3159 1317 3213 sub
1342 3159 1473 3232 Gregorio
1500 3160 1631 3231 septimo,
1661 3176 1734 3215 anuo
1764 3163 1819 3216 Bo-

1002 3248 1069 3303 mini
1085 3247 1165 3313 tote,
1183 3248 1276 3303 halrita
1301 3250 1392 3303 Romae
1421 3248 1539 3319 synode,
1570 3248 1641 3304 iuter
1654 3249 1707 3303 alia
1728 3256 1816 3304 statu·

1002 3353 1059 3409 tum
1076 3343 1262 3399 estadversus
1283 3344 1429 3414 praedictos
1452 3344 1653 3411 schismaticos,
1683 3354 1713 3399 ιιι
1736 3361 1815 3416 prapae

1003 3451 1103 3490 nomen
1118 3435 1232 3490 iunicum
1253 3443 1326 3490 esset
1341 3435 1369 3489 in
1397 3435 1527 3491 universo
1556 3435 1624 3490 orbe
1644 3436 1813 3505 Christiane,

1004 3525 1259 3581 neclioerctalicoi
1293 3525 1415 3595 scipsum
1443 3524 1487 3578 vel
1523 3525 1607 3580 aliixm
1637 3541 1671 3581 eo
1704 3526 1816 3582 nomine

1003 3614 1153 3686 appellare.
1170 3615 1261 3669 Exstat
1274 3630 1307 3668 ea
1322 3613 1445 3683 synodus
1460 3614 1488 3666 in
1501 3613 1615 3688 registro
1635 3614 1813 3686 epistolarum

1004 3706 1127 3780 Gregorii
1140 3707 1196 3771 Vll,
1214 3706 1242 3759 in
1256 3705 1426 3759 bibliotheca
1448 3703 1587 3759 Vaticana.
1621 3705 1681 3760 llaec
1695 3722 1728 3760 ex
1740 3706 1813 3760 notis

1005 3797 1114 3852 Baronii
1147 3798 1181 3851 acl
1210 3798 1363 3851 Romanum
1392 3793 1529 3863 llartprol.
1548 3795 1581 3850 10
1606 3796 1816 3852 terrueruut-

1004 3888 1297 3946 namveroiulucem
1330 3885 1479 3957 aliquando
1513 3885 1699 3956 proferantur,
1729 3887 1753 3941 si
1780 3888 1814 3943 ab

1004 3981 1179 4036 evirleotiBus
1206 3980 1351 4049 alrsumpta
1380 3992 1434 4031 nen
1474 3976 1531 4030 sint
1557 3992 1590 4031 ea
1619 3978 1647 4030 B.
1695 3978 1814 4055 Remigii

996 4075 1115 4144 scripta,
1133 4088 1249 4144 quorum
1266 4069 1392 4124 meminit
1419 4068 1549 4124 Sidonius
1566 4070 1593 4124 in
1608 4070 1659 4124 hac
1686 4070 1812 4142 epistola.

1003 4162 1069 4217 Nam
1086 4163 1115 4215 R.
1130 4160 1285 4235 Remigium
1305 4158 1391 4214 multa
1416 4157 1560 4228 scripsisse
1574 4164 1689 4213 testatur
1701 4176 1814 4231 quoque

1005 4256 1156 4310 Romanum
1186 4251 1354 4307 Breviarium
1387 4249 1516 4304 Kalendis
1548 4249 1684 4318 Octobris,
1718 4251 1815 4307 dicens

1005 4363 1067 4402 euni
1082 4346 1183 4401 nxrxltos
1210 4344 1420 4414 interpretatum
1443 4358 1505 4397 esse
1539 4341 1641 4398 divinus
1664 4342 1813 4414 Scripturas

174 4413 953 4484 ⁰h⁰¹¹¹¹¹¹V⁰¹⁸⁰“andidafflffl'sifflanaSimp'icnam’fflmd
1009 4438 1093 4492 libros
1121 4436 1281 4489 hincmarus
1302 4449 1365 4487 eum
1381 4440 1459 4487 vocat
1476 4431 1661 4503 undecunque
1691 4431 1815 4489 doctissi-

175 4504 262 4566 inlerier
274 4520 356 4566 aetate
370 4511 541 4585 etdignitate
563 4508 689 4563 scribens
706 4507 740 4560 ad
764 4504 909 4572 majorem,
926 4521 954 4559 se
968 4498 996 4566 D
1009 4544 1082 4580 mum
1099 4535 1124 4578 ,1
1137 4525 1165 4578 in
1193 4522 1344 4592 gesggugs
1370 4521 1473 4576 sanctis
1500 4519 1729 4576 eruditissimum
1743 4520 1812 4575 gfo-

174 4593 260 4657 ltatrem
272 4613 299 4658 et
315 4616 479 4658 conservum
509 4598 537 4652 in
565 4596 670 4651 Christo
690 4594 756 4648 lesu
776 4590 910 4656 nominet,
926 4603 953 4647 ct

172 4695 256 4746 eternae
269 4690 474 4747 benedictionis
489 4703 603 4753 nomen,
616 4702 671 4741 non
687 4686 750 4739 dico
762 4683 953 4738 auctoritative

172 4781 282 4847 sephori
298 4782 482 4852 impertiatur,
498 4778 546 4832 sed
577 4775 718 4831 humiliter
732 4781 845 4846 exoptet
862 4791 868 4827 :
883 4790 952 4844 quo-

171 4869 232 4925 modo
243 4872 344 4942 passim
357 4870 446 4926 cuivis
456 4869 620 4934 scribentes,
630 4867 758 4929 salutem,
773 4867 857 4922 vitam
872 4875 953 4921 reter-

171 4970 227 5024 uam,
243 4959 285 5016 vel
299 4960 374 5016 aliud
389 4961 491 5015 bonum
509 4964 680 5028 exoptamus.
698 4956 731 5010 Ut
746 4964 836 5010 autem
853 4956 955 5011 dehac

171 5047 312 5119 requieque
327 5063 409 5102 suum
434 5046 502 5101 ierat
522 5043 670 5117 iudicium,
687 5044 791 5098 litteras
806 5043 878 5110 illas,
894 5060 955 5116 quae

171 5132 250 5194 breves
262 5147 335 5206 sunt,
352 5155 386 5194 ex
413 5139 486 5194 dicto
515 5137 652 5192 Chronico
681 5137 733 5192 hoc
751 5136 813 5192 loco
826 5136 955 5192 inseren-

170 5228 318 5299 dascensui,
349 5240 377 5287 et
400 5232 511 5303 quidem
534 5229 675 5301 aliquanto
694 5229 856 5294 correctius,
873 5246 955 5300 quam

168 5318 259 5377 Gallice
289 5338 347 5378 suae
368 5320 490 5376 versioni
520 5320 637 5375 inseruit
660 5317 790 5374 Nicotaus
814 5317 957 5373 chesneau

167 5425 193 5464 er
220 5415 410 5486 manuscriptis
433 5413 535 5469 chartis
560 5411 783 5467 venerandorum
812 5410 958 5487 religioso·

165 5516 214 5556 rum
239 5503 398 5560 monasterii
427 5503 453 5558 S.
485 5501 602 5576 Remigii
626 5502 780 5556 Remensis.
807 5502 852 5557 Sic
878 5503 961 5578 igitur

162 5606 187 5644 se
198 5593 294 5648 hahent
310 5611 317 5647 :
331 5614 345 5643 ι
358 5593 498 5648 Bomiuiee
523 5591 662 5646 sacerdoti
686 5590 822 5667 Remigio,
839 5591 959 5646 frateret

163 5699 303 5740 conservus
323 5684 351 5739 in
372 5683 481 5741 Christo
494 5684 569 5749 lesu,
586 5682 749 5763 coenobialis
769 5683 832 5739 vitae
845 5683 958 5739 humilis

164 5773 244 5827 cultor
268 5773 445 5840 Benedictus,
479 5782 589 5828 aeternas
623 5771 826 5828 benedictionis
856 5787 957 5828 munus

1005 4619 1099 4693 gorius
1117 4615 1283 4670 Turonensis
1312 4613 1361 4667 lib.
1392 4631 1409 4667 ιι
1431 4612 1609 4667 Historiarum
1635 4612 1813 4679 Francorum,

1005 4728 1065 4780 capi.
1080 4709 1124 4774 et,
1144 4708 1242 4761 recitat
1266 4704 1432 4777 principium
1463 4703 1587 4774 epistolae.
1620 4704 1812 4760 consolatoriae

1007 4804 1034 4856 B.
1053 4801 1169 4874 Remigii
1189 4800 1222 4854 od
1235 4800 1401 4855 clodoveum
1419 4814 1513 4874 regem
1531 4814 1616 4869 super
1636 4805 1723 4854 morte
1738 4814 1815 4855 soro·

1006 4893 1041 4946 ris
1057 4909 1113 4946 suae
1129 4890 1288 4945 hlhotlexlis.
1317 4888 1459 4943 dimonius
1490 4886 1538 4941 lib.
1553 4904 1560 4941 ι
1575 4886 1610 4942 de
1624 4887 1712 4942 Gestis
1726 4888 1814 4943 Eran-

1006 4977 1214 5049 corum,capite
1233 4975 1341 5042 ultimo,
1367 4974 1463 5030 recitat
1488 4975 1660 5046 epitaphium
1691 4975 1814 5045 ejusdcm

1007 5071 1079 5143 regis
1095 5068 1233 5135 clodovei,
1251 5067 1408 5132 abeodem,
1437 5072 1467 5121 ut
1490 5067 1620 5130 creditur,
1646 5067 1673 5123 S.
1690 5067 1815 5143 Remigio

1006 5162 1200 5234 compositum.
1218 5161 1369 5215 Guilelmus
1383 5159 1552 5232 Eysengrein
1582 5159 1609 5213 in
1631 5157 1758 5235 Gatalogo
1773 5167 1816 5216 tc·

1007 5253 1089 5309 stium
1105 5252 1240 5318 veritatis,
1252 5251 1320 5307 dicit
1335 5266 1409 5316 eum,
1436 5249 1520 5306 editis
1538 5249 1627 5317 libris,
1644 5250 1815 5307 adulterinas

1008 5346 1042 5401 de
1059 5345 1157 5400 Glrristi
1172 5342 1228 5399 fide
1253 5344 1414 5399 atrianorum
1442 5343 1590 5412 opiniones
1604 5342 1773 5414 prodidisse,
1788 5349 1816 5398 et

1008 5434 1062 5489 alia
1076 5435 1193 5506 plurima
1207 5433 1359 5489 litterarum
1374 5438 1554 5488 monumenta
1575 5429 1731 5503 reliquisse.
1747 5430 1814 5485 Pro-

1008 5527 1120 5581 dieruut
1135 5542 1224 5597 rxuper
1236 5525 1386 5599 lloguntiae
1405 5539 1513 5579 excusae
1533 5521 1642 5578 infolio
1661 5536 1735 5577 anno
1747 5520 1816 5576 ibit

1008 5617 1067 5685 ejus
1084 5616 1110 5668 in
1126 5613 1263 5684 Epistulas
1278 5613 1354 5668 l‘auli
1381 5610 1590 5682 explanationes
1615 5625 1700 5681 opera
1723 5607 1755 5664 R.
1785 5608 1815 5663 P.

1006 5703 1121 5760 loannis
1138 5702 1266 5774 Baptistae.
1295 5699 1460 5770 t‘tttatpanei
1493 5698 1635 5756 societatis
1653 5697 1717 5754 lesu
1734 5697 1816 5755 theo·

1007 5791 1131 5867 logi,qui
1154 5790 1182 5845 in
1206 5788 1365 5861 praefatione
1399 5786 1432 5840 ad
1466 5786 1598 5841 lectorem
1634 5783 1818 5855 prohabiliter
