3840 6106
119 250 168 317 eit
661 244 797 301 saucia
815 241 993 300 usvnrtois
1013 239 1134 296 anonis
1153 238 1238 294 vivs.
1729 231 1780 287 sss

119 385 223 440 salvum
237 395 356 442 reserva,
372 374 503 448 quamdiu
523 373 592 428 velis
618 369 727 425 mortali
755 385 806 424 nos
834 376 927 425 tenere
941 367 966 435 ,t
979 367 1092 421 virtutes
1123 363 1225 438 regina
1256 358 1424 426 llabtbildis,
1443 358 1513 412 mira
1536 354 1677 427 ,opinione
1704 356 1787 411 laudis

120 473 263 538 invitant
277 474 400 523 nostrum
416 463 562 519 amabilem
591 461 678 517 titium
705 461 928 531 lleinricumper
980 452 1237 511 vocatusesthlius
1263 451 1323 520 ejus
1341 448 1465 505 rox0tto
1484 449 1648 522 inregnum
1671 446 1787 501 homas

120 576 221 618 nomen
242 559 338 615 saltem
355 556 478 611 imitetur
492 563 520 609 ct
534 569 640 610 vocem.
657 571 669 603 u
686 552 761 607 Tunc
777 559 927 607 etvenera·
979 546 1096 617 presule
1111 543 1186 599 sedis
1204 541 1374 613 apostoticae,
1390 549 1421 594 ut
1440 537 1559 613 gloriam
1575 535 1732 608 imperialis
1744 551 1789 591 eo·

118 652 184 721 bilis
200 649 295 725 regina
307 646 484 703 hdelheitsic
499 645 537 698 ait
553 661 560 698 :
575 669 587 690 «ι
601 644 685 708 Quam
700 641 867 713 exoptabilis
886 645 928 696 est
977 653 1052 693 roua
1079 636 1244 706 perciperet,
1272 639 1299 687 et
1327 630 1466 687 Romanis
1490 635 1628 700 praeesset
1637 626 1696 696 (un.
1719 624 1787 695 sot).

119 740 203 809 huius
219 731 745 811 pueriaspectus,etquamdecorusad
762 730 927 785 intuendum
977 732 1052 786 Tunc
1077 727 1278 785 commendans
1305 739 1422 797 regnum
1449 732 1478 778 et
1511 721 1654 785 ottonem,
1682 735 1788 792 parvum

119 821 928 902 vultusllibiergoinvenieturvirgo,quaeeioonveniat
979 822 1167 885 hliumsuum,
1184 819 1237 890 pioe
1253 816 1334 872 matri
1349 823 1377 871 et
1393 813 1606 885 archiepiscopo
1636 810 1789 876 Wilbelmo,

120 922 209 980 forma
221 928 249 976 et
268 917 405 993 ingenio?
431 917 485 972 Nos
506 923 597 970 natam
622 913 756 970 habemus
776 911 925 983 parvulam,
977 930 1071 971 secum
1086 911 1148 968 tulit
1160 909 1243 966 fortia
1257 908 1380 964 virorum
1406 912 1531 977 pectora,
1546 911 1576 958 et
1602 901 1714 958 Christo
1726 901 1790 956 dum

122 1011 235 1067 nomine
245 1009 385 1063 llemmam
400 1005 456 1077 (tot
473 1023 480 1071 ς
501 1001 619 1059 hanoilli
635 1015 818 1066 reservemus,
834 999 858 1053 si
871 999 926 1054 [teo
979 1006 1092 1062 {tomam
1103 1002 1280 1075 properabat,
1296 1001 1368 1055 sicut
1383 1014 1456 1070 papa
1483 995 1679 1062 mandaverat,
1697 996 1791 1061 [seeum

120 1104 211 1176 placet
225 1108 253 1156 et
266 1098 355 1162 vobis,
372 1104 401 1153 ut
412 1096 492 1153 nobis
506 1093 705 1167 copuleturhic
713 1108 800 1168 gener
813 1098 928 1161 exopta·
977 1096 1125 1152 comitante
1140 1093 1238 1167 regina
1255 1091 1417 1147 hdellreida.
1433 1090 1499 1146 Cum
1514 1095 1609 1144 sutem
1626 1086 1806 1158 pervenisset,

120 1195 194 1250 bilis.
218 1215 230 1244 a
253 1193 368 1248 Eoontra
387 1188 485 1244 Christi
518 1186 620 1242 famula
646 1184 765 1251 reticuit,
792 1191 821 1238 et
839 1182 925 1238 diuin
977 1186 1010 1240 ad
1024 1184 1181 1240 cathedram
1197 1181 1284 1238 sancti
1302 1180 1383 1242 Petri.
1414 1180 1496 1235 simul
1523 1176 1795 1245 oumusoreirnpe.

122 1283 303 1356 responsione
321 1281 466 1336 haesitavit.
491 1280 554 1335 Post
578 1278 639 1333 hoec
651 1276 734 1348 longa
754 1275 866 1331 trahens
879 1290 928 1330 su·
978 1275 1072 1330 rielem
1087 1289 1219 1330 coronam
1236 1271 1342 1343 accepit
1353 1286 1469 1326 munere
1484 1269 1599 1335 Christi,
1613 1275 1643 1323 et
1658 1276 1793 1337 totuspo·

121 1373 217 1445 spiriti,
234 1373 293 1427 haec
320 1370 440 1426 reddidit
464 1369 596 1424 verbata
620 1366 706 1432 Absit,
736 1371 765 1420 ul
783 1365 929 1420 denostta
979 1370 1061 1440 putus
1075 1367 1259 1423 Romanorum
1275 1371 1416 1435 sespoute
1430 1362 1593 1435 subjugavit
1606 1361 1700 1432 ipsius
1713 1358 1798 1414 domi.

122 1446 198 1537 parte
215 1462 292 1518 vobis
306 1460 416 1517 eveniat
428 1466 533 1515 tantum
545 1457 621 1513 triste
634 1476 642 1524 ;
656 1457 768 1528 expedit
781 1455 854 1511 enim
866 1454 929 1511 filiae
980 1457 1066 1523 notui,
1078 1463 1105 1511 et
1116 1453 1170 1510 sibi
1183 1453 1331 1510 solvebant
1348 1453 1462 1518 tributa,
1477 1458 1505 1507 et
1520 1458 1588 1523 post
1604 1450 1685 1504 illurn
1701 1449 1797 1505 ceteris

122 1560 218 1609 vcstrae
235 1549 351 1607 feliciori
366 1565 397 1604 se
416 1548 474 1604 viro
489 1547 651 1619 adjungere.
667 1546 722 1600 lloc
748 1560 851 1599 nomen
865 1551 931 1600 tunc
980 1545 1038 1600 suis
1051 1542 1170 1615 posteris
1189 1546 1243 1612 (aa.
1259 1540 1323 1606 98²2,
1340 1541 1416 1595 Febr.
1442 1541 1479 1604 2t.
1494 1539 1615 1595 interim
1632 1537 1797 1594 venerabilis

121 1641 295 1698 solummodo
314 1640 399 1694 decus
414 1637 521 1700 habuit,
542 1635 674 1707 quamdiu
698 1634 828 1690 dominus
840 1641 934 1689 noster
984 1635 1079 1711 regina
1091 1635 1165 1690 inter
1178 1648 1257 1704 spem
1270 1640 1298 1687 et
1307 1639 1413 1687 metum
1424 1631 1582 1705 angebatur
1594 1630 1695 1698 dubia,
1709 1637 1795 1685 utrum

121 1729 266 1785 lleinrieus
280 1727 357 1782 vixit.
374 1726 521 1798 Postquam
536 1733 629 1779 autem
646 1724 674 1776 in
696 1731 822 1793 posteros
845 1723 931 1790 venit,
984 1730 1042 1786 titio
1057 1744 1108 1784 ouo
1123 1728 1282 1784 evenissent
1297 1742 1430 1799 prospera
1443 1742 1477 1781 an
1494 1727 1624 1793 adversa,
1640 1735 1670 1781 et
1690 1741 1740 1797 pro
1752 1725 1793 1779 in-

72 1822 77 1835 ’
121 1835 272 1892 numquam
289 1817 442 1874 infortunio
457 1816 556 1872 caruit.
574 1814 643 1879 Quid
658 1814 775 1869 dicimus
797 1817 832 1870 de
845 1831 933 1890 angn-
984 1818 1146 1875 columitate
1159 1817 1220 1885 eius
1233 1817 1296 1872 vitae
1317 1815 1373 1871 beo
1388 1830 1500 1886 semper
1512 1813 1620 1870 obtulit
1633 1811 1792 1870 sacrificium

121 1912 181 1967 stiis
191 1919 218 1966 et
233 1908 457 1966 tribulationibus
482 1923 551 1979 quas
578 1905 708 1962 sustinuit
730 1906 932 1978 pateripsius?
981 1912 1189 1970 ooutinuatione
1214 1926 1326 1982 precum
1348 1917 1376 1965 et
1408 1909 1536 1984 largitate
1568 1909 1790 1964 elemosinarum.

123 2002 177 2060 Sed
188 2002 261 2057 enim
277 2000 370 2056 adhuc
383 2000 412 2054 in
431 1999 524 2054 divina
539 1998 721 2068 dispositione
736 2005 777 2053 est
789 1998 854 2069 quid
869 1999 932 2055 huie
980 2005 1056 2060 Tunc
1074 2005 1155 2059 etiam
1171 2002 1324 2058 construxit
1336 2001 1533 2057 monasterium
1548 2000 1580 2055 iu
1596 2000 1711 2056 civitate
1722 1999 1790 2055 llort·

123 2095 223 2150 debeat
236 2093 371 2148 accidere.
386 2092 535 2162 Speremus
550 2099 651 2153 autem,
677 2090 730 2145 boc
753 2105 854 2145 nomen
874 2106 930 2148 nou
981 2093 1167 2149 husunensill
1187 2107 1326 2148 consensu
1355 2092 1398 2146 sui
1428 2090 1534 2162 parvuli
1551 2090 1668 2161 nepotis
1681 2088 1787 2154 ottonis,

122 2186 250 2243 excidere
261 2186 295 2240 de
310 2199 413 2257 genere
424 2190 529 2250 nostro,
546 2182 705 2254 priusquam
720 2181 821 2253 aliquis
834 2198 931 2252 parvu·
981 2203 1030 2260 pro
1042 2187 1134 2242 anima
1148 2186 1222 2259 regis
1248 2185 1370 2240 lleinrioi
1400 2191 1428 2240 et
1451 2183 1494 2239 sui
1518 2182 1662 2240 carissimi
1679 2181 1738 2251 ulii,
1749 2182 1785 2238 eni

124 2275 167 2331 lus
181 2289 270 2346 nepos
285 2274 391 2329 oriatur
414 2272 449 2326 de
464 2272 588 2341 ejusdem
618 2271 723 2342 parvuli
746 2272 861 2339 semine,
882 2273 930 2345 qni
981 2276 1177 2348 patrisnomen
1192 2274 1370 2345 imposuerat,
1395 2279 1423 2328 et
1443 2273 1577 2345 quemin
1594 2272 1712 2344 prefata
1728 2273 1784 2328 ciii·

123 2363 287 2420 sublimetur
302 2361 387 2436 regali
403 2361 575 2436 dignitate.»
592 2360 657 2426 Quis
668 2360 793 2416 liautom
811 2361 928 2428 dubitet,
981 2373 1035 2421 tate
1048 2373 1249 2436 procreaverat.
1278 2363 1336 2418 lllie
1364 2368 1585 2438 congregaverat
1611 2360 1784 2418 termulana'·

122 2452 445 2511 electaethristitamutre
461 2451 634 2522 prophetiam
651 2451 678 2504 in
701 2450 930 2507 christianissimo
980 2472 1106 2513 sororum
1122 2457 1176 2511 [leo
1190 2464 1218 2512 et
1239 2456 1329 2510 beatae
1344 2454 1434 2510 Mariae
1459 2454 1563 2528 virgini
1589 2454 1773 2510 famulantium

122 2560 186 2618 rege
202 2541 328 2597 heinrico
344 2556 417 2596 nune
446 2555 506 2595 esse
532 2538 758 2610 impletam3qni
775 2537 836 2593 sine
864 2539 889 2593 vi
903 2547 931 2595 et
981 2549 1093 2606 lutauaa
1111 2549 1327 2622 pervulgabatur
1347 2547 1439 2604 onom
1462 2548 1627 2619 imparatum
1656 2548 1780 2611 mamm,

122 2639 207 2695 arinis
221 2638 343 2708 suscepit
369 2635 478 2692 culmen
506 2635 660 2711 regiminis.
690 2641 719 2689 et
742 2626 931 2706 tranquilitate
982 2660 1057 2700 ouum
1078 2643 1211 2716 optimam
1227 2649 1341 2698 matram
1357 2642 1474 2698 nimium
1487 2643 1649 2699 uouimmaui
1676 2642 1710 2698 do
1734 2643 1781 2711 ajuro

123 2730 199 2802 pacis
215 2745 288 2784 nuno
304 2733 379 2783 tenet
394 2727 527 2782 honorent
539 2724 710 2800 dignitatis?
731 2724 809 2781 Ores
825 2725 932 2779 lleinri·
982 2735 1108 2791 aoououa
1121 2753 1128 2802 3
1143 2735 1191 2807 qui
1205 2734 1275 2790 mmo
1288 2749 1423 2790 aoaauoua
1437 2749 1533 2790 umora
1547 2733 1657 2790 curiora
1669 2734 1780 2790 diruam

121 2838 164 2889 ee,
184 2820 282 2876 merito
291 2818 438 2882 laudande,
456 2818 541 2874 indue
554 2817 637 2873 etiam
652 2823 735 2888 atque
751 2816 834 2870 etiam
845 2817 932 2873 menti
980 2828 1086 2894 uiuam,
1105 2827 1196 2883 amum
1207 2826 1320 2898 uotiuum
1334 2827 1447 2882 Romam
1461 2834 1491 2881 aa
1501 2825 1634 2897 uomauta
1650 2828 1687 2882 ‘m
1700 2827 1781 2884 cuma.

122 2920 176 2968 tuae
191 2911 364 2983 prophetiam
380 2909 834 2984 insignisreginaeetcognoscete
849 2914 931 2963 unte
981 2925 1037 2973 ram
1052 2917 1204 2984 colomam,
1237 2917 1286 2973 uui
1301 2915 1387 2973 fmrau
1411 2918 1472 2989 ujus
1499 2918 1594 2976 Bruuu
1620 2919 1781 2976 uuuuuuuuu

122 3002 264 3077 dignitatis
283 3001 441 3057 ascendisse
455 3000 554 3057 solium
571 3016 620 3072 per
645 3000 733 3072 ipsius
746 3000 931 3056 interventum
983 3008 1223 3078 archipraesulatus
1252 3006 1365 3062 tonabat
1391 3006 1504 3062 infulam
1531 3011 1590 3075 (aa,
1623 3009 1688 3075 905,
1714 3011 1781 3066 uos,-

122 3109 150 3153 et
164 3097 304 3153 meritum.
321 3096 454 3150 Dominus
465 3095 733 3165 deusomnipotens,
747 3093 795 3165 qui
810 3099 836 3150 te
848 3092 933 3165 elegit
982 3098 1069 3157 tuml-
1086 3096 1144 3152 lllic
1168 3105 1263 3152 saneta
1291 3096 1458 3152 venerabilis
1488 3097 1589 3172 regina
1616 3098 1675 3154 tilio
1686 3098 1780 3154 obrinn

122 3199 150 3244 et
163 3188 225 3244 sine
249 3186 276 3242 vi
291 3187 400 3242 culmen
435 3186 549 3241 honoris
576 3184 723 3250 concessit,
753 3183 855 3239 tribuat
883 3184 933 3240 tibi
982 3185 1471 3257 venitcumnepoteparvulo,quem
1487 3185 1605 3241 Romam
1632 3186 1780 3258 petenssibi

124 3284 231 3356 copiam
242 3280 446 3337 benedictionis
458 3297 526 3348 suae,
541 3288 711 3351 coronetque
732 3286 759 3334 te
778 3295 880 3335 corona
887 3279 935 3347 ju·
983 3278 1234 3345 commendaverat,
1243 3291 1336 3333 secum
1352 3276 1435 3333 etiam
1446 3276 1600 3333 comitante
1616 3278 1697 3333 herili
1710 3291 1781 3349 puero

124 3371 205 3426 stitire
222 3388 228 3436 ;
244 3368 325 3424 iaciat
338 3375 364 3424 te
379 3368 510 3423 blandum
521 3368 604 3439 justis
619 3374 646 3423 et
662 3367 813 3423 terribilem
830 3367 931 3438 impiis,
984 3366 1123 3434 lleinrico,
1134 3382 1218 3437 quem
1232 3366 1261 3421 in
1287 3366 1348 3422 loco
1363 3365 1413 3422 tilii
1427 3366 1537 3433 dilexit,
1553 3376 1703 3440 postquam
1722 3368 1781 3422 iden

125 3459 255 3530 quatinus
264 3455 398 3527 justitiam
414 3463 552 3512 sectantes
567 3472 616 3527 per
630 3455 752 3511 lenitatis
772 3463 934 3512 mansuetu·
982 3459 1037 3514 dur
1050 3458 1219 3529 bajowariae,
1233 3457 1306 3514 filius
1320 3457 1427 3516 scilieet
1442 3458 1515 3527 ejus,
1536 3474 1570 3515 ex
1597 3461 1652 3517 bac
1670 3461 1721 3517 vita
1738 3461 1782 3515 dis

125 3548 219 3602 dinem
235 3545 411 3613 corrobores,
424 3552 451 3601 et
461 3555 587 3601 errantes
603 3545 773 3616 periustitiae
783 3545 933 3602 districtio·
983 3551 1077 3607 cessit.
1093 3550 1173 3605 Venit
1187 3556 1215 3605 et
1229 3551 1325 3626 regina
1340 3550 1464 3616 Gerbirc,
1478 3557 1584 3607 sanctae
1595 3552 1646 3607 Dei
1662 3552 1783 3608 blitildis

126 3634 341 3692 nemterrilices.
364 3634 484 3710 Angelus
499 3634 644 3690 Dominite
658 3650 769 3705 semper
783 3635 932 3705 praecedat,
983 3639 1083 3712 regalis
1098 3647 1250 3695 conventus
1278 3644 1433 3710 postremos
1453 3639 1623 3696 alterutrum
1652 3642 1785 3698 deditam·

124 3728 270 3786 comitetur
287 3734 315 3783 et
330 3727 526 3798 subsequatur,
547 3725 594 3797 qui
614 3740 712 3781 omnes
726 3724 934 3781 actustuosdi-
985 3733 1127 3804 proxumae
1152 3731 1209 3786 illio
1236 3730 1325 3787 sortiti
1353 3739 1418 3787 auor
1453 3725 1579 3788 aramma
1605 3732 1785 3790 auuoumjumo

124 3819 205 3891 rigat,
221 3824 248 3871 et
262 3824 377 3871 cunctos
393 3815 521 3870 inimicos
532 3813 584 3869 sub
599 3814 653 3869 tuis
666 3814 785 3886 pedibus
796 3821 933 3880 conterat,
983 3820 1079 3887 verba,
1095 3819 1123 3874 id
1151 3820 1189 3875 ita
1213 3820 1380 3891 disponente
1409 3819 1503 3875 diviua
1523 3820 1685 3878 otumauua,
1701 3822 1785 3877 poam

125 3904 851 3980 utadproiectumsunotaeecclesiaediuturnovivas
864 3911 934 3960 tem
984 3910 1114 3976 animoa
1143 3925 1199 3966 uon
1226 3909 1354 3965 nidorum
1378 3909 1408 3965 iu
1437 3911 1489 3966 hoa
1524 3913 1641 3968 moa-uati
1671 3927 1787 3985 mmm,

125 4014 202 4070 tiore»
218 4003 246 4053 el
265 3995 440 4069 postmodnm
454 3993 537 4048 Vitam
553 3991 693 4064 percipi&
721 3993 781 4047 Sine
797 3991 862 4049 fine·
877 3993 934 4048 Au·
983 4001 1033 4058 sed
1046 4009 1228 4072 utaperiamus
1243 4001 1272 4057 in
1289 4008 1393 4057 oeterna
1408 4016 1482 4057 nunc
1496 4005 1680 4077 congaudent
1691 4006 1785 4076 requie.

125 4104 167 4150 tor
194 4092 276 4161 hujus
302 4091 421 4146 dictatus
447 4103 503 4144 non
529 4087 678 4145 omitteret.
708 4087 775 4159 quin
794 4088 856 4154 tibi,
886 4103 932 4143 rex
1019 4096 1063 4152 22,
1080 4097 1215 4164 Quomodo
1242 4099 1360 4166 uestigio
1380 4099 1434 4167 sitit
1464 4098 1572 4155 osone
1592 4101 1786 4157 scoacum.

124 4184 254 4260 gloriose,
270 4189 411 4255 perpetuae
425 4179 565 4236 felicitatis
585 4186 612 4234 et
632 4177 932 4249 mundauaeprosperi-
985 4185 1054 4261 Ergo
1069 4186 1168 4241 inclita·
1189 4185 1285 4260 regina
1311 4186 1431 4257 primuni
1454 4202 1592 4244 acsesare
1622 4199 1651 4246 et
1665 4190 1724 4247 tilio
1743 4203 1788 4245 suo

28 4273 31 4279 ”
125 4276 190 4330 tatis
205 4274 268 4346 plus
282 4277 435 4343 exoptaret,
455 4271 479 4324 si
489 4285 544 4325 non
555 4268 590 4324 ab
617 4268 719 4324 invidis
730 4268 820 4342 magis
845 4270 935 4341 depu-
986 4276 1196 4348 archiepiscopo
1212 4276 1341 4332 brunone
1369 4275 1528 4348 oeterisque
1555 4276 1617 4333 illic
1635 4278 1789 4334 conducati-

124 4375 229 4424 taretur
254 4362 448 4436 vituperationi
468 4362 644 4426 adulationis,
661 4379 742 4434 quam
765 4363 872 4420 caritati
886 4333 972 4419 νε-Ῑ)
988 4371 1039 4426 bus
1053 4369 1207 4427 honorifica
1227 4377 1366 4442 suscepta,
1386 4385 1451 4426 suos
1465 4371 1562 4446 gavisa
1578 4380 1624 4427 ost
1641 4389 1672 4428 oa
1697 4373 1788 4428 vidisse

48 4524 58 4538 ι
125 4460 221 4515 ritatis.
234 4458 387 4528 Supersunt
402 4455 519 4526 plurima
533 4455 568 4511 de
579 4461 604 4510 te
615 4454 793 4512 laudabiliter
805 4456 933 4522 dicenda
985 4458 1093 4514 filioset
1107 4465 1234 4530 nepotes,
1255 4472 1364 4515 necnon
1384 4455 1491 4514 Christo
1505 4458 1650 4517 referebat
1663 4462 1753 4517 laudes
1764 4466 1788 4514 st

125 4551 175 4607 sed
189 4551 249 4606 haec
262 4546 499 4621 pretermittenda
524 4554 600 4615 sunt,
616 4553 647 4604 ut
660 4561 708 4603 ora
720 4547 876 4605 invidorum
887 4548 937 4604 ob·
985 4551 1086 4624 gratiss
1101 4565 1151 4622 pro
1163 4549 1353 4606 incolumitate
1372 4551 1508 4606 omnium.
1525 4551 1628 4607 Postea
1636 4567 1702 4608 vero
1714 4567 1787 4625 quau

126 4648 276 4698 struantur.
985 4661 1016 4701 se
1028 4651 1124 4700 mutuo
1134 4646 1297 4710 salutarunt,
1314 4644 1431 4720 ingressi
1451 4650 1516 4701 sunt
1536 4645 1711 4713 cubiculum,
1725 4646 1788 4702 ister

161 4734 208 4790 dl.
229 4737 266 4789 De
290 4734 415 4788 tinctione
443 4732 548 4788 oannis
564 4733 647 4800 repis.
676 4731 880 4788 devertendum
894 4741 936 4790 est
987 4750 1016 4790 se
1032 4734 1217 4806 producentes
1228 4733 1533 4806 iamilisrecoloquium
1565 4735 1787 4794 luterimiutroiit

126 4836 169 4886 est
182 4828 217 4885 ad
238 4827 339 4899 priora,
349 4833 378 4882 at
393 4825 521 4882 adfinem
534 4826 851 4898 perducanturincepta.
871 4826 936 4884 Cum
987 4827 1136 4897 episeopus
1149 4826 1309 4883 baldericus
1320 4827 1386 4899 (ll),
1403 4827 1451 4899 qui
1474 4827 1528 4882 luit
1541 4829 1679 4904 magister
1694 4829 1786 4884 Brano-

126 4921 209 4997 igitur
241 4919 324 4992 longe
350 4918 459 4990 lateque
485 4917 693 4991 divulgarentur
719 4917 938 4975 innumerabiles
987 4919 1031 4973 nis
1045 4917 1248 4990 archiepiscopi
1263 4918 1785 4991 temporibusregislleinriei,etonni·

804 5043 915 5099 VlllllAE
934 5042 1123 5100 LECTlONES.

162 5143 186 5182 ⁷⁸
200 5144 266 5211 Quis
286 5143 404 5211 dubitet,
421 5142 492 5198 hanc
508 5143 683 5216 prophetiam
699 5144 727 5198 in
748 5142 876 5199 lleinrico
889 5142 1123 5226 babenbergense
1158 5143 1246 5215 ipsius
1260 5142 1340 5215 pueri
1360 5150 1456 5215 postea
1469 5142 1528 5200 filio
1543 5143 1733 5216 adimpletam,
1747 5141 1783 5215 qai

135 5224 197 5289 post
206 5217 335 5272 ducatum
352 5215 476 5285 bajoarie
489 5216 592 5287 optime
608 5214 841 5282 administratum,
867 5215 965 5272 Ottone
985 5224 1071 5272 tercio
1098 5216 1263 5287 imperatore
1284 5215 1442 5271 reverendae
1456 5215 1546 5286 ipsius
1560 5216 1782 5287 Eshthildispro·

128 5297 230 5359 nepote
245 5287 387 5352 defuncto,
397 5286 458 5358 ipse
474 5285 670 5343 nichilominus
684 5300 825 5359 pronepos
836 5285 946 5359 imperii
961 5287 1084 5357 suscepit
1098 5301 1229 5343 eoronam
1250 5286 1266 5341 i
1284 5286 1413 5343 Preterea
1427 5287 1525 5342 eadem
1552 5287 1603 5344 Dei
1617 5286 1728 5354 lamule,
1740 5295 1781 5342 ets.

127 5357 156 5426 2,
171 5359 193 5392 Π
211 5359 423 5414 northusunensi
439 5358 467 5413 l.
483 5362 647 5414 constanter.
662 5358 738 5412 -in
754 5364 843 5414 castro
853 5358 1014 5414 Nortbusun
1030 5358 1048 5412 2
1070 5358 1093 5393 ⁷⁸
1107 5361 1149 5415 ita
1166 5363 1191 5415 et
1204 5357 1232 5415 2.

162 5529 217 5602 (ω)
229 5530 326 5602 Nupsit
341 5548 365 5587 a.
381 5531 435 5589 966
450 5531 578 5587 lothario
594 5527 652 5602 regi
663 5529 812 5588 Gallorum,
909 5459 1014 5517 Nom·

163 5603 218 5673 (tt)
230 5601 413 5673 Trajectensis
427 5622 436 5672 ς
454 5617 510 5660 non
524 5610 555 5659 ut
569 5601 746 5658 ekkehardus
761 5603 828 5671 vult,
845 5602 1032 5661 Leodioousqg
