3840 6106
119 255 174 311 857
411 255 453 310 DE
473 254 605 312 CHRISTI
623 255 805 313 llllUldPlllS
824 257 910 314 APUD
930 257 1065 314 tratttti
1085 256 1173 313 Lllllll
1193 255 1259 311 titt.
1279 285 1314 298 -
1333 254 1396 310 tto.
1417 254 1482 308 xlv.

836 515 842 526 ·
881 436 986 493 eleut
1010 439 1041 492 V.

667 566 707 626 De
721 566 882 645 Spoletcno
896 567 996 626 saneti
1012 567 1102 627 Pauli
1116 567 1249 627 ecclesio.

120 712 265 782 Spoletum
281 710 364 766 rutilo
379 710 488 766 Petrum
500 712 648 782 splendore
667 712 796 769 decoram
948 713 1127 787 Abbeaecata
1140 712 1225 767 minis
1236 719 1277 767 ast
1292 710 1427 765 illustrata
1440 709 1580 781 trophaeis.

120 802 295 857 Praetulimus
304 801 461 874 claramque
478 802 531 872 piis
545 803 704 875 celsamque
718 803 860 876 palaestris.
985 806 1121 879 Frangere
1130 806 1251 861 clausam
1265 802 1363 858 adiens
1378 799 1538 872 prohibetur
1554 797 1623 853 inire
1640 806 1790 869 patentem,

122 894 195 948 llanc
209 894 291 947 etiam
309 893 385 947 Pauli
397 893 504 964 pollens
522 893 643 949 Ecclesia
659 894 757 949 lustrat
985 895 1069 959 Quam
1084 893 1149 948 dum
1157 894 1249 947 lumen
1259 891 1325 973 adit.
1343 889 1479 945 tumidum
1492 886 1581 961 caligo
1591 886 1712 959 subegit,

122 987 154 1039 ut
167 985 258 1055 palma
277 985 353 1052 lirici,
369 985 489 1057 caligine
505 986 621 1042 luminat
631 987 728 1054 hostis,
985 988 1229 1060 Furequeeaecato,
1241 983 1305 1039 lidei
1321 981 1429 1057 fulgore
1450 979 1580 1054 llagraute

123 1076 218 1131 Clausa
233 1076 291 1147 lupi
308 1075 398 1143 luriis,
412 1077 477 1152 agui
493 1077 542 1132 sed
557 1085 653 1150 aperta
668 1077 825 1152 triumphis,
985 1079 1105 1135 Ecclesia
1122 1078 1219 1133 invasu
1228 1074 1415 1148 reprimuntur
1423 1069 1535 1126 luminis
1549 1069 1651 1125 hostes.

878 1252 982 1308 CAPUT
1003 1253 1048 1307 vt.

711 1385 749 1443 lle
760 1394 862 1445 sancto
879 1386 1052 1445 Eleutherio
1067 1391 1210 1459 martyre.

121 1523 209 1577 Patris
223 1523 373 1577 Eleutherii
390 1524 513 1594 probitas
528 1525 573 1579 bie
583 1525 656 1580 clara
669 1533 805 1593 coruscat,
986 1526 1036 1592 oui
1047 1525 1215 1598 signansque
1230 1523 1303 1579 diem
1322 1521 1502 1597 gaudensque
1525 1521 1559 1575 ad
1585 1521 1697 1592 praemia
1712 1520 1798 1576 fertur

122 1612 159 1664 ild
176 1612 258 1665 tritam
274 1612 407 1682 lacrymas
421 1612 500 1680 eujus
516 1627 660 1668 revocasse
676 1613 795 1668 cadaver
987 1617 1097 1688 llystica
1110 1615 1198 1686 poscit
1213 1630 1299 1671 ovans
1308 1629 1420 1670 carmen
1435 1613 1553 1684 prolibat
1567 1613 1733 1684 ethymnos,

120 1702 249 1757 Testibus
260 1703 373 1757 asseclis
384 1702 531 1776 Gregorius
544 1703 643 1759 asserit
655 1704 745 1759 almus
763 1723 769 1770 ;
987 1709 1062 1764 l‘erie
1079 1723 1195 1763 monens
1209 1704 1319 1772 iratres,
1331 1704 1385 1761 ciet
1400 1705 1434 1759 ad
1449 1720 1534 1779 regna
1547 1705 1601 1759 alta
1611 1704 1734 1760 sodalem
1752 1722 1759 1758 r

120 1792 177 1846 llee
192 1791 256 1846 silet
269 1792 376 1846 obtenti
389 1807 438 1863 per
450 1808 513 1847 oum
523 1790 576 1848 sibi
587 1793 661 1848 «lona
675 1793 789 1867 rigoris,
987 1823 1001 1853 a
1020 1800 1096 1865 Urso,
1113 1799 1175 1854 veni
1191 1795 1332 1853 elamausl
1352 1827 1359 1838 -
1385 1797 1454 1852 socii
1470 1812 1521 1851 nee
1536 1805 1629 1852 mente
1647 1803 1796 1867 capessunt

120 1881 232 1936 Fllfflall
246 1882 373 1938 &flumen
386 1883 520 1938 ⁸l⁰m³0hl
532 1883 639 1953 ieiunia
655 1883 708 1938 Γῑῑθ
986 1896 1071 1961 Dicta,
1087 1909 1138 1948 nec
1152 1893 1298 1947 advertunt
1311 1890 1483 1964 quodlassua
1492 1907 1574 1963 quem
1588 1890 1725 1951 vocitarit,

121 1972 201 2027 felte
211 1973 317 2041 damma
333 1974 417 2046 positi
431 1975 473 2028 ΨΘ]
489 1975 601 2030 Vincere
615 1974 878 2047 ponderisaequum.
986 1989 1053 2042 llum
1070 1992 1132 2056 post
1147 1985 1217 2040 seire
1230 1985 1310 2040 datur
1324 1990 1460 2039 semotum
1477 1983 1585 2038 tramite
1599 1982 1682 2057 longo

120 2069 154 2120 tt
169 2068 235 2122 dum
252 2085 352 2143 magna
366 2076 456 2140 patrat
472 2069 607 2141 premitur
621 2076 713 2125 tamen
730 2070 789 2139 ipse
798 2069 900 2125 libratu
988 2075 1144 2132 necessisse
1161 2082 1266 2144 patrem
1283 2071 1545 2146 rebuscoguomiuis
1562 2071 1652 2139 hujus.

120 2160 226 2214 Divinae
239 2161 402 2216 moderante
417 2177 516 2217 uranus
525 2162 585 2233 qui,
596 2161 662 2217 sede
679 2169 820 2233 receptum
988 2165 1126 2220 llomento
1142 2164 1196 2218 boe
1211 2161 1308 2217 lultum
1324 2160 1490 2216 venerandis
1498 2159 1675 2231 actibusipso

119 2248 346 2320 applicitumque
362 2248 442 2323 nigro
459 2265 574 2320 puerum
591 2251 887 2323 spurcaminepurgat,
989 2258 1123 2327 suprema
1139 2260 1192 2310 stat
1208 2253 1356 2309 eleutherii
1367 2253 1490 2324 quivoce
1503 2251 1627 2306 citatum.

119 2341 209 2404 Quem
227 2339 350 2396 trucibus
364 2341 475 2397 solvunt
490 2342 536 2413 pia
551 2342 735 2399 contubernia
750 2343 859 2409 uinclis,
992 2344 1147 2419 virgineam
1163 2351 1241 2414 pater
1256 2343 1299 2397 hic
1314 2349 1435 2396 mentem
1453 2339 1517 2394 dum
1531 2338 1642 2394 dotibus
1657 2346 1745 2401 ornat,

120 2431 758 2506 lnsuetoqueleruntnoetesduetarequietas,
993 2437 1100 2495 Christo
1133 2436 1301 2502 defunctam,
1326 2433 1529 2504 mundumque,
1558 2439 1718 2503 patremque
1748 2446 1800 2486 ne-

118 2524 287 2594 Tripudiaus
299 2523 382 2579 donis
395 2531 566 2596 poteratque
583 2524 737 2597 improvida
745 2525 853 2594 jactans
1646 2524 1765 2599 [gentem

119 2613 228 2668 Gaudia
241 2612 433 2684 subprimllsstt
447 2628 534 2686 puelli
545 2615 754 2689 adlusstprisca
770 2617 901 2687 relat>³03
988 2627 1077 2680 iturea
1093 2625 1166 2682 dona
1183 2626 1268 2683 lutum
1285 2623 1378 2697 sponsi
1394 2623 1542 2695 splendore
1556 2626 1708 2693 putantem,

119 2706 209 2769 Quem
219 2705 345 2775 lacrymae
361 2704 473 2760 demum
500 2714 528 2761 et
543 2706 684 2762 redimunt
706 2706 938 2777 jejunialratrum
989 2717 1074 2782 Quam
1088 2717 1129 2773 sic
1139 2718 1223 2794 digna
1236 2719 1318 2790 capii,
1335 2715 1394 2791 regi
1407 2731 1491 2788 quam
1505 2721 1582 2789 grata
1592 2728 1676 2784 super

120 2792 304 2864 Perleeteque
319 2804 413 2849 mlflssl
426 2794 532 2866 degens
550 2795 577 2849 5¹¹
591 2803 693 2850 caelssta
703 2795 783 2850 libes·
990 2806 1117 2863 Ruricola
1132 2818 1246 2879 accepto
1259 2806 1451 2878 increpituque
1462 2805 1568 2859 latrone
1585 2802 1689 2875 fugato.

120 2889 290 2944 Germanum
306 2889 352 2945 hic
371 2889 481 2946 fratrem
492 2890 597 2946 clarum
612 2893 749 2963 probitate
759 2895 894 2949 loannem
991 2895 1068 2950 Haud
1080 2895 1184 2967 aliquid
1192 2895 1264 2964 juris
1279 2911 1323 2950 res
1345 2894 1373 2948 in
1386 2892 1513 2948 candoris
1526 2891 1648 2945 habente

126 2979 404 3052 Extulcratpraoscita
414 2982 466 3053 piae
476 2983 519 3038 cui
531 2983 619 3056 gloria
634 2992 725 3049 metae,
991 2987 1038 3042 Vel
1050 2996 1187 3044 temerare
1203 2988 1311 3044 valente
1328 2987 1420 3042 datum
1435 2985 1488 3040 nisi
1503 2984 1611 3055 uirgine
1627 2989 1748 3054 portum.

864 3146 968 3203 CAPUT
994 3149 1049 3204 vtt.

723 3279 762 3338 De
773 3288 876 3340 sancto
892 3279 1009 3341 Jooone
1025 3284 1200 3356 consessore.

120 3405 249 3461 loannes
259 3405 364 3476 Syriam
381 3407 490 3462 virtutis
505 3408 765 3481 culminolinquens
988 3411 1130 3467 lloboreos
1144 3412 1205 3467 sine
1220 3427 1297 3467 more
1313 3410 1546 3466 ridentlrondere
1561 3411 1690 3476 lacertos,

121 3499 329 3572 Ausoniamque
337 3511 447 3572 petens,
468 3503 653 3559 Penarensem
682 3504 821 3561 illuminat
841 3506 937 3560 urbem
989 3498 1145 3572 vestirique
1160 3501 1224 3557 dato
1239 3515 1294 3556 uon
1311 3499 1339 3554 in
1355 3515 1405 3555 sua
1419 3505 1544 3569 tempora
1558 3498 1643 3552 cultu.

122 3592 348 3664 Perquirensque
361 3591 452 3648 locum
464 3601 528 3650 tutae
543 3604 571 3649 et
582 3596 711 3651 stationis
725 3597 857 3671 agellum,
967 3648 974 3668 ,
990 3587 1110 3644 Scitatus
1120 3590 1183 3662 quis
1196 3599 1224 3645 el
1235 3590 1308 3644 unde
1319 3588 1432 3644 d⁰¹¹¹1111¹
1449 3588 1574 3658 (limium
1587 3594 1715 3641 ¹¹¹⁰lssll¹l

123 3683 259 3738 psalterio
271 3683 325 3738 1310
336 3684 385 3739 sod
400 3700 462 3740 mox
476 3686 510 3741 ad
525 3694 588 3742 vota
602 3688 700 3753 rotato,
952 3654 975 3714 [¹
988 3675 1024 3732 Se
1040 3677 1140 3736 Christi
1160 3679 1242 3735 modo
1258 3678 1372 3734 servitio
1387 3677 1497 3731 uenisse
1517 3674 1628 3740 latetur,

124 3774 228 3848 [teligit
240 3774 284 3829 bic
294 3783 403 3847 sumpto
418 3777 516 3833 collata
528 3778 683 3836 habitacula
696 3780 794 3855 signo;
990 3773 1045 3828 lloc
1055 3773 1153 3841 sejure
1170 3770 1247 3839 locis,
1264 3770 1317 3825 hoc
1328 3768 1419 3824 sidere
1429 3765 1611 3822 ruribusillis.

122 3865 231 3919 Certior
243 3864 369 3939 angelico
380 3865 447 3936 quin
459 3865 560 3922 lamine
574 3869 704 3939 protinus
718 3870 795 3926 audit
989 3866 1049 3920 Visa
1065 3863 1156 3919 lerunt
1171 3862 1293 3935 populis,
1309 3858 1449 3916 turmatim
1464 3858 1551 3912 densa
1566 3855 1693 3911 teruntur

124 3956 265 4010 lluncsihi
275 3956 325 4011 rite
337 3956 427 4012 locum
441 3957 557 4016 Domino
573 3968 721 4031 prestante
736 3964 900 4033 parandum,
987 3958 1113 4034 Agmina,
1126 3955 1262 4027 stipantes
1276 3964 1379 4009 coeunt
1388 3953 1447 4006 haee
1460 3950 1550 4006 visere
1562 3956 1658 4004 turmae
1674 3967 1681 4013 ;

123 4045 251 4119 [tegendi
266 4053 374 4116 portum
387 4061 539 4120 cursusque
554 4049 662 4121 uiaque
678 4050 815 4107 levamen.
989 4049 1082 4105 Castra
1097 4049 1224 4105 locantur
1239 4048 1324 4102 humo
1339 4045 1399 4100 solo
1413 4041 1564 4119 gaudentia
1576 4041 1657 4106 cralo,

124 4133 248 4188 Canebat
257 4132 380 4204 glacialis
395 4134 502 4206 hyems,
514 4151 613 4192 nemus
625 4153 708 4193 omne
723 4140 833 4215 rigebat
989 4142 1140 4198 Praeticitur
1155 4138 1301 4196 certaturis
1314 4135 1472 4193 certaminis
1487 4149 1610 4205 auspex3

124 4229 257 4283 lturatum
274 4229 435 4301 nudumque
451 4245 532 4286 coma
552 4232 744 4306 scriptumque
756 4237 866 4307 pruina,
988 4240 1125 4313 Aggregat
1144 4244 1226 4307 atque
1242 4235 1310 4310 regit
1326 4233 1443 4291 homino
1470 4230 1632 4286 moderante
1651 4234 1798 4293 catervas;

123 4319 231 4391 illeque
242 4319 294 4374 sub
308 4321 382 4376 vidui
402 4322 542 4381 residebat
553 4325 675 4398 tegmine
686 4327 754 4403 ligni
770 4346 777 4395 ;
989 4327 1036 4383 Sic
1049 4335 1147 4399 quater
1160 4325 1288 4381 undenos
1303 4322 1412 4395 pollens
1426 4320 1573 4377 virtutibus
1588 4331 1677 4373 anrros

125 4412 232 4467 l‘enatu
246 4412 311 4469 lessi
322 4421 384 4486 post
397 4414 481 4490 longa
492 4416 635 4474 volumina
644 4419 743 4481 saltus.
990 4417 1058 4473 lline
1072 4423 1199 4487 sumptus
1212 4413 1308 4485 requie
1328 4410 1430 4467 renitet
1444 4407 1601 4480 splendoris
1616 4407 1731 4469 honore.

125 4502 233 4559 Erroris
245 4503 311 4560 dum
325 4513 390 4561 nota
404 4513 503 4578 petunt
522 4508 659 4565 solamina
673 4510 760 4585 longi,

868 4649 972 4706 CAPUT
994 4649 1065 4705 vlit.

732 4781 770 4840 De
783 4790 885 4841 sancto
904 4779 1048 4841 Corsicae
1061 4786 1204 4854 nrurtpre.

125 4911 209 4981 Syllae
220 4909 310 4964 lorum
323 4927 378 4982 qua
390 4911 402 4964 l
411 4911 538 4968 assianus
548 4915 637 4990 gloria
949 4919 977 4988 Ι)
991 4914 1128 4986 baturque
1142 4912 1223 4969 saevis
1237 4909 1414 4981 dissipandus
1427 4908 1558 4979 parvulis,

124 5005 257 5069 lllustrat‚
273 5006 340 5072 edit,
354 5017 542 5080 concrepante
558 5011 680 5068 carmine
990 5006 1079 5063 Sumit
1093 5020 1189 5062 severa
1204 5002 1281 5058 mille
1291 5001 1532 5057 vinctusvulnera.

124 5096 254 5152 Clemens
267 5097 422 5168 palaestram
436 5099 723 5170 dissereushurelius,
989 5101 1136 5155 Crescente
1152 5112 1235 5168 poena
1246 5095 1312 5150 duro
1327 5092 1568 5152 fariseircaraitex,

127 5185 243 5241 Pictoris
257 5191 316 5241 arte
330 5202 361 5243 se
376 5187 493 5245 docente
508 5196 536 5245 et
549 5190 668 5262 hospite.
989 5187 1084 5243 Pueris
1099 5183 1221 5261 magistri
1238 5199 1288 5255 per
1306 5189 1397 5239 cutem
1412 5180 1584 5243 ludentibus,

124 5274 202 5329 ditor
219 5273 320 5330 scolari
330 5275 375 5332 hic
390 5277 560 5348 praestitutus
574 5279 688 5353 agmini,
989 5278 1061 5343 Quas
1074 5276 1134 5348 ipse
1146 5274 1231 5330 dutus
1245 5272 1471 5331 d0⁰lor0dides³l
1481 5270 1562 5334 Πῡῑίὃ,

126 5365 325 5438 Spemensque
334 5367 421 5424 sacris
435 5370 595 5441 supplicare
604 5369 741 5440 formulis,
989 5366 1111 5423 laudern
1127 5381 1218 5423 moras
1228 5364 1358 5421 luctantis
1373 5363 1438 5419 olim
1454 5358 1568 5433 spiritus

128 5454 247 5526 lmpube
260 5457 360 5531 uulgus
373 5460 485 5516 erudire
504 5468 534 5517 ut
546 5461 688 5533 panditur,
990 5460 1123 5515 idiserans
1139 5459 1253 5515 latebris
1267 5456 1380 5513 mandat
1393 5453 1499 5510 absolvi
1515 5453 1586 5507 Deus

128 5545 235 5602 budum
248 5548 364 5617 jubetur
377 5560 466 5607 morte
481 5552 598 5623 ephebis
608 5553 730 5624 praebeat
988 5554 1008 5607 Α
1027 5559 1082 5607 tam
1097 5559 1211 5609 cruento
1223 5551 1422 5607 lancinatorum
1434 5562 1519 5621 grege

126 5634 206 5705 Quos
216 5639 419 5710 supprimendo
434 5641 515 5697 seriis
528 5640 693 5712 offenderat,
988 5644 1027 5699 dd
1040 5645 1201 5719 augelorum
1216 5641 1426 5699 blandatollens
1437 5636 1569 5704 eulmina,
