3840 6106
200 296 250 352 53l
572 288 758 347 Proponunt
777 289 930 347 canoaldi
952 288 1116 345 aalttasts
1136 288 1308 345 OPL'SCULA
1327 287 1483 345 narnien.

201 451 348 516 Gazenses,
362 461 433 519 quos
451 444 614 501 verberibus
625 444 778 518 vinclisque
792 443 907 517 fatigant

202 543 287 613 impia
302 539 375 612 quod
391 538 489 595 studiis
499 538 598 593 boram
614 537 669 592 siut
684 543 767 592 strata
782 537 902 603 sacella3

201 633 328 690 Fastibus
345 631 493 697 intersunt,
510 630 617 685 laceros
632 629 761 700 saxisque
773 635 899 703 gravatos

202 729 239 782 dc
254 725 370 781 cerebro
383 724 523 794 demptos
534 699 722 777 membrorum
734 730 832 776 caetera
844 719 964 774 tlammis

202 816 272 870 liant
289 814 530 883 iumentorumque
550 818 648 865 serunt
663 809 743 864 mista
762 808 873 864 ossibus
888 824 962 873 assa,

203 908 267 972 Quae
282 920 385 977 supero
400 903 499 958 mulier
513 901 619 957 monitu
634 916 816 973 querensque
831 900 983 975 legensque

204 1001 316 1074 llelegat
331 995 505 1052 manifestato
521 994 639 1066 pervisa
654 994 777 1049 sobrino.

205 1094 238 1146 rit
253 1093 325 1146 Zeno
337 1088 480 1160 aecipiens
495 1088 640 1143 charorum
656 1087 772 1162 pignora
787 1086 900 1140 iratrum

204 1181 286 1235 lecta
301 1178 376 1234 domi
389 1183 489 1247 servat,
504 1177 569 1231 dum
586 1175 687 1247 praesul
703 1175 730 1229 in
745 1174 813 1229 urbe
824 1173 932 1229 dicatas

208 1268 323 1324 Basilica
342 1273 447 1324 structa
461 1265 561 1322 sociari
576 1265 619 1320 lris
634 1265 749 1320 Nestora
763 1269 859 1330 certat,

1770 252 1773 258 ’
1815 294 1855 352 aa

1023 431 1049 496 Α
1062 423 1113 490 Qui
1127 422 1193 478 belli
1214 437 1308 479 eomes
1321 422 1452 496 egregius
1466 437 1637 497 consorsque
1652 439 1763 481 cerame

1062 518 1192 590 Corporis
1204 517 1238 573 ad
1258 517 1379 588 speciem
1399 517 1464 572 dum
1480 517 1591 589 spirans
1608 518 1707 575 ultima
1721 520 1815 578 missus

1065 613 1174 667 Zenone
1183 609 1301 666 sollicite
1317 624 1410 665 curam
1422 617 1570 681 praestante
1586 609 1704 677 lavetur,

1066 695 1169 759 Emicat
1183 701 1317 757 emeritus
1332 700 1452 772 eoelique
1467 701 1588 774 capessit
1602 702 1750 759 bonorem.

1067 795 1188 851 lintistes
1202 794 1292 850 Zenon
1312 809 1424 867 quoque
1444 794 1623 850 centenarius
1637 795 1720 850 almis

1068 888 1172 945 Oibeiis
1182 885 1358 954 indeficiens,
1370 886 1514 942 sollemnis
1528 895 1555 942 et
1569 895 1674 955 astans,

1069 979 1125 1034 Nec
1137 978 1230 1034 minor
1244 976 1387 1049 aspicitur,
1395 976 1522 1048 requiem
1537 992 1590 1034 nec
1604 977 1705 1034 ritibus
1717 978 1804 1034 affert.

1068 1073 1134 1126 lure
1148 1068 1267 1125 maritali
1284 1075 1410 1125 ternotus
1421 1069 1548 1141 iungitur
1561 1068 1613 1139 eis,

1071 1161 1139 1217 lluic
1151 1161 1231 1217 trinae
1246 1159 1358 1235 genitor
1369 1158 1484 1226 sobolis,
1500 1159 1545 1215 bic
1558 1158 1641 1215 laude
1653 1159 1784 1232 sophistae

1071 1251 1225 1318 Excellens,
1241 1249 1366 1321 actisque
1386 1249 1506 1304 animam
1521 1248 1672 1306 vinalibus
1686 1265 1796 1306 ornans.

960 1353 1065 1412 CAPUT
1085 1350 1131 1407 lll.

817 1468 857 1527 De
878 1473 981 1526 sancto
1002 1461 1164 1522 Hilariano
1184 1454 1282 1531 (159).

207 1584 284 1638 Patre
298 1579 470 1636 Palaestinam
485 1579 586 1635 claram
603 1578 744 1633 llilarioue
760 1576 890 1642 leramuS,

1071 1589 1164 1660 Usque
1180 1586 1254 1641 diem
1270 1585 1376 1650 mortis,
1393 1583 1481 1640 necei
1495 1583 1644 1657 pretiosior
1657 1600 1780 1657 unquam

207 1672 402 1741 llierouymum
419 1684 473 1740 que
487 1669 586 1724 ducem
601 1667 662 1724 ritae
676 1667 704 1721 in
719 1681 848 1722 sermone
861 1679 1017 1736 sequamur.
1071 1682 1129 1747 Quo
1146 1678 1233 1735 semel
1247 1677 1360 1733 indutus
1371 1677 1470 1745 suem,
1486 1692 1541 1733 „on
1553 1693 1651 1734 saccus
1666 1678 1697 1733 qn
1712 1678 1794 1733 undg-
1815 1738 1817 1743 Ι

206 1758 307 1814 Scribit
318 1759 363 1813 lric.
374 1762 486 1813 exortus
502 1756 621 1827 primum
638 1761 667 1810 ut
681 1755 742 1810 rico
754 1770 840 1826 prope
856 1754 964 1819 Gazam,

207 1847 327 1903 blillrbas
342 1853 369 1901 et
383 1845 478 1917 quinis
490 1844 600 1900 distanti
618 1843 756 1900 maenibus
771 1843 859 1910 urbis,

208 1939 463 2004 NumiueTlravata,
480 1945 572 2009 partes
591 1937 637 2009 qui
655 1935 767 2008 respicit
781 1935 876 1990 austri.

210 2032 344 2088 Evolvans
358 2031 479 2102 reliquos
497 2029 560 2084 ritae
575 2046 607 2084 ae
622 2029 727 2085 virtutis
738 2044 842 2103 agones

209 2125 256 2180 llic
271 2123 344 2179 velut
355 2121 467 2193 espinis
482 2120 612 2175 redolens
629 2137 690 2176 rosa
709 2119 795 2195 surgit
809 2119 906 2183 acutis,

210 2215 385 2286 Sculptilium
402 2216 476 2270 cultu
490 2215 569 2271 saeris
583 2215 755 2290 genitoribus
770 2221 857 2280 ortas,

211 2307 385 2363 Erudiendas
400 2307 548 2363 lllexaudri
564 2306 760 2362 transmittitur
773 2305 834 2361 urlti

211 2403 478 2475 Grammatieamque
492 2403 560 2458 catis
573 2403 670 2458 didicit
689 2401 849 2457 doctoribus
864 2410 967 2457 artem:

211 2491 344 2546 Omnibus
359 2497 386 2546 et
400 2492 500 2546 altanus
515 2492 635 2546 studium
652 2506 800 2561 moresque
815 2490 932 2545 raletat.

212 2586 327 2662 Egregia
343 2587 397 2642 ritu
412 2586 509 2641 Christi
526 2603 556 2640 se
570 2586 689 2640 cultilius
705 2584 804 2639 indcus

209 2674 371 2747 dilectuque
385 2674 431 2745 pio
445 2673 582 2728 meditans
598 2672 625 2727 in
642 2673 798 2748 relligionis
812 2689 917 2728 amore.

211 2765 319 2820 lirrtoaii
333 2780 433 2819 nomeu
450 2762 554 2819 celebri
568 2779 678 2819 ramore
693 2762 814 2835 capessit

211 2860 303 2914 l'isere
314 2876 396 2931 quem
412 2858 531 2924 lcrrens,
544 2874 668 2914 cremum
686 2858 765 2929 petit,
781 2864 865 2929 utque
882 2857 988 2929 positas

211 2945 324 3015 Effectu,
337 2947 415 3003 solita
427 2953 548 3002 mutatur
560 2955 637 3002 reste
648 2946 758 3002 duobus

209 3040 359 3109 blensilrus,
374 3039 420 3094 lric
431 3039 510 3108 Juxta
524 3037 660 3094 recubans
676 3045 759 3110 atque
774 3037 859 3093 ardua
874 3037 989 3114 signans

211 3131 352 3187 Castorum
368 3131 468 3186 seriem
486 3145 590 3186 morum
606 3145 766 3201 normaeque
782 3136 919 3197 tenorem,

211 3225 295 3289 Quam
312 3223 381 3279 ioret
395 3223 500 3279 orando
511 3222 649 3288 assiduus,
665 3221 830 3277 summissus
845 3223 972 3277 alumnos

212 3319 366 3390 Excipiens,
377 3334 496 3390 acerque
504 3332 633 3383 monens,
644 3317 792 3389 alacerque
806 3318 969 3380 colrartans;

212 3408 350 3478 Asperitas
365 3406 454 3478 qrralis
469 3405 533 3460 lruic
547 3404 741 3476 propositique
757 3404 877 3477 cibique.

213 3501 251 3555 ad
267 3500 381 3572 patriam
399 3507 460 3571 post
472 3501 530 3555 llaec
544 3499 687 3555 monacbis
703 3497 809 3575 collega
824 3500 988 3572 quibusdam

214 3591 355 3647 llelnuctis
371 3591 483 3646 rediens
504 3598 580 3662 patre
597 3590 709 3662 jamque
725 3597 752 3645 et
768 3597 862 3657 matre,
880 3591 990 3646 decenti

215 3685 358 3756 llispensat
373 3683 487 3738 dimissa
503 3683 558 3738 sibi
574 3682 740 3754 patrimonia
752 3683 826 3752 jure,

214 3777 351 3832 Fratribus
371 3785 399 3832 et
418 3781 533 3846 partem,
546 3782 649 3848 partem
665 3775 781 3849 largitur
793 3776 900 3849 egenis

214 3869 254 3925 Nil
270 3869 380 3924 sibimet
394 3883 517 3923 servans.
531 3868 582 3922 Ter
593 3867 694 3939 quinos
710 3867 801 3923 nudus
812 3875 839 3923 et
854 3883 941 3923 annos

214 3960 282 4012 lium
296 3957 376 4032 regit,
393 3972 467 4010 arma
482 3971 582 4030 gerens
591 3956 700 4022 Christi,
717 3956 827 4012 deserta
838 3957 953 4025 subivit,

216 4050 290 4106 llirto
305 4049 404 4104 ruralis
424 4055 571 4117 coopertus
587 4046 708 4119 tegmine
724 4048 781 4121 sagi

216 4141 323 4196 Vestem
335 4138 534 4209 pelliceamque
546 4137 648 4201 l'erens,
662 4136 796 4191 Antonias
809 4137 848 4191 illi

216 4230 300 4296 Quam
315 4228 391 4283 dedit
411 4228 545 4282 instructo
557 4228 624 4299 juga
642 4226 713 4281 serre
728 4228 823 4282 suavia
837 4228 943 4284 Christi.

218 4324 310 4378 Carica
322 4323 378 4391 jam
393 4328 475 4377 noctu
491 4320 592 4375 lessam
610 4327 652 4375 ter
666 4320 752 4393 quina
766 4321 884 4378 cibabat.

217 4416 349 4482 Quattuor
364 4413 517 4469 huicannis
532 4423 614 4468 astas
627 4413 792 4487 pluviasque
806 4425 937 4473 removet.

217 4509 339 4582 nugulas
358 4507 472 4583 Augusti
488 4506 591 4581 tugurii
604 4508 759 4580 casulaeque
779 4508 896 4578 pusillae,

217 4604 289 4667 Quas
305 4600 380 4655 molli
393 4601 492 4670 juncto
509 4617 570 4655 curn
587 4599 676 4655 unice
690 4600 756 4655 texit
769 4609 858 4657 acuta.

1072 1768 1135 1824 Post
1151 1770 1233 1834 lotus,
1251 1767 1380 1839 lacrymis
1396 1766 1489 1823 cordis
1503 1767 1556 1822 nisi
1570 1766 1649 1822 lontc
1666 1767 1797 1839 profusis.

1071 1861 1227 1933 Scripturas
1240 1866 1350 1916 sanctas
1363 1859 1466 1915 mentis
1480 1859 1619 1915 retinebat
1633 1859 1663 1914 in
1678 1876 1753 1926 arca,

1034 1968 1059 2036 Β
1072 1956 1189 2027 Postque
1202 1968 1299 2026 preces
1310 1952 1430 2024 psalmos
1441 1953 1557 2009 Nomina
1569 1959 1599 2007 nt
1610 1959 1750 2025 presente
1759 1953 1866 2019 canebat,

1073 2044 1145 2115 (toa)
1162 2044 1208 2097 Cui
1224 2048 1303 2098 natus
1318 2041 1366 2097 ubi
1381 2041 1514 2113 praeteriit
1526 2040 1680 2097 vicesimus
1696 2058 1786 2097 annas

1073 2134 1113 2188 Nil
1128 2132 1242 2204 epulam
1259 2130 1454 2203 praeterieritis
1469 2130 1559 2186 tribus
1573 2132 1632 2187 edit
1647 2131 1677 2187 in
1694 2132 1790 2199 anuis,

1072 2221 1181 2294 Frigida
1196 2237 1279 2292 qaam
1295 2219 1378 2292 paulo
1393 2220 1533 2276 domitans
1553 2220 1744 2277 madefecerat
1759 2224 1837 2287 anda;

1072 2310 1140 2365 lliuc
1153 2310 1241 2365 tribus
1256 2315 1298 2365 est
1312 2309 1375 2364 aliis
1389 2308 1457 2375 sale,
1474 2323 1544 2380 pane
1560 2308 1683 2364 relectus
1694 2317 1723 2365 et
1737 2312 1824 2376 anda;

1072 2402 1206 2464 Quattuor
1220 2405 1261 2454 est
1276 2404 1338 2472 post
1359 2400 1430 2454 hanc
1447 2398 1542 2454 herbis
1561 2399 1723 2471 agrestibus
1741 2417 1804 2455 usus

1074 2491 1259 2556 Quorumdam
1272 2490 1377 2559 iunctis
1388 2490 1532 2546 fructicum
1547 2491 1692 2547 radicibus
1702 2508 1772 2557 esu;

1075 2581 1201 2652 Quinque
1215 2580 1317 2635 debinc
1331 2595 1430 2651 panem
1445 2580 1543 2636 mediae
1558 2581 1625 2636 daut
1639 2581 1746 2637 hordea
1760 2580 1826 2635 librae

1072 2671 1160 2743 Atque
1171 2670 1232 2726 olas
1243 2670 1347 2744 absque
1361 2669 1423 2725 oleo
1435 2669 1575 2726 modicum
1587 2677 1758 2744 coctumque
1767 2672 1864 2745 jugatur.

1075 2759 1189 2815 Laurina
1202 2758 1305 2815 deinde
1320 2759 1419 2815 videas
1431 2758 1486 2814 sibi
1500 2759 1620 2833 caligare
1635 2759 1734 2817 labora

1074 2851 1241 2923 l‘umiceqae
1255 2859 1346 2906 cutem
1361 2850 1463 2905 retrahi
1474 2851 1636 2907 scabiedine
1648 2851 1779 2924 quadam.

1076 2941 1192 2997 Praelato
1213 2940 1336 2997 fomenta
1356 2939 1420 2996 cibo
1436 2939 1578 3014 conjungii
1593 2940 1676 3008 olivi;

1077 3035 1191 3106 llocque
1211 3043 1308 3090 tenore
1323 3032 1379 3088 cibi
1394 3032 1460 3087 dum
1476 3033 1671 3108 sexagesimus
1686 3032 1727 3089 illi
1796 3051 1799 3055 ·

1076 3124 1184 3180 Tertius
1197 3133 1224 3180 et
1239 3123 1302 3180 vitze
1317 3121 1473 3194 completur
1484 3121 1605 3194 pascitur
1619 3138 1722 3191 annus,

1077 3215 1210 3269 Praeterea
1230 3212 1319 3267 victus
1334 3211 1386 3267 sibl
1402 3211 1441 3266 nil
1458 3211 1608 3282 cujuslibet
1621 3227 1729 3288 augens

1050 3346 1061 3367 .,
1076 3304 1120 3360 Sic
1134 3302 1303 3372 indefessas,
1324 3319 1386 3358 cnm
1400 3302 1455 3372 jam
1471 3301 1523 3358 sibi
1539 3300 1638 3357 adesse
1658 3300 1782 3372 palestre

1053 3389 1063 3411 ¹
1077 3396 1224 3471 belligeret
1237 3402 1348 3462 metam,
1366 3395 1447 3467 panis
1459 3392 1745 3464 contemnitolellam,

1078 3488 1319 3560 dontcmueasque
1335 3487 1395 3543 dies
1415 3486 1612 3559 octogenarius
1627 3486 1736 3559 implet,

1079 3580 1215 3634 immenso
1231 3577 1339 3633 fervore
1354 3576 1461 3645 calens,
1475 3576 1555 3650 quasi
1572 3575 1626 3632 tiro
1642 3576 1763 3632 duellum

1078 3670 1225 3742 inciperet,
1241 3669 1385 3743 solitique
1400 3678 1526 3741 tempore
1538 3683 1643 3739 ponere
1658 3667 1747 3725 multi.

1076 3761 1198 3831 Namque
1214 3759 1313 3827 larina,
1330 3758 1427 3814 lrerbis
1442 3773 1554 3830 qaoque
1569 3757 1767 3814 sorbitiuncula
1780 3755 1829 3811 tritis

1077 3853 1173 3908 Editur
1185 3853 1313 3923 huncque
1324 3851 1422 3907 cibans
1433 3857 1509 3923 potat
1525 3850 1569 3905 vix
1585 3851 1670 3908 uncia
1685 3851 1775 3925 quina.

1077 3942 1176 4013 Sicqae
1191 3940 1310 4013 implens
1323 3941 1424 3996 seriem
1439 3939 1512 4007 vitae,
1529 3938 1691 3995 nullatenus
1704 3949 1765 3995 anta

1077 4042 1161 4102 Quam
1173 4038 1213 4093 sol
1229 4036 1362 4093 occiduus
1380 4035 1471 4091 radios
1491 4035 1669 4109 immergeret
1678 4035 1758 4091 undis

1077 4131 1131 4185 Nec
1143 4129 1219 4185 lestis
1233 4128 1388 4203 graviterve
1403 4127 1509 4184 cubans
1521 4127 1729 4223 jejuniaxsolvit.

1111 4241 1200 4296 llultm
1217 4257 1330 4311 parvam
1350 4239 1433 4307 acies,
1457 4238 1610 4295 certamina
1637 4239 1724 4296 malta
1740 4236 1846 4294 lacessant

1078 4335 1156 4388 narra
1171 4342 1284 4388 externa
1300 4338 1424 4404 crepant,
1446 4331 1520 4386 intus
1538 4331 1632 4387 civilia
1645 4340 1779 4393 mussaut;

1079 4420 1200 4475 Flaruine
1215 4421 1264 4475 sed
1279 4422 1377 4476 doctus
1391 4436 1495 4493 supero
1510 4419 1571 4492 pius
1587 4420 1685 4476 intima
1699 4423 1800 4493 pressat,

1080 4508 1310 4581 t'lomponeusque
1326 4509 1412 4564 animi
1427 4510 1497 4564 sudo
1511 4509 1706 4565 moderamine
1721 4508 1800 4565 turbas

1080 4604 1196 4661 Conficit
1215 4605 1371 4661 edomitans
1385 4605 1517 4662 lascivum
1534 4605 1660 4677 pandere
1675 4605 1790 4665 asellum,

217 4690 318 4746 tlcllula
330 4696 391 4762 post
402 4687 527 4755 struitur,
544 4687 662 4760 pedibus
677 4705 738 4760 quae
759 4698 888 4761 ‹prattuor
900 4690 991 4762 ampla
1039 4719 1067 4788 D
1081 4694 1191 4769 Frangit
1202 4703 1229 4751 et
1241 4702 1371 4750 extenuat
1384 4693 1579 4768 bellorumque
1591 4695 1690 4753 usibus
1701 4701 1778 4767 aptat.

218 4783 340 4838 dulmine
355 4781 479 4853 quinque
491 4781 594 4852 pedam
609 4781 755 4847 scandens,
773 4782 944 4838 summissior
966 4783 1025 4852 ejus
1076 4788 1175 4841 Suetus
1191 4787 1217 4840 iu
1232 4787 1358 4855 internis,
1375 4787 1410 4841 ad
1419 4786 1537 4842 barbara
1548 4786 1646 4844 fortior
1661 4788 1717 4845 exit

216 4879 335 4944 Statura,
343 4876 460 4932 veniens
476 4876 588 4931 lrumilis
599 4884 745 4948 caperetur
757 4887 787 4932 at
801 4878 902 4950 lrospes

217 4966 336 5038 Corpore
353 4966 418 5020 dam
434 4965 558 5032 recubat,
574 4966 655 5036 paulo
671 4982 733 5037 qum
754 4966 862 5040 longior
881 4974 956 5023 esset

1077 4876 1151 4930 llella
1166 4877 1277 4932 trabeas
1292 4877 1378 4933 lrostis
1390 4877 1474 4932 variis
1490 4879 1563 4934 banc
1579 4874 1801 4949 provocatamis.

1077 4968 1149 5023 llille
1166 4969 1235 5040 petit
1251 4968 1340 5037 iurtis,
1362 4969 1505 5042 impugnat
1525 4970 1602 5026 mille
1616 4970 1719 5026 duellis

217 5061 302 5124 Quam
314 5074 370 5114 non
391 5074 451 5113 esse
464 5058 587 5120 domum,
604 5059 739 5114 tumulum
754 5059 803 5114 sed
820 5060 888 5115 sorte
904 5069 1025 5132 patmos.
1079 5061 1160 5116 l‘usio
1176 5061 1250 5133 qaod
1266 5063 1349 5137 ragit,
1366 5061 1409 5117 rel
1421 5061 1497 5134 quod
1511 5061 1678 5119 muliercula
1692 5060 1794 5135 plangit,

217 5150 340 5206 Pasclrali
354 5150 401 5205 ille
412 5148 457 5205 die
472 5152 555 5206 modo
571 5151 736 5206 tondebatur
751 5152 778 5205 iu
789 5167 874 5219 anno,

217 5242 276 5297 Non
291 5246 401 5296 mutans
416 5239 535 5296 tunicam
550 5241 605 5295 nisi
621 5257 682 5297 eum
703 5242 814 5314 penitus
835 5243 908 5313 prior
921 5250 993 5299 essct

217 5333 248 5386 la
265 5329 364 5400 pannis
379 5329 499 5384 resoluta
512 5328 614 5400 pioque
629 5330 774 5400 absumpta
788 5328 892 5385 labore.

216 5420 321 5475 Stratus
341 5419 455 5473 lrumum
475 5417 577 5472 nudam
590 5417 861 5486 sternebatJ'anceus
880 5418 919 5473 illi

1079 5150 1154 5215 Quod
1168 5149 1256 5225 mugit
1268 5150 1327 5220 bos,
1344 5150 1417 5206 balat
1432 5150 1503 5217 ovis,
1518 5150 1593 5222 qaod
1604 5148 1795 5225 belluagaauit.

1078 5242 1226 5309 Admonet,
1241 5253 1323 5314 atque
1337 5243 1526 5314 pavendorum
1543 5248 1674 5314 portenta
1684 5254 1805 5300 sonoram

1079 5334 1110 5388 lit
1125 5334 1255 5406 strepitus
1266 5334 1447 5389 exercituum.
1465 5334 1552 5399 Quem
1566 5348 1636 5390 voce
1650 5349 1759 5391 morere

1080 5426 1146 5480 llum
1164 5425 1271 5497 nequit,
1292 5424 1428 5481 horrificis
1439 5431 1526 5482 tentat
1535 5432 1716 5483 consternere
1729 5423 1796 5481 risis:

252 5534 323 5604 (laid)
338 5532 405 5586 i'ide
424 5532 512 5588 sancti
534 5530 681 5586 llilariouis
706 5531 792 5587 litam
810 5532 880 5588 inter
895 5533 983 5615 Opera
998 5534 1025 5589 S.
1079 5536 1167 5606 primo
1181 5550 1253 5589 anno
1275 5536 1411 5607 usquead
1438 5535 1600 5591 vicesimum
1615 5536 1770 5608 septimum,
1791 5525 1851 5585 ltll'is

216 5604 384 5675 llieronymi,
398 5611 473 5659 tamo
491 5606 512 5659 ll
533 5603 606 5667 init,
620 5602 783 5679 Patrologim
799 5611 864 5659 lom.
882 5605 972 5661 Nblll.

1078 5606 1157 5660 annis
1173 5605 1317 5661 dimidium
1342 5607 1423 5662 lentis
1446 5607 1595 5662 scutarium
1620 5608 1852 5675 madefaciuntur

251 5677 320 5748 (rata
349 5675 459 5732 llierou.
488 5676 515 5731 in
544 5673 796 5733 l'itallalelriouis:
825 5699 837 5727 a
863 5677 1028 5734 tricesimo
1078 5677 1179 5751 frigida
1194 5678 1325 5747 eomedit,
1341 5690 1368 5734 et
1382 5678 1444 5735 aliis
1460 5678 1586 5746 tribus»
1604 5688 1659 5736 etc.
