3840 6106
119 260 172 318 dl'l
499 250 682 309 rtoootttol
701 248 854 305 Cthohlct
874 247 1038 305 assensis
1057 248 1227 307 oettsttttt
1246 249 1400 308 betuleii.

120 391 151 444 At
164 387 236 442 lama
250 389 374 441 sanctum
389 380 494 453 ubique
513 379 579 434 dum
599 383 783 451 respargeret,

121 481 174 536 llac
187 485 278 534 motus
292 474 446 530 Antoninus
460 472 578 527 electum
594 468 639 525 liei

121 571 282 628 Corneliano
298 569 345 623 dat
360 565 512 622 tenendum
527 561 648 633 praesidi.

120 660 169 716 llle
181 661 256 715 hunc
271 655 456 714 celebrantem
471 659 499 707 et
509 651 654 706 docentem
668 647 782 720 mystica

122 751 160 805 Ad
173 751 251 820 jussa
265 747 378 820 prendit
392 742 495 800 incitati
511 741 655 814 principis,

120 845 238 919 Agitque
252 843 366 899 Romam
381 836 569 894 denotandum
585 833 697 900 Caesari,

120 935 215 989 Manus
230 934 382 989 revinctum
397 930 441 986 cui
454 928 565 983 beatum
580 923 715 1000 suggerit.

121 1025 181 1081 Alto
196 1030 307 1100 rogatus
317 1029 348 1078 ut
360 1026 470 1092 perorat
481 1025 609 1090 syrmate,

121 1112 219 1168 Christi
232 1126 360 1182 supernae
374 1106 496 1164 veritatis
505 1107 534 1161 in
550 1105 616 1174 hue,

120 1205 190 1260 lluro
203 1204 317 1274 jubetur
332 1201 463 1257 macerari
479 1199 599 1261 robore:

121 1290 316 1367 lleinnigranli
331 1289 431 1362 surrigi
446 1287 577 1345 custodite
594 1303 601 1340 :

121 1388 179 1450 Quo
191 1384 294 1439 deditis
308 1387 418 1437 meante
429 1396 490 1437 cum
507 1378 680 1446 custodibus,

122 1497 135 1521 o
152 1472 239 1528 Caesar
254 1473 387 1527 reclamat
401 1475 531 1543 quattuor
551 1468 612 1524 dies
629 1467 677 1523 tibi

122 1563 297 1619 lodociarum
315 1562 415 1616 dantur
428 1559 470 1615 his
486 1559 576 1614 cultus
590 1559 628 1615 tui
645 1576 653 1625 ;

123 1658 241 1729 Explode
255 1658 415 1722 vanitatem,
430 1663 458 1712 ct
472 1657 542 1711 ultro
556 1672 608 1711 nos
620 1655 677 1712 adi.
701 1680 713 1701 »ι

121 1748 214 1803 —Jam
231 1746 389 1817 praeterisse
404 1744 529 1815 (martyr)
540 1744 646 1798 aestima
660 1744 721 1798 dics

122 1837 264 1909 Hodieque
280 1836 388 1907 comple
399 1852 461 1907 quae
476 1834 745 1891 retractastormina.
761 1853 773 1883 o

123 1930 337 1986 crescentianus
351 1930 546 1985 huncsecutus
556 1929 703 2000 presbyter

122 2022 283 2079 Valentiauo
295 2022 409 2092 junctus
417 2029 445 2076 et
458 2020 609 2077 bonifacio.

123 2115 193 2171 Caeci
206 2114 287 2170 beato
304 2113 398 2170 clauso
416 2114 529 2169 horrore
544 2113 672 2179 carceris,

123 2207 245 2272 Quadam
261 2205 376 2261 sedebat
390 2205 499 2274 ejulans
514 2205 566 2260 sub
578 2205 686 2272 arbore,

121 2299 235 2354 luctum
251 2305 347 2354 secuto
361 2297 408 2369 qui
422 2311 522 2369 soporc
538 2296 676 2352 marcidus

121 2388 206 2443 Coras
222 2386 356 2442 lcrentem
372 2392 520 2442 contuetur
534 2385 661 2461 angelum

123 2481 239 2552 llaecquc
253 2479 442 2536 intimantem:
456 2499 468 2531 x
481 2478 615 2535 Roboravi
632 2477 779 2549 presulem

120 2570 258 2637 l'estrum,
270 2569 411 2625 resolvens
429 2566 567 2623 visitando
581 2567 691 2622 vincula
706 2585 713 2633 ;

121 2658 153 2713 Et
168 2663 345 2713 nunccarete
355 2656 411 2725 jam
426 2656 525 2712 sedere
538 2655 590 2711 sub
604 2654 703 2711 arbore

122 2750 160 2804 Nc
175 2765 224 2805 vos
237 2755 355 2821 tyranno
371 2748 441 2805 torte
456 2747 556 2820 prodat
566 2746 691 2804 nuntios.
711 2767 723 2799 s

123 2839 241 2895 Eductus
256 2839 322 2895 hinc
335 2839 451 2895 antistes
464 2853 479 2894 e
494 2837 618 2895 custodia

123 2928 210 2985 Crudo
227 2930 374 2986 exhibetur
388 2929 572 2986 lancinandus
590 2928 720 3001 principi.

122 3017 227 3073 Pensus
241 3024 344 3074 catasta
358 3017 512 3073 dissecatur
523 3016 665 3093 unguibus

122 3109 305 3182 laterumque
321 3108 437 3185 llagraut
451 3109 560 3166 ustione
580 3108 741 3182 lampades;

122 3199 176 3255 lsta
191 3207 218 3254 ct
232 3198 405 3270 triumphans
424 3197 524 3255 duetus
537 3205 620 3271 atque
633 3198 751 3270 Apollini

123 3290 156 3345 Ut
174 3305 237 3345 orsa
248 3290 302 3345 voti
317 3288 391 3345 celsa
401 3289 458 3365 agit
473 3296 548 3345 trans
566 3290 658 3347 sidera

124 3380 187 3436 Pars
201 3396 263 3436 cum
279 3381 332 3436 deo
350 3384 477 3452 perculsa
491 3381 547 3438 lani
567 3382 680 3440 labitur.

122 3468 221 3537 Caesar,
233 3468 340 3525 dolosis
351 3468 492 3540 imputans
505 3472 565 3529 hec
580 3473 696 3542 artibus,

45 3574 48 3579 ·
121 3560 251 3616 Sanctum
266 3560 362 3617 lerinis
377 3561 523 3619 datvoran'
539 3564 669 3621 dentibus
685 3584 692 3632 ς

123 3649 209 3713 ouem
226 3648 385 3706 belluarum
396 3650 473 3707 nulla
486 3651 551 3708 dum
565 3654 750 3730 contingeret,

123 3738 217 3796 Calore
233 3757 342 3798 summo
352 3742 450 3800 ardere
463 3742 603 3802 lomacem
620 3746 717 3817 jubet;

120 3827 236 3884 ludutus
256 3829 302 3886 ille
316 3829 430 3887 fervidis
448 3832 628 3903 candoribus,

121 3918 212 3976 lledio
227 3936 340 3991 precem
356 3924 553 3982 securusludit
567 3930 598 3982 ut
613 3941 692 4002 rogo,

941 375 1086 449 ,lllullum
1098 377 1181 432 calori
1195 379 1294 434 restitit
1310 380 1467 453 vestigium,

977 469 1102 527 Fornace·
1118 473 1180 529 lacto
1199 473 1323 546 mitigata
1342 475 1463 545 martyri.

977 560 1062 634 Caput
1077 563 1161 618 recidi
1174 580 1238 620 mox
1252 572 1385 637 tyrannos
1401 567 1536 638 praecipit.

977 654 1052 711 Unus
1064 656 1263 723 ministrorum,
1280 673 1327 714 ore
1342 659 1427 714 corda
1441 658 1599 731 proferens,

979 743 1126 812 Exclamat,
1143 746 1322 803 herculianus
1341 748 1406 803 huic
1420 748 1606 804 vocabulum:

983 855 990 880 ι
1007 833 1132 889 Crudelis
1147 835 1293 903 Antonine,
1307 843 1388 908 capto
1398 837 1530 894 sensibus

979 920 1114 993 Tyrannc,
1126 939 1175 979 cur
1189 925 1231 980 sic
1242 934 1369 981 cacoset
1387 927 1489 982 surdus
1506 927 1580 1001 riges
1597 925 1614 979 l

980 1012 1078 1070 Christi
1099 1031 1163 1072 eece
1176 1033 1273 1073 servus
1287 1026 1350 1089 post
1362 1028 1456 1074 acutas
1475 1019 1610 1092 virgulas,

980 1104 1071 1161 Victas
1085 1113 1213 1174 catastas,
1227 1124 1259 1163 ac
1279 1108 1429 1184 flagrantes
1441 1110 1594 1183 lampades,

979 1195 1041 1251 Post
1056 1198 1221 1270 ungularum
1237 1198 1399 1269 fossionem,
1415 1208 1444 1258 et
1455 1202 1521 1259 idoli

977 1284 1140 1359 Templique
1151 1303 1255 1355 casum,
1273 1296 1334 1361 post
1346 1290 1456 1347 leonem
1472 1290 1585 1347 turbida

978 1375 1108 1431 Ursorum
1123 1384 1207 1434 etora
1219 1379 1322 1448 clausa,
1339 1379 1565 1454 loroaoisrogum

978 1462 1042 1518 Post
1056 1472 1211 1533 enecatum,
1232 1467 1311 1524 laetus
1324 1485 1405 1526 enses
1415 1472 1521 1543 expetit
1539 1489 1546 1526 :

978 1549 1077 1607 Verum
1092 1553 1182 1610 Deum
1198 1556 1260 1628 quis
1274 1574 1336 1614 esse
1350 1560 1454 1635 gurdus
1463 1562 1523 1633 (sie)
1533 1560 1659 1636 ambigat

980 1641 1030 1707 Qui
1046 1652 1100 1698 tarn
1111 1660 1176 1702 suos
1191 1646 1285 1722 rigore
1299 1648 1375 1706 celso
1395 1650 1507 1708 roborat
1527 1650 1543 1705 l
1564 1676 1578 1699 »

940 1697 1065 1798 Bonam
1081 1736 1177 1807 Caesar,
1191 1739 1232 1795 ira
1244 1741 1353 1813 plenus,
1370 1753 1400 1800 ut
1412 1724 1584 1801 crucialibus

981 1828 1070 1885 Variis
1083 1828 1188 1905 fatigat,
1204 1848 1270 1889 ense
1287 1837 1397 1892 tandem
1418 1840 1547 1909 percutit.

982 1918 1316 1994 Atimmolaodospraesul
1334 1928 1442 1983 obviam
1459 1930 1512 1984 sibi

981 2011 1096 2069 Viduam
1112 2025 1240 2086 precatur
1257 2022 1432 2078 commodare
1447 2024 1569 2079 orarium
1588 2042 1596 2090 ;

981 2102 1165 2176 sumptoque,
1179 2116 1281 2165 sanctae
1295 2125 1325 2165 se
1341 2112 1429 2168 crucis
1440 2113 1522 2188 siguo
1537 2120 1652 2190 tegens,

980 2193 1083 2250 Tunica
1099 2203 1229 2267 retectus,
1243 2208 1377 2274 stansque
1389 2205 1448 2259 sola
1463 2204 1585 2271 inlinea,

980 2281 1079 2339 Oculos
1090 2286 1191 2343 amictu
1202 2297 1324 2347 mutuato
1340 2293 1473 2366 corrtcgit,

981 2376 1157 2451 (lenibusque
1171 2380 1250 2437 llcxis
1269 2384 1362 2440 haurit
1377 2386 1509 2457 impeturn
1526 2387 1607 2442 necis

981 2465 1080 2539 Viginti
1096 2469 1130 2524 ab
1147 2470 1219 2527 Urbe
1235 2482 1397 2548 segregatus
1411 2475 1545 2531 millibus.

980 2557 1039 2613 llox
1055 2558 1126 2616 lacta
1139 2567 1217 2618 terrae
1232 2564 1399 2621 convibratae
1419 2567 1506 2622 motio

979 2649 1109 2706 Thermas
1122 2659 1150 2707 ct
1167 2653 1260 2708 omnis
1275 2656 1405 2712 tectarici
1416 2657 1546 2725 subruit;

983 2741 1162 2815 orariumque
1177 2742 1288 2801 semina
1303 2749 1377 2819 quod
1399 2749 1538 2820 proditum

906 2845 909 2851 ·
983 2830 1139 2903 lniquitatis
1154 2832 1256 2889 milites
1275 2841 1468 2903 astruxerant,

982 2919 1103 2985 Quodam
1120 2918 1227 2977 lercnte
1240 2923 1357 2994 pusione
1372 2925 1507 2994 redditor,

982 3007 1067 3073 Quem
1078 3009 1204 3065 cralicum
1220 3010 1304 3067 luisse
1317 3021 1424 3070 constat
1436 3015 1555 3072 incolam
1571 3033 1578 3082 ;

944 3056 969 3124 C
983 3096 1068 3162 Quem
1081 3113 1144 3155 mox
1159 3115 1302 3157 resumens
1316 3119 1379 3159 cum
1394 3114 1507 3178 stupore
1524 3105 1625 3172 linteo,

983 3190 1113 3247 Conlessa
1127 3193 1264 3250 Christum
1280 3194 1333 3252 lert
1347 3198 1481 3253 honorem
1494 3199 1609 3271 martyri

982 3280 1191 3337 Crescentianus
1201 3291 1229 3339 et
1243 3283 1352 3340 sodales
1365 3287 1503 3357 praesulis,

981 3374 1122 3432 Pandente
1136 3379 1246 3446 eodem,
1262 3381 1403 3436 consecuti
1418 3382 1545 3456 pignora,

984 3466 1054 3523 Loco
1067 3469 1191 3524 locarunt
1203 3486 1258 3542 quo
1274 3471 1374 3527 camini
1388 3471 1511 3530 fervidos

983 3562 1085 3619 Pressit
1100 3580 1225 3635 vapores,
1235 3567 1356 3638 dantque
1370 3568 1649 3626 marmorcoutincns

982 3655 1086 3711 Nomen
1103 3655 1188 3723 beati,
1203 3657 1376 3734 dignitatem,
1394 3660 1522 3717 limitem.

983 3746 1240 3821 Culpapaoryptam
1256 3757 1421 3807 construens
1441 3759 1503 3824 post
1518 3752 1662 3823 Damasus,

983 3841 1032 3896 lllo
1047 3841 1180 3898 decenter
1193 3857 1256 3900 ossa
1269 3851 1363 3900 sancta
1378 3845 1525 3901 transtulit.

865 4031 972 4090 CAPUT
995 4034 1047 4090 XV.

679 4128 719 4189 De
730 4142 836 4193 saneto
851 4132 1007 4197 Felicitate
1020 4154 1056 4197 oc
1068 4136 1145 4213 pil-lis
1158 4139 1233 4213 ejus.

34 4286 38 4291 ·
119 4256 270 4314 vexatione
280 4255 346 4315 vicit
360 4257 411 4313 bae
424 4255 551 4314 Felicitas

119 4346 223 4402 llileeta
238 4346 347 4401 Christo
361 4347 552 4403 consecrando
568 4346 692 4422 pignora.

120 4440 290 4496 Uberrimam
305 4440 440 4510 postlata
454 4440 523 4497 daus
538 4456 619 4514 poma
634 4443 770 4500 arborem.

120 4529 267 4586 Praelectus
281 4529 353 4585 hauc
365 4537 480 4587 conatus
495 4539 554 4588 arte
563 4539 680 4600 vertere,

120 4618 218 4675 llulcct
232 4619 349 4688 serenis,
365 4635 397 4677 ac
410 4621 530 4678 minatur
542 4638 649 4695 aspera.

119 4711 326 4782 Serena‚saera,
341 4712 443 4769 blanda
458 4712 564 4771 ducens
577 4714 678 4782 tristia,

120 4800 189 4856 lluic
208 4802 298 4857 reddit
310 4801 357 4858 illa
372 4820 379 4856 :
397 4803 482 4859 allec
496 4803 595 4861 resolvi
607 4804 733 4872 mitibus,

119 4890 176 4946 Nec
190 4891 275 4963 quibo
292 4889 380 4965 frangi
395 4893 538 4949 sarientis
552 4895 668 4966 asperis,

119 4980 173 5035 Nee
187 4996 232 5035 mc
246 4997 385 5052 supernus
396 4985 526 5056 occupari
546 4984 664 5056 Spiritus

119 5069 197 5125 Siuet
210 5072 374 5143 aucupantis
389 5074 539 5144 proditoris
553 5072 659 5130 retibus
675 5091 683 5141 ;

119 5161 219 5217 Secura
234 5179 320 5235 quare
333 5180 393 5220 sum
407 5175 549 5235 superstes
563 5166 683 5233 vincere,

119 5250 172 5306 Etsi
183 5252 312 5313 trucider.
328 5262 356 5309 te
373 5253 552 5326 triumphabo
564 5253 672 5331 integre
688 5275 701 5307 a

118 5341 275 5410 Praelectus,
290 5344 439 5401 indebella
451 5345 531 5402 matri
546 5361 722 5419 comparans,

119 5433 167 5488 llic
182 5433 287 5490 resedit
297 5434 390 5490 llartis
405 5435 433 5489 in
449 5434 615 5506 loroaltcra,

119 5525 249 5599 llancquc
268 5527 393 5583 exhiberi
408 5527 698 5602 proleaeptenaJubet

119 5613 266 5688 stipatam,
282 5627 310 5673 et
324 5617 470 5693 indulgere
484 5620 558 5677 natis
571 5620 715 5678 admonet.

943 4268 1019 4337 DAd
1035 4269 1205 4340 quembeata
1220 4269 1262 4325 his
1273 4269 1360 4326 utitur
1378 4268 1507 4325 Felicitas
1523 4290 1531 4325 .-

977 4386 991 4409 «
1006 4356 1157 4413 Crudelitas
1168 4365 1225 4425 tua,
1240 4357 1312 4413 lenis
1325 4358 1490 4419 exhortatio.

978 4449 1088 4507 Pietatis
1102 4450 1183 4520 huius
1196 4449 1282 4520 impia
1297 4457 1338 4506 est
1353 4450 1504 4507 miseratio.
1518 4472 1532 4502 s

977 4545 1046 4600 ilinc
1060 4558 1139 4599 versa
1155 4543 1252 4598 charos
1264 4544 1394 4601 convenit
1408 4545 1450 4601 sic
1463 4543 1556 4610 lilios:

979 4658 991 4689 a
1007 4636 1117 4701 Videre,
1133 4634 1199 4699 nati,
1215 4634 1327 4701 coelum,
1342 4641 1369 4691 ct
1383 4636 1542 4703 intuemini,

977 4724 1024 4781 llic
1036 4723 1162 4779 Christus
1175 4723 1248 4781 almo
1263 4725 1380 4780 sustinet
1394 4740 1443 4781 vos
1459 4742 1522 4782 cum
1538 4727 1623 4784 choro
1639 4743 1647 4793 ;

978 4815 1099 4890 Pugnate
1113 4816 1197 4872 vostri
1210 4832 1261 4887 pro
1275 4817 1363 4872 salute
1373 4817 1508 4873 mentium
1525 4836 1533 4884 ς

981 4905 1044 4974 Ejus
1059 4903 1157 4960 fideles
1171 4921 1220 4961 vos
1234 4906 1321 4962 amori
1335 4906 1460 4979 paudite,
1477 4931 1490 4959 a

980 4993 1072 5064 Alapis
1087 4993 1122 5049 ad
1135 4994 1187 5049 ista
1202 4995 1274 5050 hauc
1284 4995 1394 5050 concuti
1408 4996 1457 5052 dat
1468 4996 1596 5065 Publius,

981 5081 1012 5136 Et
1027 5096 1183 5138 convocans
1198 5082 1381 5139 litaresuadet
1392 5083 1501 5151 liberis,

981 5195 994 5221 o
1012 5172 1143 5240 Hortaris,
1160 5172 1230 5242 insit,
1243 5174 1325 5230 stulta
1341 5175 1507 5246 lanuarius;

981 5260 1130 5318 Conservat
1142 5269 1233 5317 autern
1247 5278 1355 5318 summa
1371 5279 1415 5319 me
1429 5263 1578 5336 sapientia,

979 5349 1115 5422 babitque
1124 5359 1223 5406 cuncta
1237 5360 1329 5408 vestra
1342 5351 1415 5408 vinci
1434 5353 1563 5409 tormina·
1573 5374 1589 5405 s

977 5441 1072 5497 vibice
1088 5442 1198 5513 plexum
1209 5444 1283 5500 hunc
1294 5459 1393 5500 censor
1410 5444 1488 5501 abdit
1500 5460 1624 5515 carcere,

979 5535 1054 5591 Felix
1066 5542 1177 5593 secutus
1193 5554 1200 5593 ε
1218 5563 1229 5585 o
1248 5539 1323 5594 Unus
1334 5547 1376 5594 est
1390 5554 1473 5611 quem
1494 5539 1633 5610 novimus,

980 5625 1029 5682 Cui
1044 5635 1107 5684 vota
1119 5644 1195 5702 purae
1205 5630 1345 5686 servitutis
1356 5630 1491 5688 soluimus
1503 5651 1510 5698 ;
