3856 6112
54 267 107 321 237
376 264 551 325 sistente
572 262 742 320 ECCLESIAE
761 262 933 320 asnensis
953 268 1042 324 LIBRI
1063 269 1226 334 QUATUOR.
1240 311 1276 321 -
1294 281 1359 335 tta.
1380 281 1427 335 tlt.
1703 282 1760 340 2³8

56 398 96 451 sis
109 398 249 466 Ecclesiae,
268 414 351 470 super
373 393 602 467 interrogatione
635 409 693 464 qua
714 392 889 464 requisierat
903 398 928 468 Α
942 399 1026 455 babet
1044 400 1079 454 ad
1101 402 1156 457 ima
1185 407 1282 463 relabi.
1305 409 1421 464 Studoat
1447 416 1541 465 autem
1559 410 1713 481 praecipue,
1729 424 1762 471 uc

58 488 93 542 ab
109 504 155 556 ec,
171 490 289 561 qualiter
300 498 441 562 oporteret
451 503 514 544 eum
535 499 630 558 agere
647 485 683 540 de
700 484 888 555 inquisitione
942 493 997 548 beo
1018 508 1103 564 super
1129 497 1224 552 omnia
1248 498 1355 569 placeat
1371 517 1378 563 ;
1395 501 1497 557 deinde
1513 510 1543 558 ut
1565 501 1697 559 Ecclesiae
1712 522 1762 576 pc-

57 582 113 636 sibi
123 584 273 638 commissa
285 583 315 638 in
334 584 462 639 liriniaco
484 578 698 637 monacharum
714 578 888 635 monasterio
940 595 1000 635 cem
1015 580 1159 651 provideat
1175 600 1182 649 ;
1200 590 1257 639 tum
1270 593 1301 640 ut
1315 586 1489 657 principibus
1504 589 1581 645 bona
1599 607 1655 647 non
1669 592 1758 652 solum

59 690 144 744 super
154 674 294 730 abbatissa
305 683 333 731 et
345 676 491 747 praeposito
506 670 603 744 ipsius
621 670 800 729 monasterii.
813 669 888 727 unde
939 677 1082 743 suggerat,
1107 670 1156 724 sed
1177 673 1261 727 etiam
1289 673 1406 747 ingerat.
1433 676 1503 730 Viris
1518 678 1717 738 ecclesiasticis
1732 692 1761 742 et

59 765 245 837 interroganti
257 766 446 837 responderat,
462 764 574 836 qninou
591 760 692 817 verbis
718 759 886 828 dotalibus,
941 759 1010 815 locis
1028 760 1133 815 sanctis
1162 761 1258 819 dehita
1289 764 1434 835 privilegia
1462 769 1610 836 acquirere
1639 771 1758 846 insistat,
1822 837 1825 840 ,

59 854 108 908 sed
119 854 414 925 scriptisrespondere
431 854 552 910 deberet.
570 852 714 916 Quocirca
724 851 889 909 rescribens
940 851 1044 921 populo
1078 849 1235 906 Christiano
1264 867 1360 923 pacem
1392 860 1420 908 et
1447 857 1624 913 unanitatem
1658 878 1759 932 procu.

60 965 177 1022 quoque
190 948 313 1006 ostendit
326 964 389 1021 quae
408 950 438 1003 in
457 948 573 1023 legibus,
586 962 661 1019 quas
674 946 887 1017 catholicapro-
940 951 990 1006 ret.
1012 943 1086 998 bene
1112 944 1263 1017 agentibus
1291 946 1475 1019 congaudeat,
1505 950 1581 1006 male
1599 957 1758 1026 {agentibus

60 1034 885 1112 batEcclesiaminregulisecclesiasticisdeltisscripta
939 1036 1061 1103 resistat,
1094 1036 1231 1107 seipsum,
1264 1036 1367 1104 sobrie,
1394 1036 1469 1105 juste
1502 1049 1530 1094 et
1564 1043 1611 1113 pie
1640 1047 1757 1110 virendo

59 1131 116 1185 sint
133 1147 140 1184 :
159 1128 443 1202 precipiensetiam,
468 1127 685 1201 utprixilegium
709 1126 800 1198 ipsius
821 1143 885 1185 mo-
937 1127 1001 1198 tuit.
1033 1132 1073 1196 n),
1107 1128 1225 1184 solerter
1256 1128 1404 1192 custodiat,
1434 1137 1462 1185 et
1489 1139 1593 1190 caetera
1623 1141 1755 1199 exhorta.

58 1218 176 1274 nasterii
191 1218 247 1274 sibi
271 1216 412 1283 afferatur,
440 1225 468 1273 et
480 1215 659 1273 notificentur
685 1215 711 1270 ei
730 1232 780 1287 per
794 1225 885 1273 certas
936 1218 1042 1274 tionum
1058 1217 1139 1274 valde
1164 1217 1331 1272 necessaria.
1361 1217 1426 1272 Post
1452 1235 1513 1291 quas
1527 1227 1657 1299 suggerit
1671 1231 1753 1288 etiam

59 1322 198 1379 personas
210 1307 248 1362 de
257 1306 343 1362 certis
364 1305 452 1361 rebus
480 1305 674 1361 accusationes
687 1303 777 1374 ipsius
790 1305 882 1360 abba·
936 1306 971 1361 de
985 1307 1153 1378 quibusdam
1178 1305 1403 1373 necessitatibus,
1427 1315 1482 1362 tam
1510 1325 1545 1364 ex
1566 1317 1753 1384 monasteriis,

59 1401 133 1456 tissae
150 1406 237 1470 atque
251 1398 406 1470 praepositi,
435 1406 466 1453 ut
479 1398 633 1454 secundum
658 1411 750 1453 sacras
774 1398 885 1472 regulas
936 1412 1019 1467 quam
1036 1396 1152 1464 stabis,
1185 1410 1236 1467 pro
1260 1394 1371 1465 quibus,
1405 1402 1432 1452 et
1458 1396 1621 1468 imperatori
1646 1405 1753 1465 litteras

59 1507 122 1548 curn
138 1491 260 1548 consilio
287 1489 517 1561 coepiscoporum
542 1496 569 1545 et
591 1488 746 1545 visitatoris
771 1490 883 1546 laude·
935 1486 1086 1553 direxerat,
1112 1502 1173 1558 quaa
1200 1485 1228 1540 in
1255 1485 1387 1555 parochia
1425 1503 1474 1542 sua
1507 1491 1542 1545 ab
1567 1494 1645 1551 illius
1673 1508 1753 1558 erant

59 1583 156 1641 nensis
172 1581 321 1653 episcopii,
338 1581 406 1653 quia
421 1579 649 1651 tuncepiscopus
664 1578 703 1634 ibi
720 1597 775 1636 non
788 1581 880 1637 lrabe-
934 1578 1099 1635 auctoritate
1137 1577 1314 1651 corrigenda,
1348 1586 1376 1633 et
1417 1579 1525 1652 reliqua
1568 1586 1606 1644 dc
1630 1591 1751 1649 uyjyyyaye

59 1678 153 1746 batur,
175 1677 243 1732 inde
266 1675 384 1732 llominc
412 1673 563 1745 inspirante
587 1675 723 1730 decernat
736 1674 765 1746 [i,
781 1673 881 1730 dcccc.
932 1667 1057 1734 animae,
1087 1672 1115 1723 et
1150 1664 1267 1721 consilio
1302 1664 1420 1735 spiritali
1447 1677 1649 1735 conservando.
1684 1680 1750 1736 Ful-

59 1763 163 1837 naturl.
180 1761 353 1830 Quibusdam
381 1761 497 1817 decanis
524 1761 663 1832 parochiae
691 1762 876 1830 suessonicae,
892 1768 916 1835 Β
932 1754 1005 1811 orico
1038 1755 1149 1811 cuidam
1183 1753 1227 1818 (de
1258 1753 1350 1808 eodem
1386 1770 1482 1827 supra,
1519 1777 1544 1829 ρ,
1580 1764 1637 1834 20),
1673 1785 1747 1839 pm,

59 1870 107 1927 pro
132 1853 258 1925 quodam
282 1850 461 1922 presbytero,
481 1849 529 1921 qui
556 1850 749 1920 praejudicium
778 1865 878 1922 passus
931 1845 1008 1901 missi
1053 1843 1232 1918 imperatoris
1268 1846 1400 1919 magnati,
1439 1850 1488 1921 qui
1525 1867 1641 1912 uxorem
1677 1860 1748 1935 legi-

56 1942 193 2012 iustitiam
203 1948 232 1996 et
243 1938 380 2009 jndicium
395 1939 472 2010 apud
495 1937 656 2008 episcopum
672 1954 753 1994 suum
768 1939 876 1994 liotha-
930 1934 1024 1989 timam
1064 1935 1208 2009 illegitime
1249 1931 1414 2003 dimiserat,
1458 1938 1632 2017 alteramque
1669 1948 1747 2006 insu.

59 2033 121 2086 dum
138 2045 198 2086 non
208 2028 322 2084 ualebat
335 2027 477 2092 obtinere,
506 2026 580 2081 unde
613 2034 641 2082 et
670 2027 730 2098 ipse
756 2028 878 2083 domnus
929 2042 979 2096 per
1011 2026 1129 2082 duxerat
1163 2040 1265 2081 vocans
1294 2026 1327 2080 ad
1355 2030 1522 2103 synodum,
1557 2043 1747 2098 excommuni-

60 2118 225 2176 llincmarus
259 2117 390 2172 eumdem
430 2113 577 2186 praesulem
611 2124 766 2183 monuerat,
796 2126 823 2172 ut
852 2117 877 2172 si
930 2119 1241 2188 cationisjamineum
1262 2118 1343 2186 datae,
1371 2130 1455 2194 atque
1471 2126 1501 2181 iu
1516 2135 1743 2203 comprovinciali

59 2221 172 2284 propter
187 2209 379 2266 infirmitatem
396 2223 455 2264 non
480 2207 583 2264 valeret
607 2209 667 2280 ipse
692 2211 726 2265 ad
736 2211 878 2282 synodum
929 2213 1036 2281 synodo
1051 2211 1250 2269 contirmandae
1264 2214 1493 2284 panditmodum.
1511 2223 1579 2278 item
1596 2234 1741 2300 postquam

59 2304 161 2368 tenire,
192 2303 238 2359 vel
266 2302 365 2358 missos
404 2315 483 2367 suos,
519 2300 720 2358 comministros
746 2301 879 2358 videlicet
929 2303 1125 2374 penitentiam
1142 2319 1191 2375 pro
1207 2305 1259 2360 lroc
1287 2306 1407 2364 admisso
1423 2310 1500 2366 visus
1516 2322 1557 2370 est
1572 2321 1739 2390 suscepisse,

60 2396 186 2454 Ecclesiae
219 2394 274 2450 sibi
289 2393 459 2459 commissa,
476 2391 605 2459 mitteret,
628 2403 657 2449 ut
671 2411 715 2451 res
737 2396 874 2451 canonice
929 2395 1039 2451 iteranti
1048 2395 1109 2451 vias
1124 2411 1197 2458 suas,
1215 2405 1242 2451 et
1257 2412 1367 2453 reverso
1383 2400 1417 2454 ad
1427 2404 1560 2460 vomitum
1573 2418 1740 2477 scamma.

60 2470 288 2543 diifiniri‘raleret
302 2501 310 2549 ;
324 2482 516 2552 admonetque
543 2497 592 2552 per
619 2483 669 2538 bas
689 2484 796 2539 litteras
809 2500 874 2540 ecs·
927 2488 1057 2544 nifastem
1087 2490 1134 2545 dat
1157 2489 1450 2549 excommunicationis
1473 2499 1651 2568 sententiam,
1668 2521 1737 2561 cun-

61 2578 117 2634 dem
132 2576 267 2640 decanos.
279 2583 307 2631 el
320 2573 539 2645 metropolitana
552 2575 675 2646 precipit
694 2577 872 2642 auctoritate,
925 2579 1033 2660 otiaque
1048 2578 1077 2633 id
1094 2578 1237 2636 notificare
1252 2580 1351 2655 satagit
1366 2581 1491 2640 lidclium
1508 2585 1606 2644 Christi
1638 2609 1734 2663 perso.

62 2664 278 2738 ntpresbyteros
292 2663 420 2719 decaniae
435 2660 537 2716 suaead
560 2661 752 2720 denuntiatum
779 2665 870 2735 placi·
924 2669 968 2724 nis
989 2669 1203 2742 quibuscunque
1231 2669 1328 2724 audire
1356 2673 1532 2749 contigisset,
1558 2680 1734 2756 maximeque

62 2767 113 2816 um
127 2759 227 2816 venire
242 2763 451 2821 commoneant,
464 2759 493 2808 et
517 2768 578 2808 cum
594 2754 635 2810 eis
662 2756 716 2826 ipsi
744 2757 870 2813 veniant.
922 2760 1073 2833 episcopis,
1087 2760 1245 2833 inquorum
1265 2761 1550 2836 videbatnrparochis
1564 2778 1732 2844 conversari,

64 2856 133 2921 duod
148 2856 173 2912 si
199 2867 257 2911 uon
283 2852 414 2916 iecerint,
436 2849 595 2920 synodalem
612 2852 779 2907 sententiam
796 2852 870 2922 apud
920 2852 962 2908 vel
977 2851 1165 2922 frequentare.

64 2950 182 3018 proxime
198 2947 317 3003 futuram
346 2943 484 3016 synodum
508 2943 868 3014 senorerintacccptnros.
955 2944 1088 3002 Wnrrxcc
1103 2946 1212 3002 cuidam
1227 2947 1401 3004 ministeriali
1416 2951 1541 3020 ejusdem
1556 2954 1732 3027 imperatoris

64 3036 201 3112 sigeberto
211 3035 324 3094 cuidam
344 3031 494 3097 sacerdoti,
514 3046 563 3102 pro
578 3031 723 3089 lleidilone
735 3033 868 3105 episcopo
921 3034 1054 3102 lotharii,
1069 3052 1292 3093 commemorans
1304 3037 1530 3110 familiaritatem,
1547 3060 1629 3116 qnam
1641 3065 1730 3120 quon.

66 3126 154 3196 ipsins,
172 3123 363 3199 dequotalia
391 3137 422 3178 sc
451 3120 561 3176 audisse
590 3122 710 3185 dolebat,
726 3122 820 3195 qualia
833 3123 868 3180 de
919 3124 982 3180 dam
997 3123 1032 3178 ab
1062 3141 1096 3182 ec
1117 3135 1290 3199 poposcerat,
1321 3139 1348 3183 et
1376 3127 1555 3187 dilectionem
1587 3153 1668 3206 quam
1703 3142 1730 3196 ei

67 3215 130 3274 bono
143 3216 284 3274 laicodici
300 3229 358 3271 non
370 3211 542 3277 conveniret,
562 3218 589 3267 et
609 3214 673 3284 quia
701 3214 868 3285 culpabatur
918 3212 1118 3283 spoponderat,
1134 3231 1234 3291 rogans
1245 3226 1276 3273 ut
1305 3218 1461 3278 innotescat
1470 3222 1629 3295 imperatori
1644 3244 1729 3300 super

66 3307 129 3376 quod
140 3307 225 3362 talem
241 3305 406 3378 episcopum
421 3301 601 3366 ordinaverit,
631 3319 760 3359 asserens
787 3304 867 3359 sede
918 3301 1453 3377 epistolaquamirateripsiusliarolus
1472 3312 1597 3381 (Carolus
1619 3316 1727 3387 Celeus)

67 3398 116 3462 illc,
130 3413 215 3470 quem
228 3402 294 3452 ante
310 3409 366 3450 non
380 3400 557 3468 cognoverat,
577 3391 654 3459 fidei,
668 3403 696 3452 et
706 3394 867 3451 testimonio
918 3410 964 3449 rex
978 3394 1071 3450 eidem
1086 3398 1235 3472 dirigebat,
1252 3408 1389 3470 quatenus
1412 3417 1472 3458 eam
1498 3406 1667 3478 suscipiens,
1687 3410 1727 3466 ia.

67 3485 292 3561 ipsiusSigeberti
314 3483 478 3551 credidisse,
493 3483 691 3556 ‚precepitque
716 3483 770 3555 ipsi
786 3484 866 3558 Sigc.
917 3485 1063 3542 minume,
1077 3489 1239 3565 distinguay,
1254 3498 1281 3546 e,
1295 3499 1402 3550 secreto
1427 3496 1510 3570 'egat'
1523 3497 1641 3556 censum
1652 3521 1725 3576 quo·

67 3577 133 3635 berto
147 3576 349 3641 adsexeuire,
363 3583 451 3631 utere
466 3574 577 3645 proprio
606 3574 631 3628 ei
657 3576 751 3631 dicere
768 3576 864 3647 possit,
916 3596 971 3651 que
987 3579 1021 3635 de
1033 3580 1097 3636 xilla
1119 3583 1274 3640 lludeciaeo
1301 3584 1366 3639 anni
1395 3589 1525 3658 praeteriti
1551 3607 1613 3650 cum
1639 3612 1725 3657 censu

68 3669 165 3740 llaedt‘
181 3668 315 3739 θΡίθΰῡΡθ
337 3664 452 3731 audivit,
468 3673 496 3719 ⁰²
522 3663 545 3717 Sl
575 3679 639 3719 leia
664 3663 766 3729 forent,
782 3665 864 3721 Simul
916 3672 1062 3744 prasentia
1075 3674 1140 3728 anni
1156 3674 1211 3729 sibi
1223 3675 1371 3730 transmitti
1386 3677 1484 3744 iubeat
1499 3698 1507 3734 ε
1525 3683 1636 3742 undcin
1651 3687 1726 3745 iltius

67 3767 275 3830 considerarent,
300 3761 419 3834 qualiter
436 3759 482 3815 illa
501 3759 655 3831 corrigeret
670 3761 712 3826 ;si
728 3776 793 3816 vera
808 3776 863 3816 non
914 3765 1048 3820 memoria
1063 3764 1168 3836 aliquid
1184 3767 1339 3821 ornamenti
1350 3766 1378 3821 in
1390 3769 1517 3839 sepulcro
1527 3776 1614 3830 saneti
1631 3778 1725 3834 lierni-

66 3867 155 3924 cssent,
172 3856 295 3929 qualiter
305 3852 452 3908 mendacia
466 3867 527 3907 esse
542 3852 719 3908 docerentur.
914 3857 951 3930 gii
968 3855 1058 3913 lacere
1070 3863 1174 3927 posset,
1190 3859 1265 3929 quod
1278 3874 1389 3926 ornare,
1405 3869 1432 3915 et
1446 3877 1547 3935 corpus
1558 3865 1722 3936 ipsiussan·

354 3965 459 4020 cgpyyp
479 3964 566 4018 χχιιι,
914 3946 951 4002 cti
963 3947 989 4001 in
998 3954 1093 4018 crypta
1108 3946 1300 4018 disponebata
1316 3963 1387 4005 noxe
1397 3958 1547 4022 praeparata
1562 3957 1721 4017 transferre.

204 4041 269 4108 orte
283 4039 352 4094 siris
363 4036 528 4107 quibusdem
543 4037 707 4091 illustribus.
915 4036 983 4090 ltcm
996 4052 1045 4107 pro
1060 4036 1223 4107 repetitione
1239 4038 1371 4107 praemissi
1381 4054 1482 4095 census
1494 4040 1529 4096 de
1548 4043 1613 4100 xilla
1626 4046 1720 4105 liude-

95 4130 152 4187 lliro
168 4127 356 4184 illustrissimo
370 4125 520 4191 Eberardo,
535 4140 567 4179 ex
583 4124 758 4196 principibus
774 4123 865 4194 impe·
914 4130 990 4186 ciaco
1004 4145 1053 4185 sex
1068 4129 1213 4199 librarum,
1227 4147 1262 4186 ne
1289 4130 1361 4187 torte
1376 4143 1539 4208 suggeratur
1550 4137 1722 4210 imperatori,

69 4221 298 4288 ntcrisbotbarii,
328 4219 435 4275 litteras
459 4218 582 4292 dirigens
610 4232 661 4287 pro
685 4216 863 4287 adipiscenda
914 4222 1487 4294 quodcupiditateillectusbunccensum
1504 4237 1622 4299 repetat,
1639 4251 1722 4306 quem

69 4312 249 4370 familiaritatis
264 4309 338 4382 apud
353 4325 417 4365 eum
428 4307 516 4382 gratia
527 4305 667 4378 quondam
681 4307 733 4361 sibi
754 4305 864 4377 abipso
914 4310 942 4365 in
954 4326 1020 4368 suos
1035 4329 1102 4369 usus
1116 4330 1264 4385 nunquam
1275 4317 1420 4390 redegerat
1436 4333 1444 4383 ς
1459 4317 1509 4373 scd
1529 4321 1647 4392 cupiens
1657 4343 1724 4384 eva·

70 4405 253 4477 grammata,
274 4401 432 4478 congaudet
445 4400 527 4456 bonis
542 4414 603 4472 quae
618 4399 724 4470 deipsc
739 4413 790 4470 per
804 4413 864 4453 cer·
914 4400 980 4461 dere
994 4406 1199 4477 periculum,ne
1210 4408 1323 4464 silentio
1334 4410 1421 4466 sucin
1443 4410 1609 4471 diebussuis
1620 4433 1722 4478 census

70 4508 102 4555 us
125 4501 254 4556 audiebat
284 4514 428 4572 personas,
462 4496 638 4568 maximeque
675 4496 705 4568 [i,
746 4495 865 4551 maxime
917 4495 1326 4569 ipsedepereat,etipsaxilla
1359 4499 1387 4554 in
1417 4499 1526 4555 alodem
1540 4513 1674 4581 vertatur,
1694 4520 1723 4568 et

71 4593 326 4668 quae1perlmolum
354 4589 511 4661 praesulem,
534 4605 617 4662 quem
630 4587 858 4652 sincerissimum,
910 4586 1096 4642 ecclesiastica
1119 4586 1257 4657 mancipia
1287 4587 1313 4642 in
1329 4603 1423 4643 servos
1436 4597 1463 4644 et
1477 4591 1593 4648 ancillas
1607 4595 1720 4668 disper·

72 4694 93 4739 et
116 4686 303 4742 charissimum
325 4690 404 4738 vocat
432 4688 537 4753 patrem
564 4695 655 4741 suum,
684 4678 798 4733 mittens
824 4676 859 4731 ad
910 4676 1022 4740 tiantur,
1039 4676 1110 4731 sicut
1125 4681 1152 4730 et
1165 4675 1200 4730 de
1214 4677 1318 4750 multis,
1349 4684 1402 4732 tam
1414 4678 1508 4744 rebus,
1521 4699 1603 4754 quam
1618 4690 1721 4746 manci-

73 4773 146 4843 ipsum
172 4792 233 4833 cum
262 4772 362 4829 litteris
385 4771 469 4829 etiam
496 4767 687 4826 fidelissimum
711 4766 858 4840 quemdam
909 4767 1054 4839 piishuy'us
1074 4766 1208 4834 ecclesiia,
1225 4766 1273 4821 sed
1289 4774 1319 4822 ot
1332 4766 1367 4822 de
1388 4768 1447 4838 ipsa
1466 4770 1524 4838 J'am
1544 4773 1608 4829 villa
1623 4775 1718 4836 fiebat.

74 4864 169 4920 minum
184 4880 276 4922 suum.
308 4864 376 4918 ltem
403 4860 519 4915 laudans
533 4857 700 4915 sinceritatis
713 4857 800 4928 ipsius
811 4858 859 4913 de·
912 4856 1024 4912 linitens
1039 4856 1132 4922 etiam,
1159 4864 1188 4911 ut
1208 4856 1302 4912 senior
1321 4872 1388 4912 suus
1408 4857 1473 4914 inde
1494 4860 1646 4930 periculum
1663 4883 1719 4924 non

72 4957 189 5014 coconem
204 4973 270 5028 erga
284 4956 384 5020 Deum,
398 4959 425 5008 et
439 4967 522 5008 sacra
551 4949 723 5006 auctoritatis
744 4950 860 5019 cultum,
912 4946 1076 5012 incurreret,
1092 4945 1132 5000 rel
1150 4946 1281 5016 ipsecum
1294 4944 1382 5017 ipsius
1402 4945 1525 5018 periculo
1542 4957 1646 5021 partem
1663 4972 1718 5013 non

71 5048 265 5123 principumque
284 5045 503 5113 unanimitatem,
532 5051 560 5100 et
575 5042 770 5100 ecclesiasticae
786 5043 861 5114 pacis
912 5037 1037 5093 baberet.
1054 5037 1186 5091 assereus
1200 5034 1307 5106 quodsi
1327 5037 1467 5108 cupiditas
1477 5039 1506 5095 in
1522 5040 1574 5098 hcc
1595 5060 1657 5100 eum
1672 5064 1720 5104 vc-

70 5137 184 5206 suctum,
200 5136 381 5206 debitumque
391 5133 541 5207 religionis,
557 5146 673 5188 monens
683 5146 795 5203 quoque
811 5145 860 5200 pro
912 5132 998 5190 taret,
1008 5124 1154 5181 duodecim
1174 5124 1260 5179 libras
1274 5133 1423 5196 repeteret,
1436 5144 1505 5200 quas
1519 5145 1586 5187 arus
1602 5144 1632 5188 et
1642 5142 1719 5206 pater

69 5229 194 5287 thamam
212 5228 317 5295 officio,
335 5234 365 5282 u,
392 5227 461 5282 sicu,
485 5225 568 5294 coepit
584 5224 686 5279 melius
704 5238 734 5278 ἃς
760 5222 859 5277 metius
911 5214 992 5287 hujus
1004 5217 1313 5293 regiaindesolxerunt,
1325 5221 1718 5302 etc.Subintertetiamquae-

68 5316 188 5386 pmficjay,
201 5318 266 5390 quia
292 5322 389 5370 natura
411 5314 541 5378 burnana,
560 5318 677 5367 testante
696 5310 758 5376 lob,
788 5325 860 5363 nun·
910 5305 972 5361 dam
992 5307 1027 5362 de
1043 5309 1155 5380 praefato
1171 5310 1367 5383 intersecui
1389 5314 1473 5369 lioma
1500 5316 1719 5386 veniensjacta-

65 5420 134 5477 mant
149 5408 175 5463 in
192 5406 291 5462 eodem
305 5410 375 5459 statu
388 5408 530 5473 permanet
544 5400 605 5465 (tot
632 5402 699 5467 xiv),
712 5405 739 5454 et
750 5397 813 5469 quia
828 5397 854 5452 in
909 5403 956 5458 bat
971 5402 1101 5474 epistolas
1115 5419 1192 5476 papa
1207 5419 1257 5474 pro
1284 5405 1516 5461 absolutionesoa
1534 5417 1587 5465 tam
1603 5414 1718 5486 regibus

64 5495 107 5554 'tstc
118 5499 217 5556 aaeculo
231 5509 404 5570 quacumque
416 5491 620 5566 praeditusquis
634 5496 770 5563 potestate
786 5504 856 5544 con·
906 5509 948 5558 se,
962 5509 1043 5564 quam
1058 5493 1340 5565 huicarclriepiscopo
1363 5494 1481 5553 deferre.
1502 5499 1540 5555 lle
1557 5516 1612 5572 quo
1623 5513 1719 5558 monet

63 5589 223 5646 tralluminis
236 5595 353 5645 tractum
373 5585 482 5660 navigat
498 5600 505 5649 ;
522 5599 577 5656 qua
592 5584 627 5639 de
642 5600 672 5638 re
686 5580 857 5638 autvirilitcr
906 5583 980 5638 lrunc
992 5581 1152 5656 Wliingum,
1168 5591 1199 5637 ut
1221 5591 1350 5658 suggerat
1378 5585 1447 5659 regi,
1468 5604 1503 5643 ne
1523 5590 1672 5645 seducatur
1688 5591 1716 5645 in

61 5684 183 5759 migma
207 5682 351 5755 superiora
381 5686 467 5751 petet,
496 5684 544 5733 aut
573 5678 698 5740 remissis
727 5675 856 5732 manibus
907 5675 1056 5730 baccausa
1072 5690 1081 5740 ;
1097 5673 1310 5730 sedomnecum
1320 5675 1715 5756 rationecavenspericulum,
1800 5726 1823 5761 Ι
