3840 6106
121 275 175 329 aas
584 240 586 245 ’
737 273 903 330 urisroin
922 274 961 330 iii
981 273 1176 331 nirioiiiri.
1641 254 1644 259 ’
1735 273 1789 331 aaa

121 398 243 453 loannes
258 397 327 464 lllll,
344 397 498 453 conditoris
516 399 663 455 clementia
681 407 784 479 sanctie
799 402 929 481 llomaiiae
941 407 966 475 Α
980 402 1202 478 cognominatur,
1216 390 1353 467 canonici,
1380 403 1493 458 domino
1518 403 1661 473 episcopo,
1687 409 1715 456 et
1729 417 1788 458 oin·

121 490 197 544 sedis
210 490 332 544 existens
346 489 478 563 indignus
489 506 570 561 papa,
584 490 696 563 gloriosi
718 493 868 568 dnglorum
883 510 929 549 re·
979 492 1061 546 nibus
1076 491 1218 546 catholicae
1234 490 1299 545 iiilei
1315 490 1468 547 cultoribus
1493 507 1527 546 ex
1542 490 1700 561 patentibus
1725 490 1786 545 cul·

121 585 165 657 gis
175 584 283 657 Edgari,
297 600 405 647 necnon
418 593 557 641 etsanctie
573 587 790 643 llorobernensis
800 589 929 645 Ecclesiae
979 598 1075 653 palum
1091 597 1202 636 suasum
1219 581 1440 652 turpitudinibus
1451 581 1581 646 θάῑῧῦθδ,
1598 588 1626 635 θῑ
1639 580 1667 634 5¹¹
1678 580 1784 635 eisdem

122 673 329 743 archipraesulis
357 672 499 739 llunstaiii,
539 673 677 730 submisse
718 675 841 744 pulsatus
867 692 929 734 sum
979 671 1387 743 seciindumimpninitenscer
1409 670 1788 741 cornminverccundeper·

124 771 219 836 rogatu
236 777 286 832 pro
301 762 468 817 monasterio
483 761 589 817 Sanctae
605 762 707 829 llariae,
723 762 852 819 videlicet
866 765 931 820 (ila-
980 761 1122 828 durantes,
1138 777 1200 816 eum
1223 775 1274 815 suo
1291 761 1449 831 preposito,
1467 768 1561 832 utpote
1582 776 1646 815 vasa
1670 760 1786 827 diaboli,

122 852 287 928 stingeberi,
303 853 377 924 quoil
401 853 452 924 ipsi
479 853 532 909 aeti
552 869 645 908 amore
674 856 788 924 superni
807 855 889 928 Regis
902 856 930 910 in
980 855 1144 922 ejiciantur:
1166 862 1194 910 et
1208 855 1280 910 sicut
1300 864 1390 909 vestra
1409 854 1566 909 sublimitas
1580 853 1730 920 desiderat,
1745 854 1788 908 di·

123 943 217 998 innltis
231 952 258 998 et
274 943 381 1018 magnis
409 944 634 1014 possessionibus
648 946 810 1013 ditaverant,
835 961 932 1000 mona·
981 947 1147 1002 lectissimus
1162 946 1248 1002 irater
1258 953 1286 1000 et
1300 945 1482 1016 coepiscopus
1495 952 1588 1001 noster
1604 945 1788 1007 Etbewaldus,

123 1037 238 1091 eborum
264 1034 332 1089 inibi
352 1034 566 1104 multiplicantes
590 1051 713 1091 normam
738 1045 931 1109 praeceptoque
981 1039 1155 1113 regularibus
1168 1037 1324 1109 disciplinis
1339 1037 1464 1108 apprime
1480 1036 1615 1102 imbutus,
1636 1038 1788 1092 inonaclio-

124 1127 209 1201 regali
226 1125 411 1192 firmaverant,
436 1127 510 1197 quod
526 1135 553 1182 et
581 1127 641 1198 ipse
662 1127 752 1183 lacere
767 1144 823 1185 non
852 1127 932 1184 diffe-
982 1146 1041 1184 rum
1058 1130 1210 1185 seeundum
1234 1133 1370 1199 praecepta
1387 1127 1491 1202 regulae
1507 1128 1658 1182 viventium
1674 1144 1788 1203 gregem

125 1231 192 1269 rarii.
209 1215 328 1280 Quorum
343 1215 497 1269 assentiens
512 1215 639 1289 benignae
659 1210 798 1287 petitioni,
824 1217 852 1271 iri
868 1218 929 1272 sinu
981 1218 1111 1284 enutriat,
1126 1218 1221 1290 eisque
1238 1216 1305 1271 inibi
1321 1224 1481 1288 perpetuam
1499 1217 1671 1272 mansionem
1687 1224 1788 1272 statuat

113 1304 254 1359 ,hnmanae
277 1304 405 1359 Ecclesiae
427 1311 455 1358 et
474 1304 618 1359 beatorum
637 1307 823 1376 apostolorum
839 1314 931 1377 prete·
982 1308 1039 1375 ille,
1056 1309 1102 1380 qui
1116 1324 1211 1363 eorum
1230 1308 1311 1361 sitam
1331 1308 1369 1361 ita
1388 1306 1540 1363 sanctitatis
1560 1307 1684 1363 moribus
1707 1322 1789 1363 exor-

123 1394 215 1449 ctione
230 1394 358 1448 eumdem
375 1394 465 1450 locum
481 1387 615 1466 suscipio,
631 1408 656 1449 et
675 1395 825 1471 privilegiis
838 1404 930 1451 astruo
981 1408 1037 1464 riet,
1052 1408 1091 1465 ut,
1102 1407 1211 1470 pastore
1227 1397 1261 1454 ad
1277 1398 1379 1454 laboris
1393 1400 1436 1453 sui
1452 1399 1593 1470 praemium
1609 1406 1716 1466 i‘ocato,
1732 1416 1787 1455 nori

124 1492 152 1540 et
172 1486 332 1552 corroboro,
350 1502 404 1556 quo
429 1484 567 1542 finetenus
582 1487 609 1541 iii
626 1501 659 1543 eo
674 1503 729 1560 que
753 1505 827 1544 nunc
847 1490 931 1559 pollet
980 1489 1092 1544 aliunde
1107 1505 1189 1560 quam
1211 1504 1244 1543 ex
1262 1488 1308 1542 illa
1329 1487 1543 1559 congregatione
1570 1487 1639 1543 alter
1654 1487 1681 1541 in
1698 1487 1788 1542 locum
1825 1532 1829 1540 .

127 1585 288 1645 peruianeat
303 1576 457 1630 monachali
475 1575 583 1632 ordine.
600 1576 655 1646 lpsi
671 1591 782 1649 quoque
802 1579 930 1633 monaehi
982 1579 1123 1653 regiminis
1143 1580 1285 1635 succedat.
1310 1578 1388 1644 Quod
1415 1579 1438 1632 si
1459 1577 1687 1650 impedientibus,
1712 1578 1787 1650 quod

126 1664 160 1719 de
171 1664 229 1719 suis
243 1664 295 1718 sibi
309 1655 459 1718 adhibeant
472 1670 621 1734 pastorem.
639 1664 780 1719 Ordinatio
796 1681 861 1721 vcro
877 1676 930 1720 iam
981 1673 1062 1736 absit,
1077 1673 1209 1743 peccatis,
1222 1673 1321 1727 adhoc
1340 1670 1497 1742 pontificale
1511 1672 1632 1727 otttcinm
1645 1672 1672 1726 in
1689 1673 1786 1727 eadem

123 1752 321 1808 mollitcllol‘lllll
347 1768 429 1823 quam
454 1753 616 1808 clericorum
639 1752 666 1806 in
690 1751 805 1808 alblillo
824 1753 933 1808 abbatis
983 1764 1198 1838 congregatione
1212 1764 1343 1819 idoneum
1356 1762 1598 1818 jnvgniriminimg
1609 1778 1690 1834 posse
1703 1763 1790 1818 (gomi.
1861 1803 1864 1807 .

124 1849 315 1897 etconreiitus
334 1843 380 1897 sit.
401 1842 580 1898 llecernimus
599 1843 685 1898 ctiam
698 1844 805 1899 utnulli
818 1845 931 1901 omnino
982 1852 1064 1927 gerit,
1080 1852 1240 1907 auctoritate
1264 1851 1453 1922 apostolorum
1477 1850 1612 1922 principis
1633 1851 1715 1917 Petri,
1744 1851 1790 1906 cui

125 1934 270 1990 hominum
297 1935 421 1990 eamdem
443 1936 570 1998 insulam,
596 1950 678 1991 causa
702 1935 861 2007 placitandi,
889 1937 932 1992 rcl
983 1941 1114 1995 homirius
1127 1956 1159 1996 ac
1173 1939 1296 1995 Salvator
1311 1947 1407 1994 noster
1420 1939 1523 2010 ligandi
1543 1939 1724 2010 solvendique
1739 1954 1788 2010 po-

124 2022 229 2093 aliqnid
246 2024 435 2092 perscrutandi
462 2033 508 2080 aut
526 2025 693 2096 corrigendi,
719 2028 823 2081 intrare
840 2027 929 2081 liceat.
982 2035 1108 2083 testatem
1123 2027 1301 2092 contradidit,
1322 2027 1499 2097 praecipimus
1518 2032 1548 2080 ut
1562 2041 1643 2081 nemo
1659 2042 1691 2080 eii
1706 2025 1791 2082 eleri-

122 2115 150 2168 Si
171 2115 233 2186 quis
252 2122 341 2170 autem
357 2116 386 2170 id
402 2116 574 2171 molitusluit
588 2119 737 2186 contraire,
752 2125 799 2173 aut
823 2135 932 2189 posses·
981 2135 1076 2176 corum
1092 2121 1190 2175 ordine
1217 2118 1250 2172 ad
1272 2118 1354 2186 hujus
1380 2117 1502 2189 regimen
1532 2117 1661 2172 Ecclesiae
1682 2131 1791 2188 promo.-

122 2203 219 2260 sioues
232 2206 356 2274 ejusdem
371 2205 498 2261 ecclesiae
512 2205 630 2275 auterre,
643 2207 774 2275 retinere,
794 2208 931 2278 minuere,
982 2219 1091 2276 veatiir;
1111 2211 1159 2265 sed
1189 2210 1280 2280 petius
1305 2224 1338 2263 eii
1362 2209 1416 2262 alia
1433 2208 1552 2279 qualiter
1573 2208 1791 2281 congregatione

121 2297 165 2351 rel
182 2296 335 2351 temerariis
356 2297 548 2352 vexationibus
563 2297 687 2372 fatigare,
705 2304 747 2360 fex
768 2301 931 2356 auctoritate
981 2299 1028 2372 qui
1043 2300 1143 2375 diguus
1163 2298 1291 2353 inventus
1306 2297 1389 2351 luerit
1414 2295 1566 2351 monachus
1579 2303 1743 2362 assumatur,
1759 2303 1787 2351 et

121 2388 170 2443 ltei
201 2388 298 2453 Patris,
327 2395 354 2442 et
379 2387 449 2449 Filii,
465 2396 494 2443 et
519 2388 637 2460 Spiritus
651 2390 750 2458 saneti,
771 2398 930 2463 sanctaeque
981 2392 1044 2447 huic
1071 2389 1199 2445 Ecclesiae
1224 2387 1398 2458 praeliciatur.
1428 2387 1455 2441 Si
1486 2387 1548 2458 quis
1567 2387 1641 2441 enim
1671 2386 1786 2449 interea,

120 2480 172 2535 [tei
192 2479 334 2552 genitricis
357 2479 457 2545 biacia,
478 2496 509 2535 ae
531 2481 577 2535 SS.
594 2482 781 2552 apostolomm
806 2482 877 2538 Petri
904 2490 931 2538 et
980 2485 1054 2557 quod
1070 2499 1124 2539 non
1140 2483 1288 2537 credimus.
1305 2482 1364 2537 liaec
1379 2480 1538 2552 apostolicae
1558 2480 1633 2535 sedis
1647 2481 1787 2557 privilegii

122 2569 210 2635 Pauli,
222 2571 403 2642 omniumque
414 2579 583 2633 sanctorum,
599 2580 741 2643 perpetuae
757 2573 793 2629 sit
805 2574 931 2630 addictus
981 2580 1092 2634 decreta
1107 2578 1184 2632 irrita
1210 2576 1312 2642 lacere,
1327 2585 1354 2630 ct
1376 2591 1408 2629 ea
1428 2592 1489 2647 quae
1514 2574 1595 2628 nobis
1609 2575 1654 2645 pie
1683 2575 1788 2633 indulta

122 2661 334 2729 maledictioni„
358 2662 409 2716 nisi
431 2664 587 2734 resipuerit.
609 2666 819 2722 omnibusvero
839 2668 931 2723 eidem
981 2674 1046 2723 sunt
1061 2666 1225 2722 intaminare
1240 2665 1462 2736 praesuinpserit;
1486 2663 1647 2720 auctoritate
1663 2665 1788 2734 ejusdem

123 2751 186 2806 loco
209 2751 283 2821 justa
305 2752 479 2808 servantibus
501 2754 537 2810 sit
553 2772 604 2826 pari
628 2756 736 2811 Domini
759 2759 844 2812 nostri
867 2759 931 2813 lesu
982 2758 1104 2814 coelestis
1131 2757 1261 2831 clavigeri
1284 2755 1367 2822 Petri,
1393 2756 1573 2827 omniumque
1600 2771 1790 2813 successorum

124 2842 235 2911 Christi,
250 2860 343 2912 ainau,
366 2853 517 2920 nostraque
531 2848 673 2919 stipulatio
688 2849 849 2905 inconvulsa
865 2866 929 2920 per-
982 2845 1043 2915 ejus
1062 2846 1130 2901 sciat
1143 2862 1174 2900 se
1189 2845 1372 2901 anathematis
1392 2844 1503 2900 vinculo
1519 2844 1692 2909 innodatum,
1719 2853 1746 2899 et
1761 2844 1790 2898 iii

121 2941 243 2987 maneat.
982 2938 1030 2994 illo
1045 2939 1138 3012 magni
1150 2937 1247 3007 iudicii
1263 2936 1309 2991 die
1325 2935 1522 3007 perpetualiter
1541 2935 1739 2999 damnandum.
1757 2935 1787 2988 lii

157 3023 252 3079 dotum
273 3033 398 3097 tempore
417 3026 529 3082 AEllardi
552 3027 676 3096 ejusdem
698 3031 859 3085 monasterii
886 3030 933 3085 ab·
945 3052 969 3121 C
982 3026 1090 3082 Christo
1104 3025 1206 3091 valeas,
1223 3025 1336 3097 domine
1349 3022 1399 3078 lili.

118 3113 203 3169 batis.
1344 3134 1423 3188 llllll.

484 3188 552 3243 xx„
1014 3242 1123 3284 ioannis
1142 3242 1216 3281 PAPAE
1235 3239 1280 3279 ltili
1310 3238 1480 3278 Ptttvtneuittit
1501 3239 1550 3278 rac
1582 3237 1749 3278 schismate

156 3311 266 3351 rosbais
290 3313 364 3352 PAPAE
382 3314 430 3352 xlll
456 3311 583 3352 suisseta
597 3314 632 3352 AD
653 3314 780 3354 BDGARU!
805 3315 892 3354 REGE!
1156 3313 1170 3350 S
1210 3312 1299 3350 ululat
1317 3310 1614 3350 ruahuuaasrtttnettsi.

447 3383 602 3424 arcananii.
1288 3388 1378 3452 (anno
1393 3387 1465 3452 971).
1626 3442 1630 3448 .

434 3460 611 3528 ldssss⁰97¹0l
979 3480 1068 3553 [Apud
1094 3479 1197 3543 acciri,
1222 3477 1345 3532 Historia
1371 3476 1497 3542 genealog
1531 3478 1648 3546 pra'rica'p.
1677 3477 1784 3531 Sason.

174 3569 210 3620 lle
225 3565 381 3634 episcopatu
398 3567 578 3621 wintoniensi
591 3567 760 3636 expellendis
770 3568 874 3622 clericis
1282 3561 1384 3616 ww*
1407 3545 1479 3617 ¹⁴⁵⁹]

318 3641 343 3690 et
362 3636 565 3698 introducendis
583 3638 722 3692 moriacla's
1012 3663 1132 3717 Jogffls
1147 3659 1307 3730 episcopus,
1317 3667 1564 3710 servussamorum
1580 3651 1640 3707 llei.

156 3746 275 3802 loannes
288 3746 446 3818 episcopus,
466 3761 564 3802 servus
577 3762 719 3803 seriorum
739 3746 798 3811 Ilei,
820 3747 929 3811 Enuano
1016 3753 1133 3823 Credita
1154 3747 1354 3823 speculationis
1373 3745 1544 3818 impellimur
1557 3760 1623 3799 cura
1638 3758 1670 3798 ac
1688 3744 1786 3798 ardore

118 3838 177 3913 regi
192 3838 436 3906 excellentissimo,
459 3850 542 3910 atque
560 3837 688 3894 omnibus
704 3839 851 3915 episeopis,
877 3840 930 3895 du·
980 3856 1132 3906 movemur,
1162 3852 1211 3909 pro
1237 3834 1437 3892 uenerabilium
1464 3834 1588 3890 locorum
1603 3829 1788 3906 percogitare

118 3932 211 3998 cibus,
226 3933 384 4000 comitibus,
400 3933 546 3988 abbatibus
571 3940 598 3988 et
612 3940 710 3988 cuncto
735 3931 809 3988 lideli
825 3934 928 4005 populo
979 3931 1180 3990 stabilitatione
1205 3937 1288 4000 atque
1311 3929 1368 3983 lieo
1391 3920 1568 3982 seruientium
1589 3922 1736 3978 securitate
1760 3929 1790 3975 et

119 4025 241 4096 Anglieae
256 4027 357 4097 gentis,
374 4025 553 4081 Christianam
572 4026 689 4082 salntem
707 4033 734 4081 et
749 4027 928 4097 apostolicam
980 4027 1033 4082 hoe
1046 4039 1095 4095 pro
1112 4022 1211 4077 animae
1223 4021 1269 4092 pio
1284 4019 1388 4085 labore,
1404 4026 1435 4072 ut
1446 4016 1545 4071 animae
1557 4013 1662 4070 Christo
1677 4013 1786 4077 dicata,

121 4114 358 4170 benedictionem.
564 4112 567 4117 ’
980 4132 1042 4189 quae
1052 4115 1075 4170 si
1091 4113 1131 4168 illi
1143 4112 1242 4168 diebus
1257 4123 1353 4163 eorum
1367 4105 1472 4161 servire
1486 4105 1677 4170 decreverunt,
1693 4117 1787 4173 perse·

157 4202 290 4267 Quoniam
310 4217 420 4273 semper
434 4208 499 4257 sunt
511 4203 689 4258 concedenda
711 4218 773 4274 quae
789 4203 931 4260 rationali·
980 4209 1080 4259 serent
1117 4197 1336 4272 imperturbatae,
1373 4209 1426 4249 nec
1453 4208 1509 4248 uon
1539 4198 1567 4246 et
1590 4190 1636 4244 illa
1660 4199 1791 4244 maneant

122 4294 176 4349 biis
188 4300 348 4365 quaeruntur
359 4292 515 4358 desideriis,
526 4300 672 4364 oportetut
688 4300 785 4349 vestrae
796 4294 849 4365 piae
860 4283 932 4365 peti·
982 4298 1038 4353 fine
1051 4306 1131 4353 tenus
1143 4294 1221 4350 firma
1235 4307 1297 4364 quae
1311 4306 1327 4344 a
1340 4288 1502 4345 Christlanis
1517 4287 1545 4341 iii
1560 4285 1606 4341 ltei
1626 4284 1707 4340 laude
1722 4299 1788 4340 con·

122 4386 207 4442 tionis
219 4386 341 4441 studium
350 4386 379 4440 in
394 4385 548 4459 privilegiis
561 4385 676 4446 mininie
691 4384 847 4442 offendatur
861 4402 930 4457 ptae·
980 4401 1065 4451 tracta
1076 4397 1152 4446 sunt.
1165 4389 1285 4443 [tilectus
1298 4401 1330 4440 ac
1341 4382 1493 4455 spiritualis
1508 4380 1581 4436 filius
1594 4387 1689 4436 noster
1703 4380 1787 4442 (lero,

119 4473 235 4529 Slassdlss·
261 4473 368 4529 Scimus
388 4473 475 4539 essim,
499 4472 618 4547 ssl⁰sl⁰⁸e
635 4471 685 4541 fill,
709 4472 818 4544 impelli
847 4432 1081 4539 veslliDsanctie
1101 4475 1276 4534 coloniensis
1290 4472 1420 4528 Ecclesia
1439 4470 1677 4540 archiepiscopus,
1690 4468 1787 4523 limina

120 4564 282 4638 dlgssllfllssffi
306 4564 365 4619 20¹0
382 4565 481 4619 dillssae
497 4564 624 4643 legisti&
637 4564 760 4635 undique
786 4564 929 4629 munitam,
980 4573 1166 4646 apostolorum
1183 4565 1266 4640 digna
1280 4562 1429 4618 devotione
1444 4561 1567 4623 visitans,
1592 4575 1624 4615 ac
1643 4559 1788 4615 nobiscum

120 4667 151 4710 ut
166 4655 358 4710 indesinenter
371 4671 420 4725 pro
433 4654 633 4710 venerabilium
645 4654 931 4728 loeorumpercogitet
981 4665 1099 4738 piurima
1124 4661 1150 4715 in
1180 4665 1251 4715 siaiu
1277 4650 1421 4730 religionis
1447 4651 1664 4713 communicans,
1697 4650 1791 4706 retulit

120 4746 288 4811 stabilitate;
302 4755 439 4817 qnatenus
451 4746 633 4817 proveniente
648 4761 697 4816 pro
715 4745 819 4807 labore,
835 4745 931 4801 schola
981 4775 1012 4815 30
1025 4757 1192 4825 fratremque
1206 4765 1286 4806 guum
1299 4748 1483 4802 Threimafum
1500 4743 1699 4809 mmmmm,
1715 4741 1789 4826 Cim·

121 4837 257 4894 Dominiei
278 4838 466 4909 multiplieiter
479 4836 595 4904 servitii,
610 4844 638 4891 et
659 4836 781 4911 largitori
807 4836 931 4891 omnium
982 4847 1016 4903 ,ij
1031 4842 1187 4900 admonitos
1207 4853 1311 4899 amore,
1332 4833 1480 4906 quemdam
1507 4832 1597 4887 lecum
1626 4832 1653 4885 iii
1681 4831 1786 4885 honore

121 4930 177 4984 ⁰⁰0
192 4931 304 4987 ³b1¹¹¹d0
322 4931 426 4988 tructus
451 4931 606 4986 testitum?
630 4929 743 4985 milleni·
770 4930 870 4996 Quale,
886 4944 933 4984 rex
982 4942 1084 4990 sancte
1104 4929 1194 4986 llariae
1213 4939 1325 4996 semper
1343 4921 1459 4996 uirginis
1474 4920 1651 4985 instaurasse,
1665 4924 1693 4972 et
1709 4916 1737 4970 in
1753 4929 1787 4970 eo

122 5023 226 5094 inclyte
246 5038 277 5078 ac
306 5020 344 5076 lili
368 5022 540 5086 elisiissime,
564 5022 640 5093 quod
655 5027 745 5076 vestra
767 5019 933 5076 excellentia
983 5021 1181 5078 monachorum
1205 5013 1327 5087 regulam
1358 5011 1447 5067 sancti
1473 5007 1612 5063 Benedicti
1641 5005 1790 5102 obseruau-

122 5131 174 5186 per
187 5113 299 5168 tratrem
313 5119 341 5168 et
360 5113 557 5184 coepiscopum
574 5118 697 5168 nostruin
714 5114 882 5168 llunstanum
899 5110 933 5165 ab
985 5113 1050 5167 tium
1077 5106 1217 5163 addidisse
1244 5100 1353 5160 ciliciis.
1385 5098 1470 5189 liujus
1499 5097 1550 5152 loci
1583 5109 1616 5149 ac
1644 5091 1788 5193 religionis

123 5206 175 5260 bac
188 5204 340 5275 apostolica
358 5203 436 5270 sede,
456 5203 500 5259 cui
522 5204 586 5258 ticet
608 5203 737 5259 immeriti
754 5201 934 5274 presidemus
984 5209 1077 5258 nostro
1092 5196 1223 5270 suffragio
1237 5210 1270 5250 ac
1289 5193 1434 5267 privilegio
1460 5197 1580 5260 paratam
1605 5183 1786 5239 stabilitatem

121 5299 258 5371 exposcit,
287 5298 418 5354 omnibus
437 5298 527 5353 modis
552 5296 741 5362 concedimus,
770 5294 933 5352 auctoritate
984 5292 1044 5348 fieri
1062 5287 1254 5361 expostulavit.
1267 5284 1350 5356 Cujus
1375 5279 1499 5355 petitioni
1523 5290 1660 5341 annuens,
1676 5282 1788 5346 aposto·

121 5392 275 5464 apostoliea
288 5391 457 5457 sancientes,
473 5396 503 5444 ut
517 5389 732 5445 demonasterio
746 5389 774 5444 iu
795 5387 934 5444 Wintonia
983 5387 1035 5442 lica
1058 5383 1222 5442 auctoritate
1249 5381 1403 5444 statuimus,
1436 5373 1509 5446 quod
1544 5369 1652 5468 eidem.
1669 5369 1790 5467 locouac

120 5484 246 5548 civitate,
262 5483 437 5538 inhonorem
453 5488 554 5548 sanctae
567 5480 704 5536 Trinitatis
718 5486 746 5536 et
760 5479 934 5536 beatissimo·
984 5471 1193 5551 congregationi
1206 5470 1331 5533 fratrum,
1344 5465 1404 5520 sine
1418 5460 1534 5558 alicujus
1548 5466 1683 5558 potentia,
1695 5457 1788 5512 divino

121 5590 183 5629 rum
202 5573 391 5644 apostolorum
413 5571 484 5628 Petri
508 5577 536 5628 et
561 5571 638 5627 Pauli
663 5576 833 5636 constructo,
860 5568 933 5641 quod
984 5563 1139 5620 ministerio
1166 5563 1268 5617 instare
1290 5556 1380 5611 liceat.
1396 5550 1452 5605 Nec
1476 5563 1628 5649 episcopis,
1644 5547 1687 5601 vel
1707 5553 1788 5617 pote-

122 5673 216 5734 retus,
231 5665 462 5722 differentianovi
478 5664 552 5721 illius
566 5664 729 5737 quodjuxta
747 5659 935 5728 estcoeuobii,
985 5656 1047 5713 stati
1071 5670 1167 5712 eorum
1201 5652 1229 5708 in
1260 5646 1354 5718 aliquo
1379 5641 1583 5704 intermittere,
1618 5634 1662 5690 iiel
1688 5640 1788 5690 retror-
