3840 6106
166 284 215 349 45
706 277 921 335 subnotatus
939 279 1125 338 etuoutctts
1146 282 1316 338 hahudsts.
1810 292 1846 350 tt

175 420 275 473 notare
301 409 376 483 duod
400 409 469 465 dixit
494 416 614 474 candus,
649 409 791 481 rescripsit
817 415 929 465 sauctus
945 425 952 462 :
971 414 1022 482 »Α
1034 409 1145 466 dinatus
1163 417 1341 466 memoratur.
1354 409 1475 466 lacobus
1490 412 1589 468 Vassor
1604 415 1632 468 in
1649 415 1763 473 historia
1787 419 1844 476 No·

177 502 360 561 hanc-assem
372 501 407 557 de
431 516 545 557 numero
561 500 764 568 damnatorum,
780 501 804 557 si
822 501 936 557 fuissem
951 500 985 556 de
1034 496 1187 554 riomensis
1200 498 1330 555 Ecclesiae
1341 499 1443 554 retinet
1456 502 1699 573 anuum'priorem.
1710 507 1843 563 Caeterum

177 606 294 649 nantem
311 589 518 661 episcoporum.
538 611 548 641 a
567 591 628 647 llaec
643 591 738 662 accipe
753 590 788 645 ab
804 606 837 647 eo
852 592 899 663 qui
922 599 985 646 tuus
1034 603 1127 657 nemo,
1144 597 1174 645 ut
1197 606 1290 663 spero,
1305 591 1421 647 moleste
1441 590 1519 654 leret,
1534 594 1609 664 quod
1638 597 1672 651 de
1696 597 1842 655 Flodoardi

177 691 230 746 est,
252 687 279 736 et
293 679 367 748 jacta
388 687 464 734 tuum
480 679 508 735 in
523 679 639 737 llomino
663 680 812 754 cogitatum
830 698 836 734 ε
853 681 986 751 patientia
1034 681 1200 737 monachatu
1214 680 1275 737 luse
1302 681 1492 751 disseruerim,
1509 694 1635 740 nontam
1663 687 1788 746 absolute
1807 691 1842 746 de

174 779 224 837 ,tua
237 788 294 829 non
306 771 412 845 peribit
425 772 453 828 in
467 771 562 828 finem.
578 773 656 828 Fient
671 772 699 825 iu
713 770 925 837 desolationem,
938 787 986 827 su·
1034 783 1068 825 eo
1088 769 1282 840 pronuntians,
1301 786 1385 843 quam
1400 771 1447 826 alii
1465 781 1600 840 auctores,
1629 791 1745 846 quorum
1773 778 1842 833 nihil

176 860 235 919 bito
250 860 393 930 deficient,
407 861 540 935 peribunt
554 868 668 933 propter
681 860 843 932 iniquitates
857 878 922 917 snas
937 862 983 933 qui
1034 858 1160 918 interest.
1167 861 1303 935 liquidem
1310 862 1583 931 Natalishlexander,
1594 866 1748 935 virdootus,
1758 870 1843 924 relata

176 958 204 1008 te
219 952 348 1009 oderunt.
365 952 552 1029 Cognoseetur
566 953 700 1009 Dominus
711 953 818 1021 iudicia
831 952 945 1020 iaciens,
957 961 985 1010 et
1033 950 1164 1028 ddelgagi
1176 954 1295 1025 epistola
1310 955 1381 1024 (tom.
1396 954 1448 1023 llll,
1462 972 1529 1025 pap.
1546 956 1619 1027 308).
1640 959 1703 1014 «lix
1718 961 1768 1015 hac
1782 961 1845 1032 epi-

175 1041 206 1115 in
218 1043 353 1115 operibus
366 1059 498 1100 manuum
513 1059 624 1099 suarum
650 1042 983 1115 comprehendeturpec-
1033 1042 1114 1110 stola,
1146 1044 1246 1116 inquit,
1272 1046 1430 1117 perspicum
1456 1054 1496 1101 est
1526 1047 1710 1107 flodoardum
1743 1068 1842 1109 mona-

175 1124 261 1191 citor.
292 1134 343 1190 Bra
363 1150 414 1207 pro
440 1151 495 1192 me.
522 1135 659 1207 Scriptum
688 1134 778 1207 pridie
803 1135 861 1192 llal.
887 1133 981 1191 Octob.
1033 1131 1115 1186 chum
1133 1132 1227 1189 luisse.
1244 1135 1369 1206 »ltaque
1394 1151 1449 1190 non
1475 1135 1613 1194 immerito
1640 1155 1772 1215 arguerer
1792 1159 1843 1197 ne-

175 1241 249 1283 anuo
262 1226 325 1282 ost.
349 1249 358 1273 ι
1032 1222 1129 1298 gleetae
1142 1224 1248 1280 ordinis
1262 1226 1347 1281 nostri
1364 1226 1518 1300 diguitatis,
1534 1227 1558 1283 si
1577 1229 1684 1296 saltem,
1705 1247 1768 1302 quae
1795 1249 1841 1287 ar-

211 1313 534 1388 flacteuusepistola,in
555 1331 610 1387 qua
625 1314 732 1371 Bulaeus
758 1331 807 1387 pro
831 1331 904 1372 anno
928 1316 976 1371 stt
1030 1319 1163 1384 gumeuta
1193 1319 1299 1368 tantum
1332 1314 1420 1370 virum
1448 1314 1530 1369 nobis
1560 1316 1703 1372 vindicare
1731 1335 1845 1392 quoquo

173 1405 341 1461 annumsst
351 1404 542 1478 reponendum
557 1411 645 1476 putat,
662 1421 762 1476 nempe
776 1415 806 1460 ut
821 1405 849 1461 id
863 1406 981 1478 quadret
1030 1402 1114 1458 modo
1144 1411 1270 1474 possunt,
1299 1420 1353 1461 non
1383 1404 1510 1461 afferrem
1540 1407 1719 1478 inmedinm,
1747 1411 1845 1468 relicto

174 1510 323 1553 eumanno
336 1497 399 1562 ast,
413 1511 469 1571 quo
483 1496 710 1570 Fuleariusapud
731 1498 915 1556 Flodoardum
935 1515 982 1556 or·
1030 1493 1118 1568 aquis
1130 1495 1282 1554 lectoribus
1301 1496 1456 1554 decretorio
1472 1498 1591 1567 jndicio.

652 1756 983 1932 ¹tuoruum
1036 1833 1319 1935 annual

233 1998 391 2066 hatthus
406 1999 558 2066 Historiae
572 2001 729 2067 demessis
744 2002 893 2068 Bcclesloe
905 2013 936 2070 et
950 2003 1080 2071 aliunde
1095 2006 1274 2092 conscripto
1290 2023 1350 2092 per
1366 2005 1536 2091 deorplum
1551 2009 1779 2078 Columerium.

572 2147 620 2209 (Ex
633 2155 699 2198 mmo
709 2145 777 2200 xvtt
788 2146 947 2198 Bibliotheca
960 2146 1064 2201 Parrum
1079 2148 1139 2200 odit.
1154 2148 1280 2214 Lugdun,
1297 2164 1353 2215 pag.
1368 2150 1434 2211 boot

898 2320 1106 2352 «ονε-

205 2459 239 2517 tlt
252 2475 268 2516 a
283 2458 397 2517 nomine
410 2457 562 2527 ordiamur,
578 2458 717 2533 integrum
741 2458 862 2514 auctoris
873 2474 976 2514 nomen
988 2461 1014 2530 Β
1026 2456 1123 2513 Fuisse
1136 2458 1220 2514 etiam
1234 2459 1384 2532 aliquando
1402 2471 1536 2518 rectorem
1549 2480 1597 2519 scu
1624 2473 1762 2537 pastorem
1779 2465 1842 2522 Col-

169 2550 274 2619 tuit,ut
288 2548 464 2616 arbitramur,
481 2548 679 2612 Flodohardus,
696 2564 746 2604 seu
757 2548 978 2619 Flodoardus,ex
1029 2545 1152 2602 misciani
1167 2547 1220 2603 vici
1234 2555 1351 2605 testatur
1362 2549 1421 2620 ipse
1435 2551 1507 2607 libro
1522 2570 1558 2624 iv,
1573 2569 1633 2625 cap.
1648 2554 1694 2609 28.
1720 2558 1752 2609 tt
1766 2564 1843 2627 post-

167 2636 976 2714 qnoporsyncopemiactumestFlohardus,etFloardus‚
1029 2638 1317 2715 modumvitaegenns
1340 2649 1473 2711 mutasse,
1502 2652 1530 2699 et
1549 2644 1644 2702 relicto
1676 2635 1841 2702 canonicatu

154 2731 246 2799 ¹'tltrod
260 2732 401 2803 posterius
415 2730 444 2785 in
458 2729 563 2786 nostris
581 2728 640 2785 iere
656 2728 860 2801 exemplaribus
872 2736 979 2805 reperi-
1028 2730 1188 2786 monasticae
1201 2733 1305 2808 regulae
1320 2748 1382 2788 sese
1406 2735 1574 2804 subdidisse,
1592 2744 1619 2791 ct
1633 2737 1737 2793 deinde
1752 2736 1841 2792 abha-

169 2829 224 2887 tur,
232 2820 372 2893 quomodo
383 2820 451 2876 item
463 2819 532 2894 legit
544 2819 666 2876 loannes
678 2819 780 2875 Savero
793 2819 821 2877 in
833 2823 907 2879 notis
921 2825 979 2880 suis
1028 2828 1083 2876 tem
1102 2820 1202 2878 iactum
1218 2839 1289 2892 esse,
1309 2833 1383 2881 certa
1409 2832 1474 2881 sunt
1489 2827 1656 2885 documenta
1675 2845 1707 2884 ex
1720 2829 1841 2901 epistola

166 2910 204 2966 ad
221 2910 369 2966 Sidonium
396 2908 601 2981 Appolinarern.
619 2908 781 2985 sigebertus
800 2911 977 2982 Flawaldum,
1028 2913 1142 2986 hdelagi
1156 2916 1312 2972 Bremeusis
1328 2917 1542 2991 archiepiscopi,
1558 2937 1641 2993 quam
1657 2921 1743 2977 babes
1758 2920 1836 2976 inira.

151 3008 335 3065 ¹'Frithemios
356 3009 514 3066 Flavaldum
533 3008 667 3065 nominat.
690 3009 787 3066 Petrus
809 3010 934 3066 Pitboeus
950 3010 979 3065 in
1028 3004 1096 3062 ltern
1107 3021 1141 3061 ex
1156 3021 1189 3061 eo
1205 3007 1279 3078 quod
1293 3007 1327 3062 de
1342 3022 1372 3062 se
1385 3006 1483 3064 scribit
1495 3009 1524 3062 in
1540 3009 1675 3066 Chronico
1691 3026 1764 3066 anno
1776 3011 1838 3072 963,

62 3161 64 3166 ,
153 3099 317 3156 duodecim
328 3099 488 3156 auctoribus
498 3097 977 3170 simuleditis,Papiriusllassonus,
1028 3097 1072 3154 his
1086 3099 1200 3154 serbis:
1218 3124 1231 3147 «
1248 3100 1304 3174 ligo
1319 3115 1385 3156 vero
1411 3099 1512 3156 tractus
1524 3108 1616 3169 aetate,
1632 3111 1662 3158 et
1674 3103 1784 3158 attritus
1798 3103 1840 3157 in-

167 3204 273 3263 eosque
296 3197 407 3246 mantus
428 3188 630 3246 illustrissimus
646 3187 795 3243 cardinalis
819 3186 908 3244 Caesar
922 3190 977 3243 Ba·
1028 3184 1169 3255 firmitate,
1183 3197 1210 3244 el
1225 3188 1378 3245 ministerio
1404 3205 1448 3245 me
1463 3189 1588 3245 abdicari
1606 3190 1760 3261 praelatura
1789 3207 1838 3247 co-

166 3279 461 3339 rouiusFrodoardum
481 3277 631 3351 appellant.
645 3275 699 3331 Sed
714 3292 764 3346 pro
780 3275 905 3344 litteral,
922 3292 976 3335 nou
1028 3292 1086 3332 ram
1101 3277 1201 3333 eodem
1213 3278 1330 3348 praesule
1351 3277 1468 3349 (seilicet
1489 3278 1625 3345 Odalrico,
1655 3281 1759 3336 Artoldi
1775 3297 1840 3336 suc-

167 3369 696 3447 r,inprimasyllabalacit,quodlib.
714 3369 974 3439 uhuJ'usllistoriae,
1028 3368 1145 3437 cessore)
1159 3366 1264 3438 quique
1280 3382 1322 3421 me
1351 3366 1404 3423 hoc
1432 3366 1580 3423 absolvens
1606 3367 1685 3442 jugo,
1707 3368 1841 3440 imposuit

166 3463 268 3535 eapd,
285 3461 445 3517 meminerit
468 3458 612 3524 Flawardi,
642 3457 711 3523 sive,
737 3466 767 3514 ut
791 3458 875 3513 habet
899 3458 976 3513 aliud
1026 3455 1096 3511 illud
1120 3472 1169 3527 per
1189 3456 1355 3512 electionem
1380 3455 1493 3512 fratrum
1513 3471 1649 3524 meorum,
1666 3456 1759 3528 nepoti
1777 3472 1841 3511 meo

166 3554 318 3627 exemplar,
330 3552 453 3610 Flavardi
464 3551 593 3608 avunculi
607 3549 701 3605 matris
719 3564 787 3614 suae,
804 3558 831 3606 et
846 3550 875 3604 in
891 3547 977 3606 Chro-
1026 3547 1190 3616 Flodoardo,
1207 3549 1411 3624 septuagesimo
1424 3548 1511 3604 aetatis
1521 3565 1589 3604 meae
1604 3565 1686 3605 anno.
1708 3570 1720 3599 u
1737 3549 1840 3605 Sicihi.

166 3645 230 3702 nico
241 3661 303 3710 suo,
319 3660 394 3702 anno
410 3645 463 3701 953
479 3661 487 3711 ;
503 3641 613 3714 nepotis
636 3641 679 3696 sui
706 3641 864 3708 Flodoardi,
892 3649 923 3696 nt
935 3641 974 3696 ibi
1026 3638 1102 3694 ldem
1117 3637 1281 3696 confirmant
1300 3655 1397 3694 versus
1424 3639 1530 3707 Gallici,
1547 3640 1575 3693 in
1590 3639 1686 3695 codice
1715 3637 1842 3709 peranti-

166 3737 234 3814 legit
248 3737 399 3794 correctius
413 3735 553 3807 exemplar
567 3734 744 3790 Divionense.
768 3733 846 3789 Unde
861 3740 890 3789 et
905 3749 976 3804 prre·
1025 3744 1080 3800 quo
1096 3745 1147 3783 ms.
1165 3729 1279 3800 reperti,
1292 3745 1307 3783 a
1321 3728 1402 3784 nobis
1426 3729 1453 3783 in
1468 3728 1642 3800 frontispicio
1655 3728 1750 3800 positi,
1766 3743 1839 3800 quo-

165 3828 256 3884 dictus
283 3827 405 3883 Pithoeus
436 3825 466 3880 iu
498 3823 635 3879 Glossario
664 3821 862 3894 Capitularium
883 3821 973 3877 llaroli
1025 3832 1085 3872 rum
1101 3818 1160 3873 haee
1174 3826 1216 3874 est
1230 3817 1441 3890 interpretatio:
1458 3839 1473 3868 s
1496 3817 1523 3872 Si
1540 3819 1581 3873 vis
1595 3818 1666 3873 seire
1688 3818 1840 3872 ilemeuses

163 3916 255 3993 dagni
269 3923 297 3972 et
311 3915 441 3972 ludovici
458 3913 509 3980 Pii,
521 3913 597 3985 quod
611 3919 721 3968 auctum
736 3911 875 3984 posterius
889 3910 919 3965 iu
929 3911 973 3966 lu·
1025 3905 1184 3980 episcopos,
1199 3908 1260 3983 lege
1275 3908 1430 3963 Chronicon
1444 3906 1589 3962 Flodoardi
1617 3906 1702 3962 docti.
1721 3907 1745 3961 ls
1763 3923 1840 3961 mor-

164 4028 225 4069 cem
256 4009 359 4077 emisit,
386 4014 523 4079 perpetuo
547 4004 730 4060 Flodoardum
765 4003 901 4068 nominat,
933 4004 972 4059 uti
1024 4002 1087 4051 tuus
1112 4006 1155 4053 est
1179 4005 1301 4070 tempore
1334 3996 1450 4052 Odalriei
1471 3996 1606 4068 episcopi,
1637 3996 1771 4051 oriundus
1799 4013 1833 4050 ox

164 4108 194 4156 et
219 4099 309 4155 tosias
341 4097 477 4152 Simlerus
515 4093 543 4147 in
582 4091 743 4163 praelatione
771 4107 821 4146 seu
855 4091 972 4161 epistola
1022 4086 1172 4159 Sparnaro.
1195 4089 1375 4145 Vixitcastus
1396 4088 1524 4155 clericus,
1550 4087 1641 4143 honus
1669 4088 1832 4152 monachus,

165 4192 336 4249 dedicatoria
348 4186 572 4261 cosmographiae
587 4176 697 4250 AEtbici',
717 4183 792 4254 quod
811 4190 839 4238 et
863 4198 914 4238 nos
926 4199 974 4238 so·
1022 4182 1121 4238 melior
1134 4181 1230 4249 abhas,
1246 4181 1280 4236 ab
1296 4181 1412 4254 Agapito
1425 4196 1497 4252 papa
1516 4179 1570 4235 luit
1584 4179 1673 4235 iactus
1692 4181 1831 4235 sacerdos.

165 4294 290 4355 quemur.
317 4279 405 4334 Patria
423 4276 449 4332 ei
475 4274 529 4330 luit
559 4275 728 4345 Sparnacum
755 4271 888 4343 oppidum
916 4287 971 4328 nou
1024 4274 1060 4329 En
1075 4274 1135 4343 ejus
1150 4272 1264 4342 historia
1289 4273 1375 4328 multa
1395 4288 1464 4328 nova
1488 4273 1600 4340 selesei
1631 4270 1660 4326 in
1685 4272 1732 4328 illa
1747 4268 1832 4328 totam

161 4372 262 4447 procul
284 4370 376 4427 llemis
403 4368 541 4424 dissitum.
575 4365 648 4420 Vixit
674 4365 727 4420 sub
754 4363 972 4436 archiepiscopis
1021 4364 1214 4437 antiquitatem
1235 4364 1389 4420 hauries.»
1421 4365 1496 4420 ldem
1516 4365 1637 4436 denique
1652 4364 1786 4437 probatur
1798 4381 1833 4418 ex

163 4463 348 4523 hamensibus
364 4462 498 4529 llaeriveo,
513 4458 617 4524 Scnllo,
638 4457 749 4513 llrtoldo
778 4463 806 4513 et
833 4455 969 4513 odalrico.
1021 4453 1180 4510 testimonio
1195 4454 1330 4510 llominici
1342 4453 1463 4509 Grimani
1478 4453 1637 4520 cardinalis,
1655 4454 1730 4526 quod
1746 4451 1833 4507 inira-

162 4556 221 4614 Sub
237 4556 350 4613 trtoldo
364 4571 428 4611 enm
443 4554 496 4609 hoc
509 4568 581 4624 opus
592 4549 791 4620 conscripsisse
801 4554 878 4619 patet
893 4548 972 4603 exli·
1020 4543 1174 4615 posuimus.
1190 4543 1252 4600 Fuit
1268 4552 1359 4600 autem
1383 4542 1535 4599 monachus
1557 4552 1585 4599 et
1617 4541 1704 4597 abhas
1725 4541 1834 4598 ordinis

163 4646 214 4704 bro
229 4661 270 4713 tu,
283 4660 344 4717 cap.
358 4644 387 4698 6.
399 4642 473 4697 Vixit
491 4639 543 4695 sub
553 4639 667 4715 regibus
681 4637 846 4693 Francorum
862 4624 969 4704 Carolo,
1020 4631 1048 4688 S.
1068 4633 1212 4690 Benedicti
1237 4632 1330 4688 llemis
1350 4633 1378 4687 in
1402 4631 1570 4688 monasterio
1593 4631 1680 4687 saneti
1702 4630 1831 4706 Remigii.

160 4735 304 4808 Simplice,
330 4731 469 4788 Ludovioo
486 4727 679 4784 Transmarino
701 4732 730 4783 et
743 4725 870 4781 bethario
894 4725 970 4795 ejus·
1020 4723 1109 4790 Quare
1124 4738 1179 4779 non
1191 4722 1304 4785 lallitnr,
1320 4738 1373 4777 nec
1385 4721 1488 4792 injuste
1503 4721 1582 4777 illurn
1600 4737 1652 4777 suo
1662 4721 1753 4778 ordini
1769 4720 1833 4774 rin-

161 4826 225 4881 dem
240 4821 371 4879 Ludovici
394 4818 554 4889 lilio,quem
571 4817 600 4871 in
615 4831 707 4889 regern
723 4815 888 4870 Francorum
903 4830 971 4870 ron-
1020 4814 1094 4872 dieat
1116 4813 1283 4869 Trithemius
1304 4814 1478 4889 sigebertum
1506 4821 1628 4881 secutus,
1655 4812 1726 4867 libro
1755 4830 1773 4866 n
1794 4812 1832 4866 lle

159 4916 279 4973 sacravit
298 4912 426 4968 letoldus
439 4924 513 4966 auno
533 4909 596 4964 stt.
625 4907 719 4963 Fuisse
735 4906 927 4979 preshyterum
942 4917 970 4963 et
1019 4902 1091 4960 Viris
1105 4902 1261 4958 illustribus
1283 4903 1390 4959 ordinis
1411 4902 1499 4959 sancti
1516 4901 1670 4969 Benedicti,
1698 4917 1759 4972 eap.
1784 4901 1832 4969 68,

160 5005 325 5061 canonicum
354 4998 485 5056 Ecclesioe
519 4997 662 5053 {lemensis
694 5003 830 5053 testantur
858 4996 970 5054 codices
1020 5000 1047 5048 et
1068 4991 1096 5046 in
1124 4992 1252 5066 catalogo
1278 4992 1445 5064 scriptorum
1474 4991 1739 5056 ecclesiasticorum,
1768 5006 1831 5045 cum

160 5092 304 5148 llemensis
329 5096 357 5145 et
382 5087 562 5162 igniacensis,
593 5085 639 5158 qui
658 5085 732 5141 illum
749 5085 793 5141 his
807 5084 894 5141 titulis
922 5101 969 5141 or·
1019 5080 1088 5136 dicit
1103 5096 1166 5135 eum
1181 5079 1265 5136 luisse
1279 5082 1443 5137 monachum
1460 5081 1624 5136 ilemensem
1642 5079 1749 5135 ordinis
1761 5094 1830 5134 sau·

160 5191 237 5249 nant,
261 5183 316 5237 imo
330 5181 424 5237 omnia
439 5187 533 5236 nostin
556 5178 723 5250 exemplaria
737 5193 821 5234 manu
847 5185 966 5244 exarata,
977 5131 1007 5200 D
1019 5169 1056 5226 cti
1067 5168 1218 5224 Benedicti.
1235 5170 1308 5235 Quos
1335 5170 1402 5226 item
1415 5169 1541 5241 sequitur
1565 5169 1707 5225 Corradus
1725 5167 1832 5222 Gesne-

159 5271 317 5345 inquorum
330 5273 406 5327 calce
420 5269 522 5343 tegitur
535 5287 542 5323 ς
559 5270 679 5339 Explicit
703 5268 834 5324 picardus
851 5267 893 5322 oet
906 5268 969 5324 teto.
1019 5274 1066 5314 rus
1081 5258 1109 5312 iu
1125 5274 1174 5313 sua
1189 5258 1370 5326 Bibliotheca,
1386 5267 1414 5315 et
1424 5258 1650 5314 drnolduslllion
1666 5257 1766 5313 librou
1780 5257 1829 5311 Li-

157 5365 262 5422 hcrdata
287 5365 427 5436 presopor
453 5362 629 5419 dilemeast‘s
656 5362 810 5415 aclionaeus.
835 5359 969 5415 Similiter
1017 5349 1306 5424 gnillitae,capite67
1324 5370 1330 5406 :
1347 5353 1397 5407 sed
1417 5352 1462 5408 hic
1478 5352 1506 5406 in
1529 5358 1609 5408 aetate
1639 5352 1700 5421 ejus
1727 5350 1831 5405 lallitur

145 5455 249 5513 'dietus
257 5454 346 5512 iosias
359 5451 553 5525 presbyterum
568 5457 658 5512 vocat,
684 5459 712 5504 et
724 5447 847 5505 loannes
864 5447 967 5503 Filesa·
1017 5447 1128 5497 centum
1143 5455 1231 5512 prope
1260 5439 1351 5508 anuis,
1378 5439 1504 5496 scribens
1518 5455 1582 5494 eum
1602 5438 1730 5495 floruisse
1756 5453 1830 5492 anno

154 5562 204 5606 eus
217 5546 382 5605 barisiensi
396 5545 542 5618 theologus
561 5543 589 5599 iu
603 5541 706 5598 ueteris
732 5541 963 5599 suddiaconi.
1014 5528 1077 5586 870.
1093 5529 1206 5586 Fallitur
1218 5543 1330 5602 quoque
1354 5529 1490 5584 Antonius
1503 5528 1670 5584 Possevinus
1689 5528 1718 5583 ln
1738 5528 1831 5600 Appa-

150 5648 231 5695 «ιω
255 5633 550 5705 Quemtmnonipum
577 5633 753 5700 tamensem,
774 5630 813 5687 uti
838 5629 964 5687 ersom.
1015 5628 1075 5676 ratu
1090 5634 1179 5689 sacro,
1196 5619 1224 5674 in
1239 5634 1273 5675 eo
1302 5617 1377 5690 quod
1406 5617 1564 5675 Flaualdum
1592 5632 1609 5672 a
1633 5616 1787 5673 Flodoardo
1803 5624 1830 5672 et

155 5742 206 5783 nes
219 5727 344 5796 Nolanus
358 5725 387 5781 in
400 5725 462 5781 Nat.
478 5723 524 5780 SS.
550 5721 639 5794 Belgii
651 5720 697 5778 die
717 5720 816 5794 quinta
835 5718 961 5793 Augusti.
1013 5713 1171 5772 Frodoardo
1190 5712 1353 5786 distinguat,
1377 5719 1508 5786 uuquam
1533 5710 1659 5770 diuersos
1686 5718 1826 5768 auctores·
