3840 6106
124 282 188 339 '133

128 408 226 466 Solius
244 405 354 465 bomini
368 406 495 480 seqnitur
507 405 641 464 libamina
655 403 775 463 Christi:

126 500 265 553 attractus
279 494 372 552 neruis
386 508 530 568 maneque
545 493 694 550 libramine
707 495 805 562 tenus,

125 589 268 644 Laudibus
284 594 312 644 et
319 586 449 660 precibus
461 601 556 663 regent
568 586 703 658 persultat
712 588 814 656 lasum,

128 676 350 748 Carnificemqua
363 674 417 730 viri
429 681 543 747 superat
556 673 689 747 patientia
699 673 758 733 firi.

126 766 175 820 ltle
186 765 293 837 pudore
308 778 424 840 putens
436 770 568 835 properat
577 777 688 819 namne
702 771 831 835 tyranno,

126 854 327 927 Etpraeceptori
337 853 444 910 devicta
458 853 598 910 renuntiat
611 869 705 919 arma;

126 949 177 1014 Qui
191 946 343 1003 furibunda
353 945 474 1002 tremens
485 960 585 1002 omues
594 959 664 1018 quos
673 946 790 1002 claustra
800 952 941 1003 retentant

125 1040 191 1096 Gum
207 1039 319 1112 Gyriaco
334 1038 395 1095 ensi
406 1037 533 1114 jugulum
547 1037 707 1110 dependere
720 1039 850 1106 mandat;

124 1137 212 1207 Atque
221 1133 260 1189 ita
270 1133 315 1189 bis
330 1131 396 1188 deni
410 1131 515 1188 clarum
528 1147 614 1205 anper
623 1140 695 1188 astra
709 1133 865 1191 ministrum

123 1228 275 1283 sectantur
287 1229 383 1291 testes,
399 1237 480 1280 roseo
496 1221 603 1299 fulgore
619 1223 750 1280 nitentes.
833 1262 837 1271 .

122 1316 243 1389 Pignora
252 1315 375 1370 loannes
388 1312 486 1369 senior
498 1311 579 1384 rapit,
595 1311 675 1368 abdit
685 1313 824 1387 humoque

120 1409 243 1482 lleponit
254 1427 262 1474 ;
274 1406 418 1464 llarcellus
429 1406 541 1475 abhinc,
554 1407 705 1465 comitante
716 1406 796 1463 beata

121 1501 237 1569 lucina,
249 1498 354 1555 celebri
367 1513 482 1555 comeus
496 1498 622 1570 disponit
635 1499 760 1566 honore;

117 1596 240 1667 Suscipit
253 1596 313 1652 haec
322 1594 405 1651 etiam
416 1593 508 1652 aooioa
521 1593 636 1668 largum
648 1598 732 1666 atque
742 1593 933 1669 smaragdum,

118 1690 195 1754 Quos
209 1687 330 1744 dominae
345 1685 458 1758 capiunt
472 1685 583 1742 luliana
597 1692 626 1741 et
640 1685 746 1742 llenica
760 1686 861 1744 busto:

118 1779 222 1833 Fratris
237 1787 303 1834 tuuc
318 1777 401 1834 etiarn
413 1774 527 1833 affectus
541 1777 679 1832 Anthemio
693 1777 791 1842 sensit,

118 1870 249 1926 Germani
266 1869 370 1926 tramea
384 1867 498 1942 capiens
512 1867 635 1925 coelestia
650 1883 745 1944 regua.

117 1964 152 2017 ,tt
165 1962 269 2018 Lucina
279 1961 422 2019 facultates
434 1978 466 2018 ex
483 1977 544 2018 asse
563 1961 702 2017 ministrat

118 2051 264 2118 Ecclesiae,
280 2049 418 2124 traditque
433 2052 557 2120 domum,
577 2050 695 2124 quarite
712 2058 819 2106 sacrata

119 2142 196 2216 Lege
210 2141 277 2198 licet
291 2141 371 2214 plexa
383 2140 513 2214 mysteria
525 2156 597 2213 papa
611 2140 778 2215 frequentat,

437 280 480 338 ult
498 278 629 337 climart
646 278 829 340 turbatura
847 283 934 342 trun
953 283 1086 342 tutum
1104 284 1194 342 ttthl
1212 282 1279 342 xtt.
1298 314 1335 328 ·-
1353 283 1417 341 Lib·
1435 283 1506 340 vttl.

1744 280 1799 341 tut

952 414 976 483 Α
989 410 1048 477 Quo
1061 414 1213 482 comperto,
1227 407 1316 465 hostia
1329 407 1468 464 stimulata
1483 413 1577 464 mente
1590 412 1729 471 retractat,

989 500 1058 565 Quid
1075 514 1163 573 poeute
1177 503 1288 566 statuat,
1308 497 1374 553 dum
1387 496 1498 568 publica
1511 495 1586 552 bella
1598 501 1725 561 mantula

988 592 1106 664 beputat
1126 605 1192 665 ergo
1218 589 1331 645 domum
1355 585 1505 653 stabulum,
1528 591 1691 658 patremque
1713 584 1798 641 mini-

1662 676 1762 745 [strum

987 771 1124 829 lumentis
1137 770 1241 837 adicit,
1255 784 1344 843 prono
1358 782 1415 840 qna
1424 765 1508 824 eorde
1523 766 1665 834 subactus,

989 863 1009 916 h
1024 861 1142 918 Domino
1154 860 1224 917 illati
1236 859 1390 916 medicatur
1403 857 1517 915 uulnera
1532 855 1603 924 laesi,

988 953 1180 1027 temporeque
1195 953 1241 1009 hic
1256 951 1339 1026 longo
1353 950 1466 1026 gemino
1481 947 1546 1004 dum
1561 947 1662 1020 pabula
1675 947 1729 1003 ritu

989 1042 1129 1117 Suggerit,
1139 1057 1172 1097 ac
1184 1039 1272 1097 bifido
1283 1040 1393 1096 diversa
1407 1037 1537 1095 animalia
1549 1037 1622 1093 victa

988 1133 1125 1208 l'erfovet,
1141 1134 1273 1190 emeritus
1287 1131 1407 1205 paradisi
1420 1131 1449 1186 in
1463 1137 1542 1201 septa
1556 1129 1672 1185 levatur.

988 1230 1138 1286 Fineteuns
1152 1229 1223 1286 duro
1233 1234 1323 1285 tectus
1334 1226 1459 1282 membra
1477 1224 1580 1296 inclyta
1592 1237 1673 1277 mono

986 1320 1072 1376 Nocte
1087 1319 1132 1375 die
1147 1319 1276 1392 precibus
1290 1317 1418 1390 ditiaque
1430 1314 1547 1372 vacabat
1560 1320 1592 1370 ut
1602 1311 1733 1385 bymuis;

987 1408 1109 1465 loannes
1123 1416 1200 1464 artus
1213 1422 1292 1463 sacer
1308 1413 1335 1462 et
1351 1405 1455 1461 lucina
1470 1403 1625 1461 recondunt

988 1500 1070 1556 AEdes
1082 1499 1210 1572 carpasio
1226 1497 1330 1572 Gyriaci
1347 1512 1463 1552 munere
1475 1495 1551 1552 cedit

984 1589 1113 1657 Saevitiae,
1127 1591 1268 1663 ingressus
1279 1587 1383 1645 iontem
1396 1601 1480 1659 quem
1490 1601 1562 1658 papa
1571 1589 1707 1641 sacrarat-

986 1684 1103 1741 0bsoeni
1115 1684 1179 1738 luxu
1190 1682 1309 1739 maculat
1321 1681 1454 1738 sordente
1468 1679 1568 1736 lavacri
1581 1699 1588 1733 :

985 1774 1043 1838 Qua
1057 1772 1123 1827 dum
1137 1771 1249 1828 scenica
1264 1786 1326 1826 cum
1340 1767 1431 1841 prauis
1441 1775 1468 1824 et
1479 1766 1554 1823 loeda
1568 1765 1734 1838 frequentat,

984 1865 1143 1922 Tartareum
1156 1862 1241 1920 subiti
1261 1870 1338 1920 torvo
1353 1861 1421 1917 lethi
1436 1860 1547 1936 agmine
1562 1866 1666 1930 raptus,

985 1952 1297 2027 Gomplicibusjuuctis,
1314 1950 1505 2008 descenditad
1515 1964 1602 2023 usquc
1614 1947 1782 2021 profundum

984 2047 1030 2103 Sic
1049 2047 1096 2119 pia
1109 2047 1202 2102 clausa
1215 2046 1314 2102 domus
1326 2044 1404 2111 diris,
1419 2042 1547 2099 intranda
1557 2040 1699 2116 benignis,

983 2140 1126 2196 Terrorem
1141 2138 1222 2195 saeuis
1234 2137 1360 2204 adhibet,
1380 2136 1514 2194 solamina
1524 2133 1617 2204 iustis.

883 2264 988 2323 caput
1008 2264 1041 2320 ll.

699 2377 739 2438 De
751 2386 858 2439 sancto
872 2378 985 2439 lucino
1001 2384 1028 2437 at
1042 2377 1134 2437 sociis
1146 2374 1221 2452 ejus.

121 2510 289 2566 Sanctorum
304 2509 398 2581 plures
412 2509 514 2566 lucina
524 2510 605 2566 beata
617 2507 738 2577 fovebat,

120 2600 171 2656 Cui
186 2601 289 2671 conjux
299 2599 440 2668 Pinianus,
455 2616 524 2673 opes
539 2607 566 2656 et
586 2599 689 2672 praedia
703 2599 845 2673 linquens,

123 2693 156 2748 Ut
172 2691 313 2747 Sisiunius
325 2708 358 2747 ac
372 2693 475 2764 pariter
487 2692 685 2762 Diocletianus,

122 2783 266 2839 Grandine
278 2798 405 2839 saxorum
421 2784 521 2857 pressi,
541 2784 696 2842 Florentius
707 2790 792 2858 atque

123 2873 322 2949 congaudente
331 2872 386 2945 piis
399 2875 434 2931 ab
449 2890 485 2932 eo
499 2875 563 2931 data
575 2874 655 2931 busta
669 2882 826 2947 capessunt,

123 2966 170 3020 ilis
184 2982 298 3039 qnoque
310 2972 457 3036 susceptus
467 2965 628 3021 meritorum
644 2963 731 3037 fulget
745 2964 862 3021 honore.

123 3059 229 3115 lmbnit
246 3060 318 3115 banc
331 3063 433 3131 martyr
447 3056 613 3114 sublatusab
626 3072 675 3114 ore
689 3057 802 3123 cloaca,

122 3151 270 3223 Temperet
285 3167 398 3227 egressa
412 3157 442 3206 ut
454 3149 579 3222 proprias
590 3149 697 3221 ieiunia
710 3150 793 3217 viros,

123 3243 245 3315 Corpore
259 3243 325 3299 dote
336 3243 519 3320 nucisgerula
529 3243 642 3301 cornice
656 3242 767 3311 relecto,

124 3334 211 3389 Parsa
223 3332 301 3389 daret
312 3331 369 3389 vini
383 3333 428 3389 cui
443 3331 647 3390 sorbitiuncula
660 3348 766 3401 comm,

124 3424 211 3490 Quam
229 3437 315 3494 penes
328 3420 436 3478 eductis
445 3422 502 3494 jam
517 3420 648 3478 iratribus
660 3422 733 3478 alma
745 3422 854 3479 beatrix

125 3514 272 3586 Simplicio
285 3513 398 3588 gemina
412 3529 443 3570 ac
454 3513 584 3571 Faustino
598 3514 660 3571 luce
679 3514 803 3581 nitebat;

125 3603 212 3668 Queis
226 3602 303 3658 vario
321 3602 373 3658 sub
384 3618 474 3679 agone
489 3604 546 3675 poli
561 3604 715 3677 penetralia
730 3604 829 3674 nactis,

126 3692 249 3763 Corpora
261 3692 412 3749 verticibus
424 3693 567 3765 tyberinis
582 3694 676 3752 abdita
691 3706 761 3753 nutu

128 3781 294 3838 Redduntur
308 3780 444 3854 patefacta
452 3783 499 3840 uei
513 3800 574 3856 quae
589 3784 815 3858 Crispushonore

124 3876 305 3948 loannesque
315 3875 406 3932 leaaut
420 3875 523 3933 celebri
536 3878 687 3952 junctaque
700 3895 796 3937 sorore

125 3967 224 4024 Debita
245 3968 382 4025 militibus
395 3968 557 4042 dependunt
568 3970 664 4028 munia
676 3972 781 4029 mactis.

985 2509 1033 2563 Ast
1047 2507 1158 2563 inhians
1171 2504 1284 2578 quidam
1299 2502 1473 2562 contermina
1484 2518 1548 2559 rura
1562 2501 1672 2574 piorum

985 2600 1111 2657 Subdere
1123 2598 1222 2656 vicinis
1232 2595 1409 2670 propriisque
1421 2601 1571 2653 annectere
1580 2594 1684 2660 lundis,

985 2690 1024 2745 lld
1039 2689 1098 2746 iera
1112 2686 1176 2744 iana
1187 2687 1339 2744 beatricem
1349 2684 1492 2742 Lucretius
1510 2693 1600 2760 urget,

985 2781 1049 2846 Qnae
1062 2777 1438 2834 scelusexborrensclamat:
1455 2790 1510 2832 non
1526 2774 1584 2831 libo
1599 2773 1734 2847 profanis,

984 2867 1131 2924 altithroni
1144 2865 1243 2923 cultrix
1253 2864 1380 2930 bomini:
1403 2886 1414 2916 ι
1436 2864 1477 2920 sio
1490 2879 1600 2920 carcerc
1615 2870 1691 2920 trusa

985 2959 1053 3013 llum
1071 2956 1207 3012 retinetur
1218 2956 1253 3011 ab
1268 2955 1370 3012 infesto
1384 2954 1524 3012 divellitur
1534 2955 1629 3012 hoste:

985 3051 1134 3109 Praelooata
1147 3050 1236 3127 nigris
1253 3049 1306 3107 sub
1326 3055 1407 3106 nocte
1420 3049 1539 3106 latenter
1550 3047 1578 3103 in
1594 3047 1690 3104 antris.

987 3150 1073 3216 Quam
1086 3147 1185 3204 fratres
1198 3162 1279 3203 secum
1298 3145 1444 3219 explicitos
1458 3145 1561 3202 Lucina
1576 3150 1706 3217 receptat.

987 3240 1110 3296 Ambitor
1121 3255 1167 3295 rus
1180 3237 1352 3314 ingrediens,
1366 3236 1492 3293 indebita
1505 3237 1608 3313 gaudet

987 3330 1145 3388 pervasisse
1155 3330 1251 3387 colens
1265 3329 1366 3402 opibus
1378 3328 1505 3386 conuiuia
1520 3328 1620 3400 raptis;

987 3424 1045 3491 Quo
1055 3438 1153 3480 securo
1166 3422 1257 3496 epulis
1271 3422 1344 3478 laute
1355 3421 1505 3478 recubante
1520 3420 1651 3486 sinistris,

988 3517 1120 3573 Parvulas
1134 3515 1255 3572 avellens
1268 3531 1300 3571 os
1320 3513 1415 3569 matris
1428 3513 1556 3570 abcolere
1575 3514 1690 3569 clamat:

993 3627 1006 3658 r
1024 3604 1106 3672 hudi,
1121 3604 1240 3672 Lucreti,
1253 3609 1314 3677 post
1323 3603 1427 3660 caedem
1442 3603 1536 3658 invasa
1551 3601 1683 3674 capessis.

989 3699 1118 3756 tudens
1130 3714 1165 3754 en
1179 3699 1251 3756 hosti
1263 3696 1358 3754 inlelir
1372 3697 1510 3770 possessio
1521 3696 1619 3754 lactus.
1645 3725 1653 3740 ·

989 3796 1125 3865 acceptus
1136 3792 1187 3848 aub
1202 3806 1270 3848 uoce
1284 3790 1337 3847 ieri
1352 3789 1526 3862 laqueamine
1541 3788 1621 3851 lethi,

989 3881 1108 3938 Prandia
1122 3881 1265 3953 perturbat
1279 3880 1389 3952 patinas
1402 3885 1430 3935 et
1449 3878 1547 3952 pocula
1567 3877 1688 3933 miscens

988 3971 1154 4043 Tartaraque
1168 3968 1307 4042 irrumpit,
1324 3966 1421 4040 flagris
1428 3966 1547 4042 agitatus
1559 3963 1672 4037 erynnis

877 4102 982 4159 utut
1002 4102 1050 4159 tlt.

742 4210 782 4271 lla
792 4220 895 4273 coacto
909 4209 1027 4273 loonne
1039 4218 1067 4271 at
1083 4209 1196 4288 Crispo.

123 4338 438 4414 loannesGrispusque,
453 4342 502 4398 ubi
516 4343 595 4415 plura
605 4343 706 4401 decore
722 4344 821 4401 nitenti

126 4433 249 4506 Pignora
259 4433 395 4502 justorum
410 4435 494 4491 natali
508 4436 631 4513 tegmine
650 4437 784 4505 condunt,

127 4523 256 4595 lpsorurn
271 4523 353 4580 macti
364 4525 481 4593 meritis,
501 4527 648 4599 capiuntur
657 4526 684 4582 in
700 4527 784 4583 astris

127 4616 251 4680 Quorum
261 4616 328 4673 sede
339 4616 387 4689 piu
402 4617 688 4692 mandurautcorpora
700 4620 801 4696 glebis.

125 4708 191 4780 lpse
208 4709 291 4765 etiam
305 4709 383 4767 dites
402 4711 508 4768 sanctis
522 4711 569 4785 qui
586 4713 671 4770 multa
680 4712 844 4769 ministrans

949 4353 978 4422 1)
991 4347 1130 4404 servierat
1142 4346 1277 4414 Thrason,
1293 4343 1377 4420 gibbo
1391 4343 1509 4401 cedente
1521 4340 1631 4408 cameli,

993 4437 1101 4494 himina
1114 4436 1213 4493 transit
1226 4452 1304 4503 acus,
1320 4440 1484 4511 gratumque
1497 4439 1627 4505 expertus
1639 4444 1756 4504 agonem

994 4525 1160 4597 llartyribus
1174 4525 1339 4594 conjunctus
1353 4521 1411 4579 abit
1424 4522 1601 4594 palmamque
1615 4534 1765 4592 capessens

995 4617 1062 4674 Cum
1081 4614 1282 4688 sociisgemino
1290 4613 1360 4686 petit
1375 4628 1458 4669 aurea
1472 4628 1558 4687 regna
1573 4611 1723 4683 triumpho.

881 4837 986 4895 capul
1005 4838 1048 4894 tt.

800 4953 840 5013 lle
859 4961 963 5014 nuncto
983 4951 1117 5012 lionam.

126 5081 213 5136 llulta
227 5080 340 5153 quidem
355 5097 529 5156 quaecunque
542 5085 594 5141 loci
610 5085 750 5143 celebrata
765 5089 889 5161 trophaea

129 5173 186 5229 lloc
202 5171 310 5229 fervore
324 5173 437 5230 micant.
454 5175 562 5241 Quanto
575 5179 741 5235 cumulatius
754 5195 819 5236 arva

129 5265 278 5322 Credimus
291 5266 419 5324 Ausoniae
431 5270 512 5327 rutilo
525 5271 646 5328 radiasse
656 5273 757 5339 nitore,

130 5357 209 5413 Tunc
221 5357 305 5414 bellis
317 5358 422 5417 clarum
436 5361 584 5435 Campania
596 5364 692 5437 pandit
704 5366 857 5435 Erasmum,

129 5449 295 5507 Pontificem
310 5450 436 5527 dignum,
452 5455 551 5513 crebro
562 5457 614 5512 sub
628 5473 718 5535 agone
731 5460 888 5531 probatum.

130 5539 274 5596 Grandine
287 5556 370 5612 mem
387 5542 492 5614 plumbi
509 5545 637 5617 quatiam
653 5547 838 5604 Diocletianus

130 5626 244 5685 luveuit
256 5637 287 5685 ut
297 5629 531 5700 validum,valido
541 5633 588 5690 dat
600 5635 714 5693 verbere
729 5651 837 5693 rursum

992 5085 1175 5144 llactandum.
1192 5084 1290 5162 Rigido
1302 5082 1382 5141 tritus
1392 5083 1440 5157 qui
1454 5082 1553 5140 mbore
1565 5082 1647 5154 sylvae

993 5180 1113 5236 inuictus
1123 5177 1197 5234 uicto
1211 5183 1323 5250 superat
1336 5183 1440 5234 tortore
1452 5175 1562 5252 llagella

992 5272 1120 5325 Arctatnr
1133 5267 1264 5325 coluber:
1280 5266 1360 5323 Varia
1374 5281 1504 5323 exercere
1519 5263 1644 5336 palestra

993 5361 1129 5419 athletam
1140 5360 1288 5428 meditans,
1297 5359 1375 5417 tario
1387 5367 1464 5433 parat
1475 5357 1599 5434 unguina
1609 5354 1678 5426 totu,

993 5449 1338 5524 Diversasrapidospecies
1346 5450 1428 5507 simul
1436 5448 1661 5523 ignoresolsens,

994 5544 1106 5613 Resina,
1119 5543 1246 5617 plumbo,
1261 5559 1334 5612 cera,
1350 5543 1423 5616 pice,
1434 5541 1577 5613 sulphure,
1591 5539 1664 5596 olivo

995 5638 1157 5710 Permiatis3
1173 5638 1278 5712 talique
1289 5633 1555 5709 retectaliquamiuc
1564 5632 1690 5691 membra
