3840 6106
116 237 168 295 407
640 227 682 281 ab
703 225 884 280 HISTORIAM
904 224 1066 281 nanunsts
1087 222 1261 281 ECCLESIAE.
1729 230 1782 285 loll

154 363 214 419 Can.
230 362 299 418 Vlll.
316 360 401 415 Nemo
417 363 541 427 tempore
555 352 776 430 Quadragesinrae
788 355 928 425 poeniten·
940 360 965 428 Α
978 355 1093 428 pelenti,
1104 372 1224 428 eumque
1239 356 1372 427 pastoria
1386 357 1497 430 propria
1511 356 1617 428 saepius
1631 356 1743 427 inviset,
1756 367 1783 417 et

118 459 185 513 tium
210 453 400 511 consessiones
419 449 513 531 audiat
535 455 634 518 praeter
662 455 809 518 pastorem.
842 448 927 517 lluJ'us
977 451 1022 524 pie
1036 449 1137 517 visitet,
1153 464 1216 503 euru
1242 447 1408 517 adfuturam
1424 450 1541 524 gloriam
1568 449 1731 517 animando,
1757 458 1805 518 et,

118 546 192 603 enim
208 544 411 599 intensiorem
424 554 633 614 recognoscere,
647 553 696 609 pro
712 555 766 610 qua
778 553 854 593 suam
865 538 928 594 ani·
977 540 1069 597 debite
1085 539 1274 610 praeparaudo.

119 651 191 690 mam
204 634 320 689 loeuerat
334 630 459 686 Domino.
1014 630 1077 695 Can.
1094 629 1159 684 lll'l.
1175 629 1211 682 lte
1227 626 1345 683 clericis.
1361 627 1481 683 Luceant
1493 627 1565 684 sicut
1578 627 1668 684 stella
1681 637 1710 684 et
1720 644 1805 700 pers

155 725 217 781 Car.
233 724 276 779 lll.
303 724 510 777 Sacrosanctam
531 718 726 775 eucharistiam
742 720 870 776 sacerdos
885 736 929 776 cc·
979 733 1068 795 petua.
1091 723 1229 779 claritates
1254 723 1282 777 in
1305 720 1478 778 firmamento
1493 723 1624 779 Ecclesiae
1647 727 1727 791 (Dori.
1751 726 1805 780 l*

119 821 273 875 lebraturns
296 833 326 872 se
350 818 495 887 praeparet,
517 820 543 867 et
562 812 668 884 probet,
689 819 716 867 et
730 822 760 868 ut
782 812 927 869 minimum
979 815 1037 870 Non
1051 813 1106 869 sint
1118 813 1199 880 ebrii,
1216 829 1346 888 nugaces
1363 821 1390 869 et
1401 814 1581 871 saecularibus
1596 814 1725 870 immixti.

119 915 162 971 bis
177 915 206 969 in
219 927 316 967 mense
330 911 357 965 id
377 909 467 964 faeiat.
1015 901 1079 958 Can.
1107 902 1184 958 lll'll.
1206 903 1261 958 llec
1280 903 1409 959 mulieres
1433 903 1620 976 alloquantur,
1639 912 1687 959 aut
1714 903 1805 979 dost,

156 1008 218 1064 Car.
235 1007 275 1062 X.
293 1007 405 1061 Feratur
429 1001 540 1078 aegrotis
556 1016 620 1056 vase
633 1001 761 1067 honesto,
782 1007 810 1055 et
825 999 930 1055 lumine

121 1100 314 1166 ante-cedente,
331 1104 358 1153 et
371 1106 512 1169 praeunte
527 1115 535 1163 ;
551 1102 577 1150 et
592 1094 751 1166 quicunque
761 1094 930 1168 peregrinari

121 1196 228 1263 solunt,
241 1194 311 1249 illud
326 1193 360 1247 ad
375 1191 505 1247 uiaticum
524 1189 684 1261 suscipiant.

159 1292 221 1372 Can.
237 1291 281 1345 lll.
299 1290 331 1344 Et
345 1305 393 1344 eur
408 1288 443 1343 ad
458 1293 574 1342 mortem
595 1284 784 1341 condemnatis
798 1281 932 1350 renuitur,

122 1405 187 1445 eum
212 1387 245 1441 iis
261 1385 378 1439 maxime
405 1384 541 1439 conducat
566 1382 599 1437 ad
624 1397 701 1452 spem
722 1391 749 1436 et
770 1395 932 1436 securamen

123 1482 188 1537 certi
204 1482 345 1546 decessus,
366 1485 392 1533 et
403 1477 548 1551 praesentis
562 1476 668 1549 agonis.

159 1575 220 1631 Can.
237 1575 294 1629 Xll.
318 1573 368 1639 Qui
392 1573 426 1628 ad
443 1573 556 1628 ordines
571 1569 724 1642 promoveri
751 1569 857 1635 rolunt,
883 1568 933 1622 ba·

82 1680 85 1686 ’
123 1668 208 1723 beant
222 1664 389 1721 beneficium
405 1664 439 1718 ad
454 1661 614 1717 alimoniam
629 1658 780 1726 sufficiens,
795 1659 878 1731 idque
898 1661 932 1714 ad

981 1000 1119 1055 retineant
1136 1017 1143 1063 ;
1158 999 1251 1054 vivant
1263 999 1291 1053 in
1305 999 1456 1066 communi,
1472 1008 1501 1056 et
1514 999 1591 1056 aedes
1606 1001 1721 1073 pauperi
1735 1018 1801 1073 pa.

982 1098 1072 1145 tentes
1086 1088 1248 1144 inhabitent.

1019 1178 1078 1234 Car.
1097 1178 1187 1234 lllllll.
1204 1176 1339 1252 Suffragia
1352 1178 1543 1236 defunctorum
1559 1179 1676 1236 omnino
1689 1192 1782 1245 serani

984 1270 1169 1342 praecipimus,
1186 1280 1213 1324 et
1233 1286 1268 1325 ne
1283 1270 1426 1326 missurum
1447 1271 1596 1339 solemnia,
1616 1280 1714 1345 praeter
1727 1273 1773 1332 lon-

984 1363 1108 1417 dalorum
1125 1369 1256 1427 mentem,
1271 1361 1325 1417 alio
1341 1361 1424 1417 modo
1444 1369 1650 1420 convertantur.

1019 1454 1082 1509 Can.
1099 1455 1165 1510 lllll.
1189 1455 1250 1509 Sint
1269 1455 1392 1527 episcopi
1421 1454 1519 1513 fideles
1534 1464 1561 1513 et
1586 1456 1694 1512 assidui
1715 1459 1769 1514 terli

983 1551 1030 1605 liei
1047 1550 1262 1621 dispensatores.
1285 1551 1315 1605 ln
1331 1553 1383 1608 boc
1403 1551 1484 1607 etiam
1508 1567 1605 1608 eorum
1618 1550 1769 1607 charitaati-

983 1645 1134 1722 gnoseitur,
1150 1646 1172 1699 si
1185 1663 1296 1722 gregem
1313 1653 1426 1719 pascant
1439 1648 1566 1720 exemplo
1581 1654 1609 1702 et
1621 1646 1714 1703 uerbo.

123 1759 354 1816 examinationem
370 1757 491 1812 uirorum
508 1755 656 1825 proborum
672 1760 700 1809 et
712 1754 877 1821 iuratorum.
945 1744 970 1812 li
1020 1740 1082 1795 (Μ’
1098 1740 1151 1796 XX·
1175 1742 1254 1797 FOSlfl
1272 1738 1376 1817 absque
1391 1743 1467 1798 Omni
1487 1758 1571 1815 ⁰lt0f⁰
1592 1742 1693 1799 f0less⁸5
1711 1760 1768 1799 mli

161 1852 222 1908 Cau.
239 1852 309 1909 Xlll.
330 1850 400 1906 Nulli
417 1856 529 1905 tonsura
544 1848 635 1915 detur,
659 1847 712 1901 nisi
727 1847 839 1913 idoneo,
856 1855 884 1904 et
898 1849 933 1903 ad

35 1992 40 2001 .
126 1960 217 2001 sacros
240 1943 352 1998 ordines
370 1949 465 2013 postca
489 1939 667 2011 probabiliter
689 1955 847 1996 ascensuro.
863 1939 933 2005 Quid

127 2056 197 2111 opus
211 2039 285 2094 enim
308 2038 419 2092 mittere
434 2051 533 2106 panem
553 2034 671 2089 filiorum
694 2033 809 2089 canibus
824 2034 933 2104 (llottlt.

126 2131 200 2201 xxv),
217 2137 242 2184 et
256 2128 390 2200 spiritalia
404 2127 499 2182 mundi
518 2126 686 2181 amatoribus
703 2123 717 2177 ‘l

162 2223 225 2277 Car.
241 2222 305 2275 lllV.
322 2220 351 2273 ln
367 2218 542 2274 matrimonio
559 2218 649 2293 imago
665 2223 751 2272 exstat
766 2217 934 2272 sacrosancti

126 2312 247 2387 conjugii
260 2312 331 2366 inter
341 2310 474 2367 Christum
486 2314 514 2364 et
523 2308 673 2363 Ecclesiam
685 2307 758 2362 enati
767 2308 874 2378 (Epiros.
892 2306 933 2379 v);

126 2407 394 2480 ideoquerineulnm
406 2411 448 2461 est
462 2403 596 2460 divinitus
610 2401 756 2470 firmatum,
773 2402 847 2473 quod
863 2401 935 2457 mul-

126 2510 183 2559 tum
198 2501 303 2558 confert
317 2502 351 2556 ad
375 2500 533 2555 felicitatem
557 2498 595 2553 rei
613 2496 766 2563 familiaria,
789 2497 822 2551 ad
839 2513 936 2568 pacem

126 2598 196 2653 inter
210 2603 312 2668 parter,
329 2602 356 2650 et
370 2596 405 2649 ad
421 2595 512 2666 proles
526 2593 730 2664 suscipiendas.

162 2687 225 2745 Car.
255 2687 307 2742 llll.
323 2687 448 2742 Extrema
463 2686 558 2741 unctio
587 2682 729 2738 deleratur
749 2683 883 2738 laboranti
911 2690 938 2739 et

984 1831 1075 1896 lenda,
1102 1840 1128 1888 et
1149 1850 1212 1889 cum
1233 1835 1327 1891 debita
1349 1836 1528 1892 veneratione
1549 1834 1712 1892 celebranda
1728 1836 1769 1891 lac

985 1930 1067 1978 sunt:
1096 1924 1227 1982 Nativitas
1255 1928 1373 1995 ltomini,
1398 1927 1596 1994 Circumcisio,
1626 1926 1766 1999 Epiphania,

984 2014 1197 2071 Annuntiatioll
1224 2017 1330 2084 illaria,
1348 2018 1521 2074 Resurrectio
1537 2018 1647 2075 llomini
1665 2034 1719 2073 eon
1734 2018 1766 2073 dio

986 2107 1124 2178 sequenti,
1139 2108 1271 2164 ascensio
1284 2111 1403 2176 Domini,
1418 2111 1479 2166 dies
1490 2111 1677 2176 Pentecostes,
1691 2110 1765 2165 llatiri·
1784 2179 1788 2189 .

984 2208 1025 2255 tas
1050 2200 1123 2254 beati
1148 2201 1263 2257 ioannis
1295 2203 1433 2274 baptistae,
1464 2204 1653 2275 apostolorum
1669 2204 1728 2259 Petri
1745 2212 1764 2258 et

985 2293 1072 2360 l‘auli,
1094 2295 1253 2366 assumptio
1266 2295 1355 2351 beatae
1378 2297 1478 2361 llariae,
1502 2298 1628 2367 eJusdem
1651 2298 1762 2365 Nativitas,

985 2384 1100 2441 Andreae
1115 2386 1244 2458 apostoli,
1261 2394 1288 2443 et
1303 2387 1363 2444 dies
1377 2404 1474 2445 omncs
1494 2389 1685 2445 bominicales.

1022 2499 1084 2554 Car.
1101 2501 1166 2556 xxi.
1190 2502 1319 2559 Ecclesia
1335 2503 1428 2558 debite
1442 2505 1573 2560 dotentur
1587 2504 1622 2559 ad
1638 2502 1760 2560 alinronian

987 2595 1104 2667 pastoris
1116 2602 1144 2651 et
1154 2595 1232 2663 cleri,
1246 2604 1274 2652 ut
1284 2597 1408 2652 securius
1419 2597 1565 2673 invigilent
1579 2616 1663 2670 super
1671 2615 1760 2676 gregem,

987 2685 1062 2741 etde
1078 2687 1137 2754 eius
1151 2687 1238 2743 salute
1254 2687 1310 2742 sint
1325 2688 1398 2742 anxii
1411 2694 1438 2742 et
1450 2688 1571 2744 solliciti.

398 2963 477 3050 DE
508 2960 810 3049 MINISTRIS
843 2962 1190 3052 REMENSIUM
1222 2962 1518 3055 ECCLESIAE

184 3149 261 3220 Quos
288 3145 460 3208 inordinate
485 3145 543 3205 Eoo
565 3147 718 3223 episcopas
743 3147 873 3285 i'²}⁶'35⁸.³
899 3156 1003 3287 othper
1017 3149 1266 3286 ldeprecotioneoa
1290 3167 1405 3226 eorum,
1441 3153 1613 3230 inspirante
1634 3156 1720 3211 scitoto

802 3235 912 3304 parato,
950 3245 988 3288 arc
1007 3230 1144 3290 rictooit.

168 3514 345 3588 Praepositum
360 3515 441 3572 decet
455 3529 521 3571 cura
541 3514 655 3570 interior
668 3530 700 3570 ac
714 3514 840 3570 exterior.
857 3514 941 3570 Exte-
953 3520 978 3591 C
992 3516 1114 3588 loquium
1129 3515 1244 3572 secretis
1258 3517 1285 3571 in
1300 3517 1368 3573 locis
1383 3525 1410 3573 et
1425 3518 1500 3573 boris
1513 3533 1565 3575 suo
1581 3519 1669 3596 rigore
1681 3510 1762 3573 ommno

132 3611 188 3666 rior
201 3610 230 3664 in
246 3609 328 3665 rebus
347 3614 374 3664 et
387 3607 491 3664 familia
514 3606 665 3672 salvandis
681 3614 766 3678 atquo
788 3607 941 3662 secundum
993 3610 1157 3682 depellens:
1172 3626 1270 3666 omnes
1286 3609 1471 3686 negligentias
1487 3611 1613 3667 omnium
1628 3604 1762 3683 polliceb-

132 3706 217 3760 Deum
232 3703 432 3779 gubernandis,
458 3718 565 3758 summa
580 3717 641 3757 cum
658 3701 824 3770 intentione,
840 3709 867 3756 ct
881 3701 943 3773 pie·
993 3705 1143 3776 prehensas
1167 3704 1194 3758 iu
1210 3703 1330 3775 capitulo
1357 3705 1481 3759 omnium
1496 3704 1610 3760 fratrum
1627 3703 1764 3775 judiciopl·

132 3803 197 3862 tato,
212 3802 239 3851 et
258 3792 451 3851 benevolentia
480 3792 518 3847 lbi
534 3793 617 3847 etiam
639 3792 766 3848 consistit
778 3792 870 3848 omnis
891 3807 944 3847 nu·
994 3794 1074 3850 niens
1089 3794 1134 3848 liis
1145 3793 1244 3863 modis,
1261 3794 1355 3863 idest,
1371 3804 1417 3851 aut
1428 3811 1548 3862 carcerc,
1565 3803 1613 3852 aut
1626 3793 1764 3868 separatione

133 3888 233 3943 triendi
249 3885 395 3953 industria,
411 3893 509 3942 cuneta
535 3883 658 3956 prolicua
675 3885 786 3960 ingenia
799 3885 943 3941 laborandi
994 3908 1107 3955 mensae,
1125 3892 1183 3948 sire
1197 3892 1224 3946 in
1240 3893 1519 3949 omniumrorborum
1534 3894 1701 3949 diversitate.
1714 3886 1767 3955 ltili

132 3977 256 4053 issagrib
274 3976 302 4031 5¹¹
321 3976 419 4042 lintis,
438 3976 466 4028 in
495 3974 581 4040 Silvis,
599 3974 627 4028 5¹¹
654 3975 750 4041 ¹¹0t1152
772 3975 798 4029 in
827 3974 944 4029 diversis
994 3985 1077 4038 ctiam
1092 3983 1305 4055 prudentissima
1317 3983 1529 4055 circumspectio
1545 3983 1769 4047 decanisnoiop

134 4071 305 4142 emptionum
321 4068 472 4141 generibus
492 4068 605 4138 provide
626 4070 816 4139 procurandis.
831 4071 945 4140 lnsuper
996 4072 1092 4144 positis
1108 4072 1252 4147 invigilare
1268 4072 1361 4141 debet,
1378 4090 1413 4128 ne
1427 4090 1499 4129 unus
1513 4074 1638 4146 quidem,
1653 4091 1669 4129 a
1683 4066 1768 4128 martra

134 4162 210 4219 etde
226 4159 357 4232 qualitate
380 4159 539 4214 necessaria
553 4157 745 4227 aedificiorum,
760 4161 817 4215 sire
836 4161 944 4233 quanti·
995 4183 1080 4238 usque
1100 4168 1133 4221 ad
1157 4167 1312 4233 minimum,
1328 4168 1433 4240 absque
1459 4167 1519 4237 ejus
1531 4166 1700 4224 conscientia
1719 4156 1769 4218 etli-

135 4260 199 4307 tate.
215 4249 331 4305 laterior
343 4264 406 4303 rcro
422 4247 580 4302 sollicitudo
594 4248 654 4316 ejus
666 4263 729 4302 esse
745 4248 847 4303 debere
859 4251 944 4305 maui-
995 4256 1085 4310 centia
1094 4256 1176 4310 unius
1192 4256 1247 4311 diei
1260 4256 1349 4328 spatio
1361 4272 1536 4328 nequaqnam
1549 4256 1584 4311 ab
1594 4254 1677 4312 olficii
1688 4250 1770 4309 suilort

135 4344 235 4399 festum
251 4349 292 4397 cst
307 4340 479 4412 dispensatio
491 4339 603 4394 fratrum
621 4341 739 4411 publiea,
752 4342 868 4397 honeste
882 4342 942 4397 dis·
995 4345 1075 4400 desit.

135 4437 225 4508 posita
241 4436 268 4489 in
279 4434 352 4490 rictu
367 4442 395 4489 et
408 4440 484 4504 potu,
501 4432 558 4489 sire
573 4433 649 4489 omni
670 4433 794 4490 subsidio
808 4435 944 4506 corporali
1030 4433 1222 4489 nrclridiaconi
1247 4432 1368 4490 ollieium
1392 4441 1444 4501 est,
1470 4436 1572 4510 gradus
1601 4431 1772 4493 ecclesiatius

135 4528 210 4600 qnod
225 4524 398 4581 administrat
411 4523 505 4578 diuina
518 4523 616 4594 pietas,
633 4524 690 4579 sire
704 4541 753 4595 per
768 4524 889 4580 studium
905 4525 946 4580 la·
995 4539 1101 4579 summa
1116 4540 1177 4577 curn
1191 4524 1365 4594 procidentia
1380 4530 1489 4580 artatum
1505 4534 1534 4581 et
1549 4526 1708 4582 meritorum
1718 4517 1771 4578 ordi·

135 4620 210 4676 boris
224 4619 296 4689 ejus,
312 4617 370 4672 sive
390 4617 423 4671 de
439 4616 624 4688 eleemosynis
640 4615 773 4683 fidelium,
793 4634 901 4674 necnon
917 4625 945 4674 et
995 4633 1079 4671 nare:
1105 4618 1140 4672 de
1167 4625 1291 4689 ternpore
1323 4618 1350 4673 in
1382 4628 1505 4690 tempore
1539 4621 1697 4676 nominibus
1716 4610 1773 4672 oerlls

135 4711 170 4765 de
185 4710 259 4765 douo
272 4707 390 4778 propriae
404 4705 605 4776 procurationis
619 4706 736 4777 publicae
765 4707 811 4761 Cui
826 4723 881 4762 non
892 4708 944 4763 mi·
995 4707 1213 4778 uniuscujusque
1228 4707 1350 4762 osticium
1365 4709 1400 4764 de
1418 4709 1494 4764 omni
1516 4710 1630 4783 regione
1651 4706 1773 4781 prefigere.

136 4819 189 4858 nor
205 4807 280 4874 patet
296 4799 377 4854 otiam
395 4799 447 4852 alia
462 4797 634 4869 dispensatio
648 4800 804 4854 necessaria
819 4800 847 4853 in
863 4799 942 4854 inirr-
997 4796 1282 4865 subtilitersemerito
1298 4798 1426 4869 probare,
1442 4806 1471 4854 et
1483 4799 1600 4873 gratiam
1615 4799 1701 4855 sancti
1713 4789 1773 4866 Spltl·

137 4893 190 4948 mis
202 4900 230 4947 et
240 4890 364 4955 senibus,
382 4904 430 4959 pro
443 4888 602 4943 dirersitate
613 4888 832 4960 uniuscujusque
847 4905 946 4944 neees—
998 4898 1040 4946 tus
1055 4891 1204 4962 unicuique
1220 4891 1411 4966 investigando
1428 4891 1587 4947 ministrare
1602 4910 1609 4947 ε
1633 4893 1661 4948 in
1675 4887 1774 4948 onrtta

137 4985 227 5040 sitatis
250 4981 479 5053 Sequituruutem
495 4979 944 5037 liinestudiurnomucmornatum
996 4983 1097 5038 divinis
1113 4982 1213 5039 osticiis
1228 4991 1329 5039 sanctae
1344 4984 1392 5039 Dei
1409 4985 1539 5040 Ecclesia
1554 4984 1653 5041 lideles
1665 4983 1774 5040 ministra

138 5076 309 5148 corporalem
324 5090 355 5127 ac
381 5071 532 5143 spiritalem
563 5072 710 5127 continens
737 5073 869 5128 fratrum:
884 5089 946 5130 eor·
995 5072 1147 5129 erudiendo
1157 5082 1185 5128 et
1195 5073 1481 5129 excolendoellirere:
1494 5069 1772 5131 testivitaturnonnirr

138 5165 262 5239 poralem
280 5162 398 5234 primum
416 5158 443 5213 in
458 5159 594 5226 clausura,
611 5159 675 5215 inde
695 5160 722 5215 in
746 5160 903 5230 refectorio,
918 5169 946 5217 et
995 5180 1027 5219 ac
1043 5163 1182 5229 seriarum,
1199 5178 1308 5218 necnon
1322 5163 1407 5218 totius
1422 5164 1487 5218 anni
1502 5164 1596 5222 officia
1607 5165 1636 5220 in
1650 5160 1773 5222 cantiustl

138 5260 165 5314 in
180 5255 352 5322 dormitorio,
367 5252 394 5306 in
405 5251 529 5319 cellario,
542 5252 569 5307 in
583 5254 712 5326 coquina,
728 5256 787 5311 sire
800 5255 828 5309 in
842 5255 948 5311 cunctis
999 5256 1174 5323 lectionibus,
1201 5272 1256 5311 non
1272 5256 1361 5311 solnm
1383 5257 1564 5314 litteraturam
1580 5259 1722 5336 corrigere,
1739 5243 1772 5305 tid

137 5349 337 5409 habitatoribus
354 5346 528 5413 necessariis,
547 5365 655 5405 necnon
671 5351 698 5405 in
714 5350 833 5408 vasculis
854 5350 946 5407 omni·
998 5346 1149 5417 spiritalem
1165 5346 1381 5422 intelligentiam
1394 5347 1469 5402 omni
1485 5347 1559 5405 clero
1575 5349 1603 5405 in
1617 5346 1773 5422 capitulolrt‘

138 5445 197 5498 bus.
214 5437 372 5511 Spiritalem
388 5449 454 5491 uero
470 5435 559 5491 zelum
576 5439 639 5493 talis
655 5439 783 5496 minister
799 5457 870 5496 aera
884 5439 947 5496 reli·
999 5443 1075 5509 dere,
1087 5441 1228 5497 libertates
1239 5441 1389 5498 libcromm
1402 5458 1462 5497 curn
1472 5444 1591 5500 testibus
1600 5433 1773 5516 proripuit·

135 5536 227 5614 gionis
241 5534 342 5588 habere
358 5531 442 5586 debet
464 5538 566 5588 sancta
586 5532 807 5589 conversationis
821 5539 901 5590 nocte
914 5549 946 5588 ac
997 5552 1094 5591 norum
1112 5536 1304 5589 serrorum-ad
1328 5535 1428 5609 gradus
1452 5537 1547 5591 venire
1569 5538 1714 5594 solentium
1733 5521 1773 5584 υἱ·

136 5633 181 5688 die
199 5625 464 5699 canonicispartitis
479 5623 822 5684 inconsummationem
839 5640 945 5682 morum
996 5640 1073 5697 gere,
1089 5630 1256 5695 potestatem
1273 5624 1355 5678 etiam
1383 5625 1489 5680 liabens
1502 5625 1655 5699 libertatem
1669 5614 1773 5681 ecclsia-

135 5737 185 5792 per
199 5724 360 5799 gravitatem
372 5722 607 5783 levitatismoturn
618 5720 831 5794 deprehendens
844 5735 851 5774 ε
866 5717 946 5775 rani·
996 5717 1064 5774 stica
1077 5717 1203 5789 ‘propria
1218 5718 1251 5774 de
1276 5717 1378 5773 familia
1394 5716 1494 5786 lacere,
1510 5724 1538 5774 et
1558 5716 1658 5775 alicnis
1680 5713 1773 5787 eriqttl·
