3840 6106
130 269 181 326 153
455 270 616 329 HISTORIAE
636 272 802 331 ECCLESIAE
821 275 985 335 nuubnsls
1004 275 1094 334 ltulu
1112 276 1321 342 colluen-
1339 277 1402 333 ltu.
1424 278 1469 332 lll.
1739 277 1789 335 lat

128 409 169 457 tes
189 403 359 473 ;itemquoa
375 416 439 478 rege
467 402 606 461 Ludovico
630 405 848 463 Transrheueusi
864 424 936 480 prae-
948 415 974 482 Α
988 408 1132 464 hamensis
1147 407 1276 465 Ecclesia
1291 407 1417 463 canonici
1447 422 1479 462 ac
1498 407 1638 474 monachi,
1658 408 1790 465 videlicet

129 505 240 565 ceptum
251 497 435 553 restitutionis
453 498 560 571 aceepit
574 513 659 570 super
670 497 836 570 quibusdam
852 500 935 556 rebus
984 500 1134 566 Radaldus,
1152 497 1290 563 Gislodus‚
1324 495 1456 552 vulfadus
1477 495 1537 568 [ms.
1554 496 1789 568 Volladus],Fre·

128 591 223 639 sancto
245 584 369 659 Remigio
388 588 529 658 quondam
559 587 676 664 legalis:
691 589 744 644 hoc
759 596 801 644 est
820 590 848 644 in
864 607 934 664 pago
984 595 1117 653 dabertus
1130 607 1162 647 ex
1178 588 1320 646 canonicis
1335 588 1424 659 ipsius
1447 588 1551 642 matris.
1567 588 1705 656 Ecclesiae,
1717 587 1791 662 Sigi-

128 672 315 729 Wormacensi
328 669 508 732 Scavenhe'im
521 677 550 749 li,
564 677 751 750 stadenheim]
766 694 828 734 eum
841 680 934 735 omni·
984 683 1104 740 mundus
1114 697 1147 736 ex
1157 678 1286 735 coenobio
1300 676 1387 732 sancti
1401 676 1562 732 Theoderici
1575 694 1582 741 ς
1599 693 1632 732 ex
1648 678 1791 733 monachis

127 763 178 817 bus
195 764 229 817 ad
257 780 288 818 se
310 765 526 835 pertinentibus,
556 763 637 821 Coss-r
665 774 693 822 et
716 767 793 823 Gleni
822 768 934 827 insallu
984 780 1076 828 aulem
1096 767 1257 827 monasterii
1276 766 1363 822 sancti
1379 765 1509 840 Remigii,
1525 765 1681 833 Nortrinus,
1708 767 1792 821 llein·

124 851 243 926 l’osago.
262 855 292 907 lu
306 855 458 930 Thuriugia
471 857 747 928 quoqucelduslria,
768 857 797 912 in
810 858 870 914 loco
886 858 934 931 qui
984 865 1076 926 radus,
1088 862 1255 935 hlauringus.
1272 859 1405 924 datheus,
1421 857 1581 924 Tedandus,
1599 857 1788 924 llairohaldus,

122 939 228 995 dicitur
240 942 470 1010 schonerunstat,
481 951 508 999 et
523 944 550 998 in
566 944 714 1012 llelisleba,
729 961 791 1001 cum
805 947 934 1004 omuibus
986 952 1127 1015 lladulius,
1157 951 1324 1022 wicpertus,
1354 945 1542 1001 clamaverunt
1568 961 1790 1017 suspensossea

124 1028 230 1084 ibidem
248 1031 462 1103 aspicientibus.
479 1033 532 1089 Res
540 1048 653 1105 quoqne
661 1035 809 1091 nonnullas
815 1036 934 1109 iuraque
985 1042 1098 1114 praelato
1113 1039 1384 1111 archiepiscoposuo
1406 1035 1441 1090 ab
1457 1033 1697 1089 administratione
1713 1033 1791 1088 ordi-

122 1119 249 1174 ecelesire
266 1137 296 1174 ac
308 1122 447 1192 nraucipia
463 1121 571 1197 legibus
596 1139 646 1194 per
661 1124 808 1180 advocatos
820 1125 933 1181 evindi-
984 1150 1051 1188 uum
1067 1130 1328 1194 ecclesiasticorum,
1344 1128 1379 1183 ad
1392 1142 1462 1199 quos
1485 1126 1519 1180 ab
1541 1124 1633 1180 Ebone
1649 1123 1789 1196 quondam

123 1218 187 1309 cata
196 1211 336 1280 recepisse
351 1212 497 1282 reperitur.
514 1213 568 1268 llos
578 1214 660 1269 etiam
668 1215 817 1271 nonnullas
826 1216 934 1289 episco·
985 1225 1106 1297 provecti
1123 1222 1241 1278 fuerant.
1258 1221 1347 1291 Super
1360 1219 1615 1293 quareolamatinne
1626 1216 1792 1291 elegilprae-

125 1315 175 1369 put
203 1309 292 1354 terras
319 1300 425 1356 Scilicet
449 1308 532 1373 iique
559 1303 707 1374 mancipia,
731 1320 794 1360 0⁰¹1!
818 1305 935 1362 diversis
985 1325 1097 1374 notatus
1109 1314 1234 1388 pontifex
1251 1311 1533 1380 llincmarusjudiccs
1548 1310 1601 1365 sibi
1616 1309 1791 1364 Wenilouem

125 1393 263 1461 pessimis·
284 1393 317 1446 ³³
347 1402 548 1450 incrementum
572 1395 706 1462 eccleliaes
735 1413 786 1469 1er
814 1398 933 1471 pallium
986 1413 1014 1462 et
1028 1405 1194 1460 Almaricum
1205 1419 1289 1474 supra
1307 1410 1413 1457 taxatos
1434 1399 1672 1472 archiepiscopos.
1687 1397 1793 1452 Pardu-

123 1486 334 1553 opportunitate
349 1486 537 1542 commutavit.
566 1486 659 1542 Sedet
678 1497 817 1561 precepta
831 1490 934 1564 regalia
984 1495 1040 1550 lum
1057 1508 1170 1566 quoquc
1198 1493 1409 1548 laudunensem
1435 1489 1609 1561 episcopum,
1632 1487 1723 1558 quiin
1739 1487 1792 1541 hoc

124 1591 209 1645 super
220 1575 348 1646 pluribus
362 1593 457 1632 earum
478 1594 570 1633 rerum
586 1580 852 1637 commutationibus
861 1581 935 1638 obti-
983 1587 1089 1656 iudicio
1104 1586 1194 1640 locum
1210 1583 1428 1655 metropolitane
1448 1597 1505 1637 suae
1520 1586 1658 1635 seruasset
1670 1578 1792 1634 auctori-

125 1684 193 1723 nere
218 1670 331 1725 curarit.
364 1671 511 1728 Canonicis
545 1690 658 1746 quoquc
685 1676 767 1744 huius
791 1677 935 1735 {lemensis
986 1681 1058 1737 tatis.
1077 1680 1132 1751 lpsi
1152 1678 1315 1734 clamatores
1336 1674 1572 1744 eosdemiudices
1595 1675 1790 1745 suscipientes,

124 1761 253 1816 ecclesiae
272 1763 408 1834 hospitale
423 1765 567 1821 constituit
581 1766 616 1821 ad
631 1769 836 1839 susceptionem
852 1787 933 1840 pere·
985 1768 1152 1825 addiderunt
1166 1768 1248 1823 etiam
1278 1765 1457 1821 Prudentium
1488 1763 1656 1818 Trecassinre
1671 1763 1792 1819 civitatis

123 1852 282 1923 grinorum,
297 1855 340 1908 rel
357 1871 510 1928 pauperum
524 1858 654 1931 congruis
667 1859 704 1914 ad
719 1859 746 1914 id
760 1860 936 1932 rebusdepu-
985 1856 1195 1929 episcopumlli
1207 1855 1318 1924 iudices
1327 1853 1468 1909 constituti
1480 1854 1532 1909 hoc
1536 1853 1790 1925 judicaruntquod,

123 1942 197 2007 latis,
213 1959 276 1997 cum
288 1959 425 1999 consensu
433 1947 665 2018 coepiscoporum
677 1948 820 2005 Remensis
831 1951 935 2006 dioeee-
984 1947 1008 2001 si
1023 1945 1078 2001 libo
1093 1944 1321 2015 archiepiscopus
1335 1943 1362 1996 in
1378 1958 1428 1998 suo
1443 1949 1515 1997 statu
1532 1958 1647 1996 maneus
1658 1941 1792 1996 canonice

121 2032 933 2106 secariquesubscriptionibuseorumdem,eaconditione,
985 2036 1035 2090 hos
1044 2034 1141 2088 iratres
1153 2032 1333 2098 ordinaverit,
1346 2031 1480 2086 deberent
1495 2030 1661 2085 ministrare.
1671 2030 1698 2084 Si
1707 2030 1791 2085 etiam

124 2127 155 2173 ut
170 2119 249 2174 nullo
273 2137 394 2192 unquam
423 2129 547 2193 tempore
576 2125 694 2196 quilibet
716 2128 934 2199 episcopus,rel
985 2126 1086 2194 iniuste
1106 2124 1243 2192 deiectus,
1262 2130 1290 2177 et
1315 2121 1448 2176 canonice
1465 2121 1616 2181 restitutus,
1635 2125 1696 2190 post
1714 2135 1792 2174 suam

123 2207 260 2279 quaelibet
276 2225 394 2280 persona
401 2211 513 2265 easdem
527 2228 570 2267 res
582 2214 712 2287 cuiquam
724 2217 751 2271 iu
768 2216 934 2273 benelicium
984 2214 1146 2271 canonicam
1162 2211 1364 2268 restitutionem
1397 2210 1511 2266 eosdem
1535 2209 1716 2276 ordinaverit,
1731 2209 1793 2264 siue

122 2297 200 2359 dare,
217 2299 258 2353 rel
276 2299 303 2352 in
319 2299 389 2354 alios
403 2316 470 2355 usus
494 2318 662 2375 quocunque
676 2307 758 2362 modo
774 2307 934 2364 abstrahere
985 2307 1040 2362 ulla
1054 2305 1208 2377 quaestione
1222 2304 1357 2360 deberent
1373 2303 1455 2358 etiam
1468 2301 1636 2356 ministrare.
1653 2301 1730 2356 Unde
1747 2301 1791 2355 iu-

122 2395 284 2483 praesumat,
300 2389 645 2461 nequealiquemceusum
661 2395 703 2448 vel
716 2396 934 2453 redhibitionem
984 2398 1113 2472 terrogati
1142 2405 1207 2452 sunt
1228 2397 1403 2452 ordinatores
1431 2394 1578 2458 llincmari,
1605 2403 1632 2448 ut
1647 2394 1791 2448 edicerent

121 2475 228 2573 exinde
243 2475 371 2546 accipiat,
399 2477 449 2532 sed
465 2486 553 2533 totum
568 2480 706 2553 quidquid
721 2499 754 2538 ex
771 2485 839 2555 ipsis
852 2487 935 2543 rebus
984 2506 1046 2563 quae
1061 2491 1097 2544 de
1113 2489 1217 2544 Ebonis
1231 2488 1417 2559 depositione,
1434 2495 1461 2542 et
1476 2487 1511 2541 de
1525 2485 1661 2540 llincmari
1674 2499 1791 2555 compe-

118 2574 195 2660 Juste
212 2564 318 2634 acquiri
336 2566 467 2635 poluerit,
483 2566 513 2622 in
541 2584 608 2625 usus
623 2587 777 2642 pauperum
791 2584 875 2646 atque
886 2593 933 2631 ca·
985 2578 1088 2633 cissent
1100 2577 1284 2633 ordinatione.
1301 2576 1378 2630 Tunc
1394 2589 1512 2649 surgens
1535 2572 1723 2628 Theodericus
1737 2572 1791 2627 Ca·

121 2668 301 2754 ¹¹0¹f¹⁶⁰sl¹¹¹¹2
316 2654 470 2709 secundum
483 2657 595 2712 ¹¹¹0dl¹l¹l
611 2659 781 2732 descriptum
801 2665 829 2718 in
849 2665 935 2735 privi-
984 2667 1449 2740 meraceusisepiscopusporrexit
1477 2667 1667 2737 inconspectu
1684 2665 1791 2737 princi·

120 2745 208 2820 legin,
226 2752 281 2799 cta
297 2747 405 2801 caeteris
416 2748 737 2820 episeopiscoulirmato,
752 2758 933 2827 expendatur.
984 2761 1065 2832 pisel
1078 2758 1177 2830 synodi
1189 2758 1332 2829 scriplum,
1348 2756 1495 2811 continens
1505 2754 1631 2811 ordinem
1641 2755 1792 2825 depositio·

121 2839 215 2908 Super
228 2837 281 2892 hoe
294 2853 405 2910 quoquc
421 2841 572 2897 constituto
585 2843 668 2918 regiae
683 2847 853 2902 auctoritatis
868 2865 935 2919 prae·
984 2850 1027 2904 uis
1055 2847 1160 2920 praelati
1190 2846 1302 2902 Ebonis.
1332 2847 1398 2902 Tum
1428 2845 1588 2900 ventilatum
1608 2854 1649 2899 est
1675 2844 1793 2915 qualiter

119 2934 235 2996 ceptum
248 2944 265 2982 a
279 2928 377 2985 liarolo
401 2946 466 3005 rege
490 2930 550 2986 steri
577 2941 660 3006 atquc
683 2935 786 2992 firmari
799 2939 931 2996 obtinuit.
983 2948 1175 2996 exauctoratus
1185 2938 1332 3010 episcopus
1343 2938 1453 2993 restitui
1464 2936 1575 3000 debeat,
1597 2936 1703 3007 utquia
1718 2935 1792 2991 idem

119 3022 175 3076 lies
192 3029 327 3092 praeterea
338 3023 674 3098 etvillasepiscopiipene
686 3045 784 3087 omues
797 3033 933 3090 ordinatis
985 3028 1040 3084 libo
1057 3031 1200 3085 restitutus
1219 3030 1352 3085 canonice
1380 3044 1436 3084 non
1463 3028 1556 3093 luerit,
1587 3027 1700 3098 insuper
1714 3033 1742 3081 et
1756 3025 1791 3080 ab

119 3112 451 3171 rationabilitercoloniis
470 3117 589 3172 describi
609 3118 683 3176 iecit.
948 3104 1136 3192 Capostolica
1149 3122 1216 3177 sede
1228 3122 1323 3194 Sergio
1335 3138 1406 3193 papa
1421 3118 1791 3188 coulirmautedejectioncm

445 3254 549 3310 qqppp
567 3255 611 3311 XL
983 3215 1068 3281 illius,
1084 3215 1230 3271 damnatus
1248 3215 1395 3277 exstiterit,
1426 3223 1455 3269 ut
1471 3214 1499 3267 in
1520 3212 1589 3267 laica
1600 3213 1672 3284 luas,
1689 3211 1787 3283 laicali]

122 3339 277 3408 pemmo
305 3344 526 3411 comprovinciali
550 3345 934 3415 apudsuessomcamurbm
984 3307 1175 3364 tantummodo
1207 3307 1404 3362 communione
1432 3312 1568 3360 maneret.
1593 3305 1659 3359 Tum
1677 3303 1791 3358 recitata

475 3415 570 3471 habita
984 3400 1158 3464 auctoritate,
1175 3398 1296 3470 qualiter
1310 3395 1791 3469 metropolitanusdebeatordinari,

154 3525 205 3581 llic
219 3526 393 3584 honorabilis
420 3532 519 3600 praesul
536 3533 707 3602 llincmarus,
724 3555 797 3595 anno
812 3541 856 3597 sui
871 3541 933 3613 epi·
985 3491 1084 3594 limeris
1099 3506 1210 3592 qwqm?
1226 3491 1364 3547 ⁰³⁰⁰⁰i⁰i⁵
1376 3489 1564 3588 Erihammdif
1573 3488 1697 3559 epi⁸⁰⁰pi
1716 3487 1793 3586 Μ’

121 3621 256 3686 scopans
268 3616 387 3686 septimo
400 3616 535 3690 (aomar,
550 3624 792 3695 synodumhabun
807 3646 934 3703 compro·
983 3599 1087 3639 storum
1106 3583 1245 3648 Ecclesiae,
1267 3579 1438 3636 confirmatis
1453 3595 1502 3633 sua
1521 3592 1621 3649 surque
1649 3577 1792 3647 archiepi-

119 3707 269 3762 rincialem
285 3708 359 3779 apud
387 3710 579 3768 suessonicam
603 3717 712 3784 urbem,
725 3719 752 3773 in
766 3722 933 3779 monasterio

119 3796 209 3852 sancti
220 3795 354 3864 medardi,
379 3797 407 3853 in
423 3801 540 3857 ecclesia
554 3814 655 3860 sanctae
673 3806 814 3865 Trinitatis
827 3812 934 3867 honore

121 3893 242 3949 sacrata,
263 3903 326 3942 cum
354 3887 500 3945 Wenilone
528 3890 682 3948 Senouensi
711 3898 932 3971 archiepiscopo,

122 3979 262 4034 limalrico
289 3980 454 4047 Turonensi,
474 3984 644 4042 Theoderico
661 3986 851 4046 Cameracensi
868 3993 933 4064 epi·

123 4068 358 4140 scopo,llolhado
371 4071 548 4141 Suessonico,
564 4076 643 4147 Lupo
657 4078 861 4146 Catalaunensi,
873 4082 932 4137 lm-

124 4173 209 4212 monc
229 4151 454 4234 Noviomagensi,
466 4162 588 4234 Erpuino
599 4165 811 4237 Silianecteusi‚
824 4171 935 4227 Ermen-

123 4245 197 4301 irido
210 4246 384 4314 belvacensi,
416 4250 533 4308 Pardulo
556 4253 744 4325 Laudunonsi‚
775 4259 933 4316 llilmerado

101 4404 104 4409 ,
122 4340 316 4409 Ambiauensi,
332 4342 453 4400 lluberlo
481 4345 625 4413 hleldensi,
647 4350 714 4423 ugia
730 4353 932 4420 Aurelianensi,

983 3676 1071 3745 scopi,
1088 3684 1115 3730 el
1130 3675 1359 3746 coepiscoporum
1389 3687 1501 3726 suorum
1514 3668 1652 3735 manibus,
1673 3683 1743 3740 quas
1758 3667 1792 3720 ad

985 3769 1148 3839 petitionem
1163 3767 1305 3822 hemensis
1329 3765 1467 3829 Ecclesiae,
1490 3763 1556 3818 cleri
1573 3778 1604 3818 ac
1620 3762 1710 3832 plebis
1725 3760 1792 3814 llin-

984 3872 1076 3914 cmaro
1087 3858 1240 3921 tribueral;
1257 3857 1368 3911 decreto
1392 3854 1474 3908 etiam
1495 3853 1629 3908 canonico
1645 3851 1791 3905 Remorum

984 3949 1050 4004 cleri
1066 3947 1257 4018 nobiliumque
1269 3944 1398 3999 manibus
1410 3942 1551 4006 roborato,
1577 3940 1696 4012 qualiter
1714 3955 1792 3994 eum-

984 4043 1046 4097 dem
1062 4044 1236 4096 llincmarum
1258 4039 1311 4093 sibi
1340 4037 1514 4109 postularunt
1541 4034 1663 4090 ordinari
1679 4032 1791 4105 episcc-

985 4155 1049 4211 pum
1060 4147 1202 4194 ostensum
1215 4143 1257 4191 est
1271 4133 1405 4190 canonice
1421 4146 1483 4186 cum
1501 4129 1657 4201 praeseutia,
1669 4129 1713 4183 rel
1728 4141 1792 4182 con·

983 4249 1066 4288 sensu
1078 4231 1201 4288 omnium
1226 4228 1455 4299 coepiscoporum
1481 4224 1625 4279 liemcnsis
1640 4223 1793 4278 dioecescos

984 4345 1047 4383 eum
1061 4327 1219 4383 ordinatum
1234 4322 1485 4402 archiepiscopum.
1510 4319 1574 4375 Post
1588 4319 1647 4373 bec
1675 4331 1792 4391 surgens

124 4434 463 4503 PrudentioTrccassino,
492 4437 648 4496 Hermanno
675 4421 1057 4540 lllvernensttonanidim
1075 4420 1246 4480 Hincmffl'us'
1275 4417 1304 4471 5¹¹
1326 4420 1505 4485 ⁰⁰nspe⁰¹⁰m
1529 4412 1603 4484 Μ’
1629 4409 1790 4482 ⁰⁰⁰⁸l³⁰⁰²¹¹l

123 4526 391 4600 lugrrstodunensi,
419 4529 573 4587 Godelsado
603 4531 788 4600 Caviloneusi,
820 4538 932 4592 [lodone
985 4517 1120 4588 principis
1132 4521 1160 4571 θῑ
1173 4512 1283 4585 ὓΥῃθίῘῑν
1308 4507 1793 4583 l³0l¹i³lii“stilis0²¹¹¹⁰¹¹i⁰ilslluas

123 4617 328 4693 laurgarensl,
356 4619 508 4677 Guntberro
542 4621 713 4692 hamensi,
745 4625 932 4684 Hildebsanno
982 4607 1138 4663 ordinatum
1153 4605 1224 4661 sacri
1248 4618 1371 4659 canones
1397 4601 1430 4656 ab
1444 4599 1650 4656 ordinatoribus
1663 4597 1792 4667 accipere

124 4706 425 4782 Sagiensi,lligboldo,
456 4711 601 4767 llemorum
622 4714 832 4786 el‘roreplscopo.
851 4717 931 4772 hesi·
979 4697 1090 4767 jubent,
1118 4697 1191 4751 diem
1224 4694 1404 4766 praelerentes
1433 4697 1460 4746 ⁰²
1485 4691 1637 4746 ⁰⁰⁰⁵¹¹¹0¹¹l
1669 4686 1792 4744 ΡΟΠΘΧῙῑ

124 4795 255 4851 dentibus
273 4799 355 4853 etiam
385 4801 555 4871 preshyteris
590 4812 616 4857 et
646 4803 803 4869 abbatibus,
821 4805 932 4861 Dodone

124 4888 223 4944 abbate
241 4893 398 4947 monasterii
415 4894 501 4948 sancti
511 4894 618 4957 Sabini,
632 4895 707 4966 Lupo
718 4896 826 4952 abbate·
836 4913 933 4952 mona-

125 4981 198 5035 sterii
215 4980 293 5053 quod
308 4982 411 5038 dicitur
425 4985 589 5052 Ferrarium,
607 4986 746 5042 Beruardo
760 4986 861 5041 abbate
874 5002 933 5042 mo-

126 5071 234 5124 nestorii
252 5073 339 5126 sancti
366 5072 518 5138 Benedicti,
540 5074 615 5144 quod
645 5074 747 5130 dicitur
768 5075 931 5144 Floriacum,

126 5153 216 5211 iidoue
246 5159 407 5213 monasterii
435 5163 509 5232 quod
538 5165 639 5219 dicitur
665 5165 798 5235 fimbriae,
820 5168 932 5224 lleriaco

125 5249 284 5303 monasterii
310 5248 467 5318 corbionis,
484 5255 592 5311 Barone
614 5259 773 5313 uronasterii
789 5257 931 5313 Orbacen-

124 5336 167 5404 ais,
184 5348 214 5395 et
230 5342 444 5412 quampluribus
457 5346 519 5401 aliis
532 5349 722 5405 sacerdotibus
734 5360 761 5406 el
773 5350 931 5417 abbatibus,

124 5427 277 5482 montibus
291 5429 456 5488 diaconibus
470 5450 502 5489 ac
517 5436 686 5507 reliquorum
699 5440 834 5512 graduum
846 5440 930 5506 clero,

124 5516 272 5575 llesidente
287 5537 400 5596 quoque
421 5525 449 5579 iu
476 5527 569 5583 medio
598 5530 718 5602 glorioso
745 5547 810 5605 rege
823 5531 930 5588 llarolo.

983 4792 1066 4848 etiam
1079 4791 1224 4863 epistolam
1241 4787 1386 4844 hamensis
1400 4786 1559 4857 provinciae,
1575 4802 1608 4841 ac
1623 4799 1694 4857 pene
1709 4782 1792 4839 lolius

983 4886 1076 4942 Galliae
1092 4886 1221 4941 manibus
1237 4884 1431 4956 episcoporum
1459 4881 1653 4952 subscriptam,
1668 4879 1703 4935 ad
1719 4892 1790 4950 apo-

982 4977 1106 5031 stolicam
1121 4976 1216 5031 sedem
1226 4971 1492 5046 proconlirmalione
1504 4971 1590 5043 ipsius
1605 4968 1792 5026 ordinationis

982 5071 1084 5126 datam.
1101 5069 1226 5124 Ostendit
1239 5068 1322 5123 etiam
1336 5067 1459 5138 diploma
1474 5081 1593 5133 sacrum,
1604 5065 1690 5136 ipsius
1705 5078 1791 5119 reue·

983 5165 1062 5220 randi
1078 5163 1211 5235 principis
1236 5163 1366 5218 manibus
1387 5161 1560 5235 insignitum,
1578 5169 1606 5216 et
1617 5159 1709 5234 sigillo
1722 5158 1791 5214 sub-

983 5255 1172 5330 tersignatum,
1188 5271 1221 5308 ex
1233 5252 1435 5325 approbatione
1460 5268 1516 5307 suar
1543 5251 1727 5308 ordinationis
1755 5250 1789 5304 ad

983 5346 1242 5401 eamdemsanctam
1271 5353 1299 5400 el
1325 5343 1504 5414 apostolicam
1535 5344 1683 5400 Romanam
1694 5342 1790 5397 Eccle-

982 5437 1061 5492 siam.
1094 5437 1194 5507 Sicque
1221 5437 1375 5505 judicatum
1400 5447 1483 5510 atque
1526 5436 1717 5491 conlirmalum
1747 5440 1789 5487 est

983 5525 1157 5580 llincmarum
1172 5528 1333 5599 episcopum
1350 5530 1482 5583 canonice
1502 5528 1670 5583 ordinatum.
1683 5522 1787 5578 Deinde

124 5609 170 5666 lbi
186 5614 316 5685 quaedam
350 5619 506 5674 necessaria
538 5621 806 5678 Ecclesiaellcisunt
825 5635 932 5696 pertra-
980 5619 1141 5675 ventilatum
1153 5628 1204 5684 est,
1221 5621 1289 5694 quid
1301 5621 1505 5677 decernendum
1522 5621 1592 5675 soret
1603 5619 1637 5673 de
1649 5618 1700 5682 his,
1718 5630 1788 5688 quos

121 5706 191 5756 elata
201 5703 324 5774 negotia.
336 5703 468 5778 Adquam
483 5709 618 5780 synodum
636 5711 801 5768 accedentes
817 5712 930 5784 quidam
980 5712 1039 5770 Eho
1057 5722 1211 5787 postauam
1226 5715 1441 5788 depositionem,
1456 5715 1562 5786 absque
1576 5712 1787 5788 legitimaresli·
