3840 6106
126 243 181 302 ¹85
451 239 613 296 fllsxohtlh
632 239 795 296 ECOEESIAE
814 239 977 297 RElilENSlS
998 238 1087 296 LlBRl
1106 240 1259 306 odardus
1286 273 1319 285 -
1335 244 1398 300 ΗΒ.
1420 245 1465 300 ΙΙΙ.
1735 248 1787 306 {86

124 368 181 425 Sed
197 366 262 439 quia
276 368 336 422 hac
347 365 376 420 in
404 364 629 440 suggillationem
650 375 783 437 nostram,
798 376 826 424 et
838 371 970 439 contraA
984 369 1104 444 Angelos
1118 375 1180 440 post
1191 369 1345 441 discipulos
1374 371 1447 429 beati
1468 373 1591 448 Gregorii
1602 375 1637 430 ad
1652 375 1789 433 emditio-

127 463 259 527 excerpta
273 472 289 510 a
312 453 394 510 nobis
416 454 539 525 capitula
567 456 692 513 conlecta
717 466 880 525 noscuntur,
900 473 933 513 ea
985 477 1047 516 nem
1060 461 1233 529 transmisso,
1245 476 1300 517 uon
1315 463 1492 521 mediocriter
1506 466 1645 534 instructi,
1659 483 1693 522 ac
1704 459 1787 524 vene·

125 547 441 621 primumjudieavimus
469 562 585 618 ponere,
602 566 664 621 quae
681 550 793 619 majoris
803 550 933 617 nominis,
984 549 1076 604 randae
1096 550 1235 606 memoriae
1252 550 1357 606 Paulini
1369 554 1529 622 patriarcha
1540 554 1724 626 Aquileiensis
1741 575 1790 628 pa·

125 638 192 695 lieet
209 653 264 693 non
285 637 466 704 auctoritatis,
492 638 557 711 quia
580 639 679 709 partim
708 654 764 694 uon
797 640 933 708 veritatis,
985 637 1297 708 rochiaeatquedlcuini
1312 639 1363 694 viri
1386 641 1508 713 religiosi
1524 654 1552 699 et
1567 644 1650 710 docti,
1669 662 1788 716 quorum

125 742 240 804 propter
265 731 427 803 synodalem
456 739 548 788 tamen
564 732 806 804 praetitulationem
820 732 933 808 dignum
984 723 1067 780 fidem
1080 733 1108 781 ot
1122 725 1276 781 doctrinam
1306 728 1457 798 apostolica
1485 730 1567 785 sedes
1588 732 1709 787 Romana
1733 749 1789 789 non

119 821 253 877 duximus
267 819 495 896 magnipendere.
516 820 621 876 Deinde
639 820 684 876 illa
702 835 765 892 quae
778 835 794 875 a
807 819 934 891 pluribus
983 817 1072 872 solum
1099 816 1298 893 benignissime
1333 820 1498 890 acceptavit,
1525 837 1619 877 verum
1640 831 1667 879 et
1695 825 1790 881 multis

119 919 148 965 et
163 925 216 981 ,ver
230 909 348 965 aliorum
364 925 463 964 manus
479 907 514 964 de
534 907 663 980 pluribus
677 924 709 963 ex
731 907 774 962 his
787 908 878 964 causis
887 924 934 963 ac·
982 906 1112 961 laudibus
1121 908 1228 974 extulit,
1240 909 1312 964 sicut
1332 909 1361 963 in
1378 908 1490 981 scriptis
1505 910 1593 980 ipsius
1600 921 1700 968 sanctae
1715 914 1790 969 sedis

120 998 260 1069 cepimus,
289 1005 506 1069 propterquam
535 995 730 1051 necessitatem
757 1010 790 1050 ex
817 994 934 1051 catholi·
984 996 1151 1062 invenimus,
1182 1012 1244 1068 quae
1265 997 1393 1054 Ecclesia
1409 998 1558 1054 nostraeab
1574 999 1670 1054 eadem
1696 1002 1789 1059 Eccle-

123 1105 222 1146 corum
236 1089 345 1144 Patrum
361 1129 369 1155 ,
385 1094 415 1144 ut
428 1088 558 1152 diximus,
570 1087 700 1143 sensibus
715 1097 742 1143 et
751 1087 843 1143 verbis
857 1085 934 1157 capi·
983 1085 1086 1141 siarum
1100 1094 1186 1142 matre
1211 1094 1390 1159 acceperunt,
1415 1094 1540 1159 tempore
1564 1089 1634 1145 dive
1649 1093 1789 1147 memoriae

120 1180 179 1234 tula
208 1177 256 1234 illa
275 1184 392 1250 quatuor
429 1192 609 1248 reexcerpere
649 1175 867 1248 procuravimus,
901 1190 934 1229 ea
984 1174 1075 1232 llaroli
1103 1176 1288 1248 imperatoris,
1318 1176 1428 1247 qnando
1455 1177 1578 1248 synodus
1607 1193 1657 1250 pro
1681 1181 1790 1252 cognita

121 1271 296 1333 conditione,
322 1277 353 1325 ut
376 1270 410 1324 de
433 1269 607 1343 singulorum
624 1268 736 1340 seriptis
764 1284 797 1323 ex
816 1267 934 1341 singulis
984 1263 1148 1321 infidelitate
1161 1264 1261 1321 Felicis
1276 1272 1318 1320 est
1333 1265 1474 1329 habita,et
1485 1266 1519 1321 ad
1531 1267 1683 1322 Romanam
1695 1267 1791 1324 Eccle-

121 1358 273 1415 sententiis
287 1373 349 1429 qnae
363 1373 379 1412 a
391 1356 473 1414 uobis
487 1357 515 1411 iu
544 1357 682 1428 excerptis
701 1356 829 1427 capitulis
843 1354 934 1411 conti·
983 1357 1053 1412 siam
1068 1357 1142 1412 velut
1157 1357 1190 1412 ad
1201 1357 1309 1428 apicem
1321 1357 1505 1413 Ecclesiarum
1518 1359 1685 1415 transmissa.
1697 1359 1751 1414 Sed
1764 1367 1792 1417 et

124 1458 239 1518 nentur,
255 1449 392 1522 quadam,
406 1456 489 1520 prout
498 1447 777 1514 necesseviderimus,
786 1463 932 1520 ponamus.
984 1461 1079 1502 eorum
1098 1445 1201 1518 scripta
1216 1446 1263 1517 qui
1278 1445 1357 1521 legit,
1373 1462 1456 1518 quam
1467 1445 1523 1501 sint
1533 1447 1673 1502 laudanda
1687 1447 1792 1504 etreci-

125 1544 269 1606 p0srhaec,
285 1542 436 1614 oepitulaa
460 1542 541 1598 nobis
554 1550 684 1612 excerpta
694 1540 728 1596 de
748 1541 856 1597 patrum
867 1557 934 1597 sen.
984 1532 1087 1605 pianda
1106 1533 1247 1608 intelligit.
1263 1534 1388 1605 lienique
1398 1534 1421 1588 si
1437 1533 1581 1599 talium,ut
1595 1534 1793 1603 diximus,scn·

125 1636 206 1692 sibus
218 1641 247 1690 et
256 1633 359 1698 verbis,
375 1639 405 1688 nt
431 1632 476 1688 illa
502 1634 700 1705 excerpsimus,
716 1648 819 1703 ponere
834 1648 934 1704 procu·
985 1624 1081 1680 tentiis
1093 1625 1255 1681 concordari
1271 1626 1392 1697 capitula
1401 1642 1463 1698 quae
1477 1627 1665 1697 excerpsimus
1675 1627 1793 1683 demon-

127 1726 264 1791 rabimus,
279 1731 307 1779 et
321 1723 344 1778 si
360 1722 463 1779 divinis
492 1731 519 1778 et
545 1722 712 1778 authenticis
733 1721 893 1794 scripturis,
908 1729 936 1778 el
947 1689 972 1759 Β
984 1725 1072 1772 strare
1087 1733 1141 1773 nou
1164 1718 1346 1789 potuerimus,
1363 1719 1450 1789 parati
1467 1735 1564 1774 sumus
1578 1720 1751 1776 doctioribus
1765 1730 1793 1776 et

125 1813 271 1869 catholicae
285 1819 368 1885 alque
383 1810 542 1883 apostolicae
558 1811 867 1882 Ecclesiae,sauotaeque
877 1811 934 1866 Ro·
985 1811 1130 1867 catholicis
1144 1818 1235 1866 autem
1251 1812 1472 1878 accommodare,
1489 1827 1600 1868 sensum
1623 1812 1753 1878 subdere,
1764 1819 1793 1868 et

126 1905 301 1961 manaesedis
311 1903 388 1972 srdei,
398 1911 425 1959 et
435 1903 652 1959 orthodoxorum
668 1901 779 1958 Petrum
795 1902 935 1969 sensibus,
986 1902 1045 1958 sine
1056 1902 1235 1958 contentione
1260 1919 1310 1958 nos
1330 1903 1462 1958 doctrinae
1478 1902 1744 1972 illoruvnsubjicere.
1760 1903 1793 1958 Et

124 1999 174 2071 qui
189 1998 281 2054 eidem
302 2003 404 2053 sanctae
424 1996 504 2052 matri
530 1995 658 2050 Ecclesiae
682 1994 882 2065 praesederunt,
909 2001 937 2050 et
987 1991 1050 2063 quia
1061 1991 1185 2046 libellum
1197 1990 1232 2045 de
1243 1992 1344 2047 scrinio
1356 1991 1435 2047 bonae
1451 1991 1592 2047 memoriae
1605 1991 1695 2048 fratris
1709 1991 1791 2048 vestri

126 2088 174 2160 qui
189 2088 224 2142 ab
241 2087 337 2143 eadem
351 2084 505 2157 apostoliea
518 2084 585 2140 sede
611 2084 734 2139 Romana
756 2082 835 2139 nobis
851 2085 936 2139 inca·
987 2082 1117 2149 Lotharii,
1133 2083 1193 2139 sine
1218 2083 1330 2139 nomine
1353 2084 1474 2139 auctoris
1488 2084 1672 2155 suscepimus,
1692 2084 1721 2138 in
1736 2099 1793 2155 quo

126 2175 367 2248 nonerecipiendi
389 2175 446 2230 dati
467 2181 532 2229 suut
561 2173 642 2244 (bist.
657 2191 700 2240 xv,
717 2191 742 2230 o.
767 2174 864 2229 Sancta
876 2173 934 2229 Ro·
986 2174 1126 2248 sigillatim
1143 2191 1191 2245 per
1206 2175 1266 2230 loca
1281 2175 1391 2249 singula
1406 2174 1794 2246 capitulaanobisexcerpta

127 2270 231 2339 mana),
256 2284 368 2323 sensum
396 2274 519 2322 nostrum
547 2266 575 2321 in
600 2264 706 2322 eisdem
734 2266 862 2337 capitulis
886 2282 935 2321 ex·
986 2273 1050 2321 sunt
1065 2265 1165 2336 posita,
1182 2274 1210 2321 et
1228 2281 1342 2321 assensu
1356 2265 1441 2331 illius,
1453 2267 1627 2338 quiscunque
1643 2267 1688 2322 ille
1699 2265 1793 2334 fuerit,

110 2413 113 2417 ,
127 2376 256 2433 pressum
271 2358 433 2415 concordari
448 2358 638 2414 demonstrare
653 2358 836 2428 potuerimus,
852 2374 934 2432 agere
986 2357 1155 2428 reprehensa
1169 2363 1233 2411 suut
1248 2367 1275 2412 et
1303 2358 1441 2424 damnata,
1457 2374 1520 2414 oum
1536 2359 1570 2413 do
1595 2358 1793 2414 catholicorum

126 2451 274 2517 veraciter,
298 2448 451 2517 humiliter,
480 2463 513 2503 ae
536 2448 635 2503 devote
663 2446 849 2513 studebimus,
869 2448 936 2519 quia
985 2445 1189 2500 Patrumdictis
1212 2454 1305 2501 nostra
1319 2445 1449 2517 capitula,
1473 2446 1496 2501 si
1512 2447 1675 2517 poterimus,
1692 2445 1795 2503 confir·

125 2542 247 2598 aliorum
260 2540 295 2595 ad
323 2539 512 2612 stipulandum
528 2549 638 2596 *nostra
663 2538 806 2595 catholicae
831 2540 935 2595 intelli·
985 2549 1061 2588 mara
1077 2533 1246 2600 curabimus,
1263 2534 1350 2604 ipsius
1364 2535 1447 2590 etiam
1461 2536 1692 2606 reprehensiones
1708 2552 1794 2607 pone-

126 2631 230 2702 gantiae
240 2645 352 2686 sensum
367 2628 521 2684 sententias
536 2628 672 2698 recipere,
690 2643 741 2683 nec
753 2627 876 2700 prolerre
886 2643 936 2683 vo·
987 2638 1057 2688 mus,
1073 2629 1101 2677 et
1116 2636 1173 2688 eas,
1197 2628 1330 2693 quantum
1358 2621 1491 2677 Dominus
1503 2623 1620 2690 dederit,
1649 2623 1794 2679 confutare

126 2719 231 2785 lomus,
248 2734 310 2773 cum
326 2727 434 2773 constet
451 2717 526 2772 illum
542 2731 604 2772 esse
619 2732 715 2772 verum
737 2723 819 2789 atquc
838 2718 936 2773 catho—
986 2709 1169 2769 studebimus.
1183 2713 1258 2768 Tunc
1268 2713 1378 2768 demum
1394 2729 1531 2784 ponemus
1546 2714 1581 2768 de
1596 2714 1718 2785 capitulo
1725 2728 1795 2770 con-

128 2813 210 2867 licum
240 2809 315 2882 quod
334 2811 394 2882 ipsa
422 2820 510 2866 mater
536 2810 660 2866 omnium
686 2810 879 2877 Ecclesiarum,
909 2817 937 2866 ot
987 2802 1103 2858 fratrum
1117 2811 1273 2859 nostrorum
1296 2804 1406 2876 quinto,
1423 2805 1497 2859 unde
1506 2812 1599 2860 notam
1616 2804 1697 2860 nobis
1716 2805 1795 2876 quasi

128 2899 294 2957 universalis
309 2900 431 2956 Ecclesia
443 2898 552 2954 duxerit
574 2898 794 2971 approbandum.
814 2900 844 2954 Et
854 2899 877 2954 si
888 2899 936 2971 qui
987 2895 1069 2950 tacite
1082 2902 1140 2949 ete
1166 2893 1253 2950 latere
1278 2895 1467 2970 impegerunt,
1481 2896 1555 2967 quod
1571 2897 1598 2950 in
1623 2895 1794 2952 Gothescalci

127 2990 242 3046 luerunt
252 2988 385 3061 appellati
399 2989 537 3056 doctores,
554 2988 588 3042 ad
602 2988 772 3059 probandam
795 2987 859 3043 fidoi
879 2989 937 3043 sin·
951 2982 1097 3077 escriptis
1108 2982 1275 3050 invenimus,
1291 2991 1436 3056 postquam
1454 2984 1575 3059 capitula
1583 2991 1702 3056 quatuor
1720 3000 1795 3055 saepe

126 3081 274 3138 ceritatem
291 3081 402 3136 illorum
422 3080 577 3136 sententias
592 3096 648 3137 non
672 3081 832 3152 recipimus,
846 3098 935 3153 neque
987 3083 1146 3130 memorat&
1157 3076 1339 3146 excerpimus,
1362 3083 1390 3132 θῑ
1405 3076 1473 3148 quid
1488 3076 1555 3131 inde
1570 3077 1722 3133 sentiamus
1736 3077 1794 3132 ⁰0·
1810 3113 1818 3126 ,

127 3170 306 3243 proferimus,
336 3169 390 3225 nisi
410 3184 527 3241 quorum
560 3169 712 3225 sententias
726 3170 787 3241 ipsa
801 3170 937 3226 catholica
987 3165 1063 3222 mino
1079 3166 1232 3238 inspirante
1244 3167 1379 3224 dicemus.
1396 3168 1476 3224 Etsic
1491 3168 1600 3224 tandem
1615 3168 1797 3238 subjiciemus

129 3272 216 3318 mater
229 3261 350 3319 Ecclesia
370 3261 493 3317 decrevit
522 3276 583 3316 esse
614 3260 826 3334 probabiles&
844 3269 937 3318 autem
988 3257 1140 3314 illadecem
1157 3268 1298 3315 etncvem
1315 3261 1445 3332 capitula,
1475 3277 1525 3332 pro
1538 3262 1639 3333 quibus
1653 3262 1689 3316 de
1703 3262 1796 3318 Scoto-

128 3352 254 3424 etaliqni
275 3358 457 3417 emerserunt,
490 3350 537 3423 qni
565 3350 745 3406 doctrinalem
779 3350 938 3406 cathedram
989 3362 1048 3401 rum
1061 3347 1346 3419 pultibusconlratres
1360 3351 1457 3417 nostri,
1473 3351 1534 3407 sine
1549 3351 1631 3423 eulpa
1654 3351 1796 3414 nostram

129 3449 290 3508 tenuerunt,
304 3447 450 3512 postquam
474 3440 509 3495 ab
534 3439 631 3495 eadem
659 3448 754 3497 sanctu
769 3442 836 3498 sede
848 3458 938 3499 canon
989 3442 1040 3495 hac
1051 3439 1274 3496 duntaxatoausa
1291 3457 1466 3512 nospasoere
1482 3444 1674 3511 decreverunt,
1685 3453 1713 3498 ct
1729 3443 1796 3515 quid

129 3549 270 3589 sacrarum
291 3532 503 3604 scripturarum,
529 3540 612 3603 atque
647 3533 791 3589 doctorum
823 3534 940 3590 catholi-
990 3532 1139 3588 deeisdem
1165 3532 1295 3604 capitulis
1308 3533 1473 3603 sentiamus,
1489 3550 1521 3590 ex
1533 3535 1732 3592 catholicorum
1742 3535 1799 3590 lra-

128 3639 236 3690 eorum,
250 3621 380 3677 fidelibus
399 3620 507 3676 cunctis
527 3628 569 3676 est
588 3621 677 3682 datus,
693 3623 941 3695 quialiterlsense·
991 3621 1202 3677 trumsensibus
1221 3621 1441 3678 ostendemus.»

130 3723 192 3770 runt
202 3731 287 3787 quam
302 3714 355 3785 ipsi
382 3713 578 3769 intellexerunt
592 3719 676 3785 atque
692 3715 856 3783 docuerunt,
872 3733 942 3789 quos
1295 3734 1399 3790 CAPUT
1423 3736 1487 3791 xvg

131 3805 189 3876 ipsa
215 3796 305 3858 mater
336 3801 471 3858 catholica
493 3817 543 3858 suo
563 3803 719 3859 orthodoxo
746 3805 810 3862 sinu
825 3807 940 3878 recepit,
1151 3808 1188 3860 De
1202 3807 1313 3875 bbqaoe
1324 3809 1424 3861 Karolo
1444 3809 1636 3876 regismpsit.

131 3894 319 3967 amplectitur,
339 3903 422 3965 atque
449 3893 524 3950 lovel
548 3895 619 3967 :qui
639 3911 691 3951 neo
714 3895 861 3964 debemus,
891 3911 943 3952 nec
1028 3890 1194 3957 ltem,aliud
1211 3891 1442 3948 ediditvolumen
1471 3893 1581 3968 insigne
1608 3896 1642 3949 ad
1669 3894 1798 3950 eumdem

133 4001 247 4042 necesse
273 3984 419 4051 habemus,
440 3984 475 4039 ad
498 3983 689 4040 auctoritatem
704 3984 858 4040 sententias
875 3984 939 4042 illo·
989 3997 1092 4055 regem,
1109 3989 1205 4038 contra
1232 3981 1375 4054 praelatum
1408 3985 1617 4042 Gothescalcum
1633 3993 1660 4042 et
1679 3994 1798 4044 ceteros

136 4091 193 4129 rum
217 4072 353 4145 prolerre,
372 4080 420 4127 aut
446 4071 570 4143 recipere
594 4073 734 4140 volumus,
763 4072 895 4144 quoniam
910 4073 939 4128 in
992 4070 1211 4141 predestinatos,
1227 4072 1263 4128 de
1278 4087 1333 4145 quo
1357 4073 1516 4143 hujusmodi
1542 4075 1679 4146 adipsum
1701 4076 1800 4133 scribit

135 4162 205 4230 istis,
220 4170 249 4217 et
265 4177 314 4234 per
344 4161 411 4218 istos
434 4161 502 4216 satis
516 4161 550 4216 ad
578 4160 696 4217 salutem
712 4162 856 4219 habemus.
873 4163 903 4218 Et
917 4161 941 4218 si
992 4163 1148 4235 epistolam.

134 4256 180 4327 qui
196 4255 280 4310 aliter
295 4270 378 4327 quam
403 4253 458 4320 isti,
488 4254 640 4312 maturiore
668 4261 695 4310 et
722 4255 831 4313 saniore
854 4257 942 4312 docu—
1025 4258 1132 4314 Domno
1152 4257 1262 4315 Kxuouo
1278 4259 1336 4331 regi
1351 4257 1472 4333 glorioso
1489 4259 1658 4327 Rrucuxaus
1674 4260 1798 4325 nomine,

135 4355 228 4403 mento
247 4346 400 4403 tenendum
414 4346 581 4415 docueruut,
598 4348 788 4423 dogmatizant
807 4357 854 4406 aut
873 4350 976 4446 dog-D
991 4360 1047 4400 non
1062 4345 1172 4413 merito,
1186 4347 1333 4402 Remorum
1347 4347 1496 4418 episcopus
1507 4364 1538 4403 ac
1550 4349 1640 4419 plebis
1650 4349 1698 4404 liei
1709 4348 1801 4404 famu-

133 4438 266 4493 matizare
281 4443 525 4509 praesumpserunt,
556 4442 642 4491 totum
672 4435 800 4491 ducimus
822 4435 887 4492 fidel
913 4445 941 4495 et
990 4436 1044 4503 lus,
1061 4452 1115 4491 una
1126 4451 1188 4492 eum
1197 4436 1311 4509 collegis
1325 4436 1436 4492 domnis
1448 4446 1476 4494 et
1491 4437 1623 4493 iratribus
1635 4439 1708 4494 meis
1719 4454 1800 4494 vene·

133 4528 213 4584 saluti
243 4528 390 4584 adversum
418 4528 555 4602 quidquid
580 4528 614 4583 ab
649 4542 744 4583 eorum
770 4527 875 4583 salubri
890 4527 941 4583 do·
991 4525 1083 4580 randis
1097 4524 1247 4597 episcopis,
1276 4526 1433 4582 oratoribus
1457 4526 1565 4584 scilicet
1590 4527 1687 4583 salutis
1716 4535 1801 4600 alque

133 4617 221 4672 ctrina
230 4623 339 4672 constat
358 4632 419 4673 esse
439 4617 590 4674 diversum.
608 4617 706 4672 Eorum
723 4616 807 4672 etiam
829 4623 941 4671 senten·
990 4617 1181 4689 prosperitatis
1198 4624 1295 4673 vestrae
1306 4617 1424 4674 devotis.

133 4705 193 4771 tias,
211 4703 259 4776 qui
274 4703 368 4758 divina
389 4704 561 4778 dignatione,
588 4713 733 4777 postquam
749 4704 809 4775 ipse
822 4719 910 4760 canon
926 4720 941 4759 a
1028 4731 1041 4754 v
1057 4707 1149 4777 lluper
1159 4707 1254 4778 elapso
1275 4722 1370 4763 mense
1384 4707 1478 4775 lunio,
1499 4724 1550 4780 per
1565 4708 1745 4764 indictionem
1754 4722 1800 4763 se·

134 4794 215 4850 beato
229 4794 338 4851 Gelasio
353 4796 526 4867 conscriptus
547 4804 598 4862 est,
615 4811 699 4852 sensu
713 4805 740 4851 et
754 4795 881 4852 doctrina
895 4812 941 4852 ca·
991 4795 1105 4867 ptimam
1113 4811 1187 4851 anno
1195 4796 1394 4852 iucarnationis
1407 4796 1556 4852 Dominioae
1569 4798 1800 4873 octingentesimo

133 4883 245 4951 tholica,
278 4892 306 4938 et
339 4884 485 4939 sanctitate
514 4884 732 4940 conversationis
760 4885 787 4938 in
819 4884 941 4940 Ecclesia
991 4887 1220 4961 quinquagesimo
1233 4902 1318 4955 nouo,
1332 4887 1448 4943 dedistis
1476 4888 1558 4944 nobis
1580 4888 1706 4961 quaedam
1719 4889 1799 4961 oapi·

135 4973 299 5041 floruerunt,
310 4981 337 5030 et
352 4975 387 5030 ad
402 4976 524 5046 ipsomm
539 4977 755 5033 orthodoxorum
769 4976 939 5048 Patrum,qui
991 4978 1056 5045 tula,
1073 4977 1143 5034 siout
1159 4984 1260 5034 nostre
1282 4976 1389 5032 dixistis
1415 4978 1573 5045 humilitati,
1590 4995 1606 5033 a
1621 4978 1745 5054 Remigio
1756 4994 1800 5034 re-

134 5064 160 5121 in
174 5067 276 5122 eodem
292 5081 400 5122 canone
411 5068 535 5124 annotati
546 5075 611 5123 sunt
625 5068 711 5135 fideli,
726 5069 792 5141 quia
806 5069 941 5124 catholiea
991 5069 1193 5127 verendissimo
1219 5069 1447 5143 Lugdunensium
1470 5069 1682 5142 archiepiscopo
1701 5076 1800 5126 vestre

135 5158 261 5216 doctrina
276 5158 344 5213 nihil
360 5160 516 5229 dissonum,
528 5161 596 5215 nihil
610 5160 750 5218 diversum
774 5161 942 5232 scripserunt
992 5166 1119 5232 porrecta
1140 5156 1312 5220 sublimitati,
1338 5157 1466 5226 jubentes
1480 5164 1510 5213 ul
1529 5165 1655 5229 tempore
1674 5171 1798 5233 congruo

134 5248 173 5304 vel
190 5248 358 5316 docuerunt,
375 5249 531 5307 reverentia
557 5251 617 5322 pari
640 5251 844 5322 amplectimur,
858 5252 942 5308 veluti
993 5247 1028 5304 de
1044 5248 1086 5302 his
1100 5247 1178 5307 vobis
1205 5245 1385 5301 redderemus
1401 5261 1575 5317 responsum,
1604 5246 1627 5301 si
1654 5247 1799 5302 unanimes

134 5336 302 5392 venerabilis
317 5337 397 5393 Bedae
416 5340 597 5412 presbyteria
610 5339 755 5412 discipulis
764 5339 852 5396 saneti
866 5355 943 5411 papae
994 5356 1048 5397 uno
1072 5355 1131 5407 ore,
1145 5339 1306 5396 eorumdem
1321 5340 1504 5412 capitulorum
1518 5355 1603 5396 sensu
1615 5340 1799 5397 concordare-

134 5424 258 5501 Eregorii
274 5424 411 5482 catholica
422 5425 477 5483 lide
490 5426 601 5496 imbuti,
615 5435 642 5484 et
656 5444 671 5483 a
689 5436 783 5485 sancto
797 5429 942 5484 Theodoro
993 5449 1064 5501 mus,
1076 5449 1111 5488 an
1124 5433 1190 5505 quia
1202 5432 1280 5489 vobis
1294 5449 1310 5488 a
1323 5449 1392 5489 cana
1407 5431 1579 5489 Patrumfide
1589 5433 1618 5487 in
1632 5431 1797 5504 quibusdam

134 5517 357 5591 archiepiscopo,
386 5519 529 5593 utriusque
553 5520 666 5597 linguae,
690 5521 789 5578 Graecaa
814 5520 943 5578 videlicet
992 5519 1141 5577 dissentire
1155 5520 1330 5589 videbantur,
1351 5529 1444 5578 noster
1458 5536 1567 5588 sensus,
1583 5536 1691 5593 quema
1705 5518 1796 5574 catho-

135 5616 160 5662 et
178 5606 286 5663 Latinae
303 5607 403 5680 perito,
432 5614 490 5665 ota
511 5618 607 5666 sancta
622 5610 744 5668 Romana
770 5611 893 5668 Ecclesia
906 5609 941 5666 ud
991 5610 1044 5667 lico
1059 5613 1167 5669 tramite
1181 5628 1236 5668 non
1251 5612 1363 5670 deviare
1385 5613 1550 5678 credebatis,
1563 5609 1688 5667 abcisio
1703 5606 1796 5678 aliquo
