<?xml version="1.0" encoding="UTF-8"?>
<!DOCTYPE html PUBLIC "-//W3C//DTD XHTML 1.0 Transitional//EN"
    "http://www.w3.org/TR/xhtml1/DTD/xhtml1-transitional.dtd">
<html xmlns="http://www.w3.org/1999/xhtml" xml:lang="en" lang="en">
 <head>
  <title>
</title>
<meta http-equiv="Content-Type" content="text/html;charset=utf-8" />
  <meta name='ocr-system' content='tesseract 3.04.00' />
  <meta name='ocr-capabilities' content='ocr_page ocr_carea ocr_par ocr_line ocrx_word'/>
</head>
<body>
  <div class='ocr_page' id='page_1' title='image "./patrologiaecurs08migngoog/patrologiaecurs08migngoog_0073.png"; bbox 0 0 3840 6106; ppageno 0'>
   <div class='ocr_carea' id='block_1_1' title="bbox 146 174 1806 251">
    <p class='ocr_par' dir='ltr' id='par_1_1' title="bbox 146 174 1806 251">
     <span class='ocr_line' id='line_1_1' title="bbox 146 174 1806 251; baseline 0.002 -18"><span class='ocrx_word' id='word_1_1' title='bbox 146 179 197 239; x_wconf 73' lang='grc'><strong>135</strong></span> <span class='ocrx_word' id='word_1_2' title='bbox 705 176 888 235; x_wconf 65' lang='lat' dir='ltr'><strong>nouorum</strong></span> <span class='ocrx_word' id='word_1_3' title='bbox 909 174 1060 234; x_wconf 68' lang='lat' dir='ltr'><strong>mundior</strong></span> <span class='ocrx_word' id='word_1_4' title='bbox 1080 178 1243 237; x_wconf 76' lang='lat' dir='ltr'><strong>usnnnsts</strong></span> <span class='ocrx_word' id='word_1_5' title='bbox 1753 193 1806 251; x_wconf 74' lang='lat'><strong>136</strong></span> 
     </span>
    </p>
   </div>
   <div class='ocr_carea' id='block_1_2' title="bbox 118 326 1844 5684">
    <p class='ocr_par' dir='ltr' id='par_1_2' title="bbox 141 326 1806 412">
     <span class='ocr_line' id='line_1_2' title="bbox 141 326 1806 412; baseline 0.007 -26"><span class='ocrx_word' id='word_1_6' title='bbox 141 330 347 388; x_wconf 87' lang='lat' dir='ltr'><strong>lirclrenradum</strong></span> <span class='ocrx_word' id='word_1_7' title='bbox 368 328 428 400; x_wconf 86' lang='lat' dir='ltr'><strong>[ol.,</strong></span> <span class='ocrx_word' id='word_1_8' title='bbox 453 326 565 397; x_wconf 75' lang='lat' dir='ltr'><strong>Arkeur]</strong></span> <span class='ocrx_word' id='word_1_9' title='bbox 592 326 758 384; x_wconf 79' lang='lat' dir='ltr'>Parisiorum</span> <span class='ocrx_word' id='word_1_10' title='bbox 772 326 946 398; x_wconf 88' lang='lat' dir='ltr'><strong>episcopum,</strong></span> <span class='ocrx_word' id='word_1_11' title='bbox 959 330 985 396; x_wconf 76' lang='grc' dir='ltr'>Α</span> <span class='ocrx_word' id='word_1_12' title='bbox 996 327 1139 385; x_wconf 77' lang='lat' dir='ltr'><strong>confessus</strong></span> <span class='ocrx_word' id='word_1_13' title='bbox 1153 338 1201 386; x_wconf 87' lang='lat' dir='ltr'><strong>aut</strong></span> <span class='ocrx_word' id='word_1_14' title='bbox 1212 332 1355 388; x_wconf 84' lang='lat' dir='ltr'><strong>convictus</strong></span> <span class='ocrx_word' id='word_1_15' title='bbox 1378 332 1460 401; x_wconf 84' lang='lat' dir='ltr'><strong>soret,</strong></span> <span class='ocrx_word' id='word_1_16' title='bbox 1487 335 1608 391; x_wconf 87' lang='lat' dir='ltr'><strong>libellum</strong></span> <span class='ocrx_word' id='word_1_17' title='bbox 1623 354 1680 394; x_wconf 77' lang='lat' dir='ltr'><strong>suaa</strong></span> <span class='ocrx_word' id='word_1_18' title='bbox 1692 341 1806 412; x_wconf 89' lang='lat' dir='ltr'><strong>deposi-</strong></span> 
     </span>
    </p>

    <p class='ocr_par' dir='ltr' id='par_1_3' title="bbox 140 415 1803 502">
     <span class='ocr_line' id='line_1_3' title="bbox 140 415 1803 502; baseline 0.008 -28"><span class='ocrx_word' id='word_1_19' title='bbox 140 420 262 476; x_wconf 84' lang='lat' dir='ltr'><strong>revocari</strong></span> <span class='ocrx_word' id='word_1_20' title='bbox 276 418 350 486; x_wconf 89' lang='lat' dir='ltr'><strong>lecit,</strong></span> <span class='ocrx_word' id='word_1_21' title='bbox 362 425 389 473; x_wconf 93' lang='lat' dir='ltr'><strong>et</strong></span> <span class='ocrx_word' id='word_1_22' title='bbox 412 418 439 472; x_wconf 92' lang='lat' dir='ltr'><strong>in</strong></span> <span class='ocrx_word' id='word_1_23' title='bbox 466 416 635 473; x_wconf 87' lang='lat' dir='ltr'><strong>monasterio</strong></span> <span class='ocrx_word' id='word_1_24' title='bbox 645 418 732 473; x_wconf 87' lang='lat' dir='ltr'><strong>sancti</strong></span> <span class='ocrx_word' id='word_1_25' title='bbox 747 415 891 479; x_wconf 89' lang='lat' dir='ltr'><strong>Bouilacii,</strong></span> <span class='ocrx_word' id='word_1_26' title='bbox 907 416 944 481; x_wconf 92' lang='lat' dir='ltr'><strong>ei,</strong></span> <span class='ocrx_word' id='word_1_27' title='bbox 997 419 1079 476; x_wconf 92' lang='lat' dir='ltr'><strong>tionis</strong></span> <span class='ocrx_word' id='word_1_28' title='bbox 1094 422 1216 490; x_wconf 83' lang='lat' dir='ltr'><strong>dictauit,</strong></span> <span class='ocrx_word' id='word_1_29' title='bbox 1237 431 1265 478; x_wconf 92' lang='lat' dir='ltr'><strong>et</strong></span> <span class='ocrx_word' id='word_1_30' title='bbox 1279 421 1360 478; x_wconf 83' lang='lat' dir='ltr'><strong>scribi</strong></span> <span class='ocrx_word' id='word_1_31' title='bbox 1387 438 1478 479; x_wconf 85' lang='lat' dir='ltr'><strong>coram</strong></span> <span class='ocrx_word' id='word_1_32' title='bbox 1508 442 1537 481; x_wconf 91' lang='lat' dir='ltr'><strong>se</strong></span> <span class='ocrx_word' id='word_1_33' title='bbox 1561 427 1636 493; x_wconf 91' lang='lat' dir='ltr'><strong>iecit,</strong></span> <span class='ocrx_word' id='word_1_34' title='bbox 1650 438 1680 486; x_wconf 89' lang='lat' dir='ltr'><strong>et</strong></span> <span class='ocrx_word' id='word_1_35' title='bbox 1692 434 1803 502; x_wconf 89' lang='lat' dir='ltr'><strong>propria</strong></span> 
     </span>
    </p>

    <p class='ocr_par' dir='ltr' id='par_1_4' title="bbox 135 507 1804 590">
     <span class='ocr_line' id='line_1_4' title="bbox 135 507 1804 590; baseline 0.007 -21"><span class='ocrx_word' id='word_1_36' title='bbox 135 519 167 566; x_wconf 83' lang='lat' dir='ltr'><strong>et</strong></span> <span class='ocrx_word' id='word_1_37' title='bbox 181 509 289 566; x_wconf 82' lang='lat' dir='ltr'><strong>clericis</strong></span> <span class='ocrx_word' id='word_1_38' title='bbox 299 525 333 564; x_wconf 78' lang='lat' dir='ltr'><strong>ae</strong></span> <span class='ocrx_word' id='word_1_39' title='bbox 357 508 435 564; x_wconf 76' lang='lat' dir='ltr'><strong>laicis</strong></span> <span class='ocrx_word' id='word_1_40' title='bbox 459 509 507 579; x_wconf 80' lang='lat' dir='ltr'><strong>qui</strong></span> <span class='ocrx_word' id='word_1_41' title='bbox 531 525 592 565; x_wconf 81' lang='lat' dir='ltr'><strong>cum</strong></span> <span class='ocrx_word' id='word_1_42' title='bbox 621 524 655 564; x_wconf 81' lang='lat' dir='ltr'><strong>eo</strong></span> <span class='ocrx_word' id='word_1_43' title='bbox 683 514 771 562; x_wconf 70' lang='lat' dir='ltr'><strong>erant·</strong></span> <span class='ocrx_word' id='word_1_44' title='bbox 787 507 946 562; x_wconf 70' lang='lat' dir='ltr'><strong>necessaria</strong></span> <span class='ocrx_word' id='word_1_45' title='bbox 995 532 1079 570; x_wconf 92' lang='lat' dir='ltr'><strong>mann</strong></span> <span class='ocrx_word' id='word_1_46' title='bbox 1092 518 1264 590; x_wconf 83' lang='lat' dir='ltr'><strong>subscripsit,</strong></span> <span class='ocrx_word' id='word_1_47' title='bbox 1280 520 1433 576; x_wconf 90' lang='lat' dir='ltr'><strong>secundum</strong></span> <span class='ocrx_word' id='word_1_48' title='bbox 1449 522 1624 579; x_wconf 76' lang='lat' dir='ltr'><strong>traditionem</strong></span> <span class='ocrx_word' id='word_1_49' title='bbox 1636 525 1804 581; x_wconf 84' lang='lat' dir='ltr'><strong>ecclesiasti-</strong></span> 
     </span>
    </p>

    <p class='ocr_par' dir='ltr' id='par_1_5' title="bbox 139 597 1805 682">
     <span class='ocr_line' id='line_1_5' title="bbox 139 597 1805 682; baseline -0.004 -25"><span class='ocrx_word' id='word_1_50' title='bbox 139 600 299 663; x_wconf 88' lang='lat' dir='ltr'><strong>ministrari,</strong></span> <span class='ocrx_word' id='word_1_51' title='bbox 311 607 339 655; x_wconf 92' lang='lat' dir='ltr'><strong>et</strong></span> <span class='ocrx_word' id='word_1_52' title='bbox 364 600 500 671; x_wconf 81' lang='lat' dir='ltr'><strong>synodum</strong></span> <span class='ocrx_word' id='word_1_53' title='bbox 514 606 675 672; x_wconf 84' lang='lat' dir='ltr'><strong>exspectare</strong></span> <span class='ocrx_word' id='word_1_54' title='bbox 695 598 835 670; x_wconf 74' lang='lat' dir='ltr'><strong>praecepit.</strong></span> <span class='ocrx_word' id='word_1_55' title='bbox 849 597 903 651; x_wconf 89' lang='lat' dir='ltr'><strong>Sed</strong></span> <span class='ocrx_word' id='word_1_56' title='bbox 918 603 946 652; x_wconf 93' lang='lat' dir='ltr'><strong>et</strong></span> <span class='ocrx_word' id='word_1_57' title='bbox 994 621 1064 673; x_wconf 70' lang='lat' dir='ltr'><strong>cam,</strong></span> <span class='ocrx_word' id='word_1_58' title='bbox 1094 609 1279 680; x_wconf 63' lang='lat' dir='ltr'><strong>eumdemque</strong></span> <span class='ocrx_word' id='word_1_59' title='bbox 1306 609 1428 665; x_wconf 67' lang='lat' dir='ltr'><strong>fibellum</strong></span> <span class='ocrx_word' id='word_1_60' title='bbox 1445 613 1562 682; x_wconf 83' lang='lat' dir='ltr'><strong>propriae</strong></span> <span class='ocrx_word' id='word_1_61' title='bbox 1575 630 1606 669; x_wconf 59' lang='lat' dir='ltr'><strong>a,</strong></span> <span class='ocrx_word' id='word_1_62' title='bbox 1634 616 1702 671; x_wconf 54' lang='grc' dir='ltr'><strong>,Μ</strong></span> <span class='ocrx_word' id='word_1_63' title='bbox 1729 618 1805 673; x_wconf 61' lang='lat'><strong>,0⁰53</strong></span> 
     </span>
    </p>

    <p class='ocr_par' dir='ltr' id='par_1_6' title="bbox 140 688 1804 771">
     <span class='ocr_line' id='line_1_6' title="bbox 140 688 1804 771; baseline 0.006 -21"><span class='ocrx_word' id='word_1_64' title='bbox 140 696 337 751; x_wconf 68' lang='lat' dir='ltr'><strong>hildemannus</strong></span> <span class='ocrx_word' id='word_1_65' title='bbox 370 695 545 752; x_wconf 87' lang='lat' dir='ltr'><strong>Belvacensis</strong></span> <span class='ocrx_word' id='word_1_66' title='bbox 583 694 732 764; x_wconf 89' lang='lat' dir='ltr'><strong>episcopus</strong></span> <span class='ocrx_word' id='word_1_67' title='bbox 758 688 943 754; x_wconf 87' lang='lat' dir='ltr'><strong>insimulatus,</strong></span> <span class='ocrx_word' id='word_1_68' title='bbox 995 692 1169 750; x_wconf 84' lang='lat' dir='ltr'><strong>consessione</strong></span> <span class='ocrx_word' id='word_1_69' title='bbox 1197 703 1354 752; x_wconf 87' lang='lat' dir='ltr'><strong>attestatum</strong></span> <span class='ocrx_word' id='word_1_70' title='bbox 1384 698 1410 753; x_wconf 92' lang='lat' dir='ltr'><strong>in</strong></span> <span class='ocrx_word' id='word_1_71' title='bbox 1440 699 1643 757; x_wconf 89' lang='lat' dir='ltr'><strong>abdicationem</strong></span> <span class='ocrx_word' id='word_1_72' title='bbox 1656 704 1710 771; x_wconf 92' lang='lat' dir='ltr'><strong>sui,</strong></span> <span class='ocrx_word' id='word_1_73' title='bbox 1727 705 1804 761; x_wconf 90' lang='lat' dir='ltr'><strong>nullo</strong></span> 
     </span>
    </p>

    <p class='ocr_par' dir='ltr' id='par_1_7' title="bbox 138 779 1823 953">
     <span class='ocr_line' id='line_1_7' title="bbox 138 779 1823 864; baseline 0.008 -30"><span class='ocrx_word' id='word_1_74' title='bbox 138 788 213 861; x_wconf 74' lang='lat' dir='ltr'><strong>quod</strong></span> <span class='ocrx_word' id='word_1_75' title='bbox 240 788 311 842; x_wconf 70' lang='lat' dir='ltr'><strong>siout</strong></span> <span class='ocrx_word' id='word_1_76' title='bbox 338 788 444 860; x_wconf 71' lang='lat' dir='ltr'><strong>praefari</strong></span> <span class='ocrx_word' id='word_1_77' title='bbox 477 788 622 859; x_wconf 69' lang='lat' dir='ltr'><strong>episcopi,</strong></span> <span class='ocrx_word' id='word_1_78' title='bbox 656 785 748 858; x_wconf 74' lang='lat' dir='ltr'><strong>fugam</strong></span> <span class='ocrx_word' id='word_1_79' title='bbox 776 787 811 841; x_wconf 82' lang='lat' dir='ltr'><strong>ad</strong></span> <span class='ocrx_word' id='word_1_80' title='bbox 844 788 945 843; x_wconf 72' lang='lat' dir='ltr'><strong>Locha·</strong></span> <span class='ocrx_word' id='word_1_81' title='bbox 995 779 1029 834; x_wconf 92' lang='lat' dir='ltr'><strong>ab</strong></span> <span class='ocrx_word' id='word_1_82' title='bbox 1043 797 1075 837; x_wconf 92' lang='lat' dir='ltr'><strong>eo</strong></span> <span class='ocrx_word' id='word_1_83' title='bbox 1086 793 1227 852; x_wconf 80' lang='lat' dir='ltr'><strong>quaerente</strong></span> <span class='ocrx_word' id='word_1_84' title='bbox 1240 786 1283 841; x_wconf 84' lang='lat' dir='ltr'><strong>vel</strong></span> <span class='ocrx_word' id='word_1_85' title='bbox 1299 786 1437 860; x_wconf 82' lang='lat' dir='ltr'><strong>exigente,</strong></span> <span class='ocrx_word' id='word_1_86' title='bbox 1449 789 1555 859; x_wconf 79' lang='lat' dir='ltr'><strong>synodo</strong></span> <span class='ocrx_word' id='word_1_87' title='bbox 1585 792 1655 847; x_wconf 92' lang='lat' dir='ltr'><strong>ultro</strong></span> <span class='ocrx_word' id='word_1_88' title='bbox 1671 794 1823 864; x_wconf 54' lang='lat' dir='ltr'><strong>porrexit„</strong></span> 
     </span>
     <span class='ocr_line' id='line_1_8' title="bbox 138 870 1802 953; baseline 0.004 -20"><span class='ocrx_word' id='word_1_89' title='bbox 138 880 208 933; x_wconf 89' lang='lat' dir='ltr'><strong>rium</strong></span> <span class='ocrx_word' id='word_1_90' title='bbox 223 879 377 946; x_wconf 82' lang='lat' dir='ltr'><strong>moliretur,</strong></span> <span class='ocrx_word' id='word_1_91' title='bbox 393 880 420 934; x_wconf 91' lang='lat' dir='ltr'><strong>in</strong></span> <span class='ocrx_word' id='word_1_92' title='bbox 436 879 605 935; x_wconf 87' lang='lat' dir='ltr'><strong>monasterio</strong></span> <span class='ocrx_word' id='word_1_93' title='bbox 619 878 707 933; x_wconf 86' lang='lat' dir='ltr'><strong>sancti</strong></span> <span class='ocrx_word' id='word_1_94' title='bbox 722 877 831 932; x_wconf 82' lang='lat' dir='ltr'><strong>vedasti</strong></span> <span class='ocrx_word' id='word_1_95' title='bbox 847 877 943 932; x_wconf 92' lang='lat' dir='ltr'><strong>deteu·</strong></span> <span class='ocrx_word' id='word_1_96' title='bbox 996 870 1027 926; x_wconf 81' lang='lat' dir='ltr'><strong>Et</strong></span> <span class='ocrx_word' id='word_1_97' title='bbox 1062 872 1132 929; x_wconf 88' lang='lat' dir='ltr'><strong>sicut</strong></span> <span class='ocrx_word' id='word_1_98' title='bbox 1172 875 1258 930; x_wconf 88' lang='lat' dir='ltr'><strong>videri</strong></span> <span class='ocrx_word' id='word_1_99' title='bbox 1287 883 1353 932; x_wconf 90' lang='lat' dir='ltr'><strong>tuuc</strong></span> <span class='ocrx_word' id='word_1_100' title='bbox 1388 878 1423 932; x_wconf 90' lang='lat' dir='ltr'><strong>ab</strong></span> <span class='ocrx_word' id='word_1_101' title='bbox 1452 880 1494 934; x_wconf 91' lang='lat' dir='ltr'><strong>bis</strong></span> <span class='ocrx_word' id='word_1_102' title='bbox 1521 882 1569 953; x_wconf 88' lang='lat' dir='ltr'><strong>qui</strong></span> <span class='ocrx_word' id='word_1_103' title='bbox 1604 882 1802 951; x_wconf 79' lang='lat' dir='ltr'><strong>interfuerunt,</strong></span> 
     </span>
    </p>

    <p class='ocr_par' dir='ltr' id='par_1_8' title="bbox 138 961 1804 1042">
     <span class='ocr_line' id='line_1_9' title="bbox 138 961 1804 1042; baseline 0.009 -17"><span class='ocrx_word' id='word_1_104' title='bbox 138 976 192 1037; x_wconf 92' lang='lat' dir='ltr'><strong>tus,</strong></span> <span class='ocrx_word' id='word_1_105' title='bbox 202 970 338 1040; x_wconf 80' lang='lat' dir='ltr'><strong>synodum</strong></span> <span class='ocrx_word' id='word_1_106' title='bbox 363 970 539 1040; x_wconf 79' lang='lat' dir='ltr'><strong>exspectavit.</strong></span> <span class='ocrx_word' id='word_1_107' title='bbox 570 968 608 1024; x_wconf 81' lang='lat' dir='ltr'><strong>ad</strong></span> <span class='ocrx_word' id='word_1_108' title='bbox 632 984 801 1042; x_wconf 88' lang='lat' dir='ltr'><strong>quamanno</strong></span> <span class='ocrx_word' id='word_1_109' title='bbox 816 969 943 1025; x_wconf 84' lang='lat' dir='ltr'><strong>incarus·</strong></span> <span class='ocrx_word' id='word_1_110' title='bbox 995 961 1094 1029; x_wconf 89' lang='lat' dir='ltr'><strong>potuit,</strong></span> <span class='ocrx_word' id='word_1_111' title='bbox 1133 965 1288 1020; x_wconf 62' lang='lat' dir='ltr'><strong>⁸³⁰8Fd0ii⁰</strong></span> <span class='ocrx_word' id='word_1_112' title='bbox 1315 979 1345 1018; x_wconf 61' lang='grc' dir='ltr'><strong>ὅθ</strong></span> <span class='ocrx_word' id='word_1_113' title='bbox 1369 976 1469 1035; x_wconf 74' lang='lat' dir='ltr'><strong>⁵P⁰¹¹i⁰</strong></span> <span class='ocrx_word' id='word_1_114' title='bbox 1497 968 1645 1036; x_wconf 81' lang='lat' dir='ltr'><strong>submovit,</strong></span> <span class='ocrx_word' id='word_1_115' title='bbox 1674 988 1804 1042; x_wconf 85' lang='lat' dir='ltr'><strong>quaerens</strong></span> 
     </span>
    </p>

    <p class='ocr_par' dir='ltr' id='par_1_9' title="bbox 137 1054 1803 1136">
     <span class='ocr_line' id='line_1_10' title="bbox 137 1054 1803 1136; baseline 0.005 -22"><span class='ocrx_word' id='word_1_116' title='bbox 137 1060 220 1115; x_wconf 89' lang='lat' dir='ltr'><strong>tionis</strong></span> <span class='ocrx_word' id='word_1_117' title='bbox 240 1061 388 1116; x_wconf 85' lang='lat' dir='ltr'><strong>liominicae</strong></span> <span class='ocrx_word' id='word_1_118' title='bbox 400 1059 453 1116; x_wconf 80' lang='grc'><strong>835</strong></span> <span class='ocrx_word' id='word_1_119' title='bbox 467 1061 622 1129; x_wconf 85' lang='lat' dir='ltr'><strong>venientes,</strong></span> <span class='ocrx_word' id='word_1_120' title='bbox 637 1076 735 1117; x_wconf 91' lang='lat' dir='ltr'><strong>omnes</strong></span> <span class='ocrx_word' id='word_1_121' title='bbox 758 1061 883 1132; x_wconf 87' lang='lat' dir='ltr'><strong>episcopi</strong></span> <span class='ocrx_word' id='word_1_122' title='bbox 896 1059 944 1132; x_wconf 92' lang='lat' dir='ltr'><strong>qui</strong></span> <span class='ocrx_word' id='word_1_123' title='bbox 995 1054 1147 1110; x_wconf 74' lang='lat' dir='ltr'><strong>remedium</strong></span> <span class='ocrx_word' id='word_1_124' title='bbox 1186 1060 1352 1129; x_wconf 87' lang='lat' dir='ltr'><strong>poenitendi,</strong></span> <span class='ocrx_word' id='word_1_125' title='bbox 1389 1062 1460 1118; x_wconf 92' lang='lat' dir='ltr'><strong>sicut</strong></span> <span class='ocrx_word' id='word_1_126' title='bbox 1500 1065 1527 1118; x_wconf 93' lang='lat' dir='ltr'><strong>in</strong></span> <span class='ocrx_word' id='word_1_127' title='bbox 1568 1065 1667 1122; x_wconf 87' lang='lat' dir='ltr'><strong>eodem</strong></span> <span class='ocrx_word' id='word_1_128' title='bbox 1695 1067 1803 1136; x_wconf 85' lang='lat' dir='ltr'><strong>proles-</strong></span> 
     </span>
    </p>

    <p class='ocr_par' dir='ltr' id='par_1_10' title="bbox 138 1141 1844 1315">
     <span class='ocr_line' id='line_1_11' title="bbox 138 1141 1844 1226; baseline 0.008 -32"><span class='ocrx_word' id='word_1_129' title='bbox 138 1160 326 1209; x_wconf 60' lang='lat' dir='ltr'><strong>convpnemnp</strong></span> <span class='ocrx_word' id='word_1_130' title='bbox 340 1151 499 1226; x_wconf 64' lang='lat' dir='ltr'><strong>singulatim</strong></span> <span class='ocrx_word' id='word_1_131' title='bbox 525 1150 635 1208; x_wconf 67' lang='lat' dir='ltr'><strong>libertos</strong></span> <span class='ocrx_word' id='word_1_132' title='bbox 649 1152 684 1207; x_wconf 65' lang='lat' dir='ltr'><strong>de</strong></span> <span class='ocrx_word' id='word_1_133' title='bbox 700 1152 874 1209; x_wconf 61' lang='lat' dir='ltr'><strong>restitutam</strong></span> <span class='ocrx_word' id='word_1_134' title='bbox 887 1151 942 1204; x_wconf 69' lang='lat' dir='ltr'><strong>im.</strong></span> <span class='ocrx_word' id='word_1_135' title='bbox 993 1141 1080 1198; x_wconf 91' lang='lat' dir='ltr'><strong>sionis</strong></span> <span class='ocrx_word' id='word_1_136' title='bbox 1092 1160 1125 1200; x_wconf 88' lang='lat' dir='ltr'><strong>ac</strong></span> <span class='ocrx_word' id='word_1_137' title='bbox 1150 1148 1359 1221; x_wconf 81' lang='lat' dir='ltr'><strong>subscriptionis</strong></span> <span class='ocrx_word' id='word_1_138' title='bbox 1374 1168 1431 1208; x_wconf 86' lang='lat' dir='ltr'><strong>suae</strong></span> <span class='ocrx_word' id='word_1_139' title='bbox 1458 1153 1552 1209; x_wconf 89' lang='lat' dir='ltr'><strong>libello</strong></span> <span class='ocrx_word' id='word_1_140' title='bbox 1578 1155 1738 1212; x_wconf 88' lang='lat' dir='ltr'><strong>continetur</strong></span> <span class='ocrx_word' id='word_1_141' title='bbox 1753 1159 1804 1214; x_wconf 92' lang='lat' dir='ltr'><strong>boc</strong></span> <span class='ocrx_word' id='word_1_142' title='bbox 1842 1204 1844 1208; x_wconf 89' lang='lat'><em>.</em></span> 
     </span>
     <span class='ocr_line' id='line_1_12' title="bbox 138 1235 1087 1315; baseline 0 -19"><span class='ocrx_word' id='word_1_143' title='bbox 138 1244 274 1312; x_wconf 85' lang='lat' dir='ltr'><strong>paraturis</strong></span> <span class='ocrx_word' id='word_1_144' title='bbox 295 1241 434 1298; x_wconf 90' lang='lat' dir='ltr'><strong>communi</strong></span> <span class='ocrx_word' id='word_1_145' title='bbox 462 1241 578 1296; x_wconf 89' lang='lat' dir='ltr'><strong>consilio</strong></span> <span class='ocrx_word' id='word_1_146' title='bbox 593 1249 676 1315; x_wconf 86' lang='lat' dir='ltr'><strong>atque</strong></span> <span class='ocrx_word' id='word_1_147' title='bbox 690 1259 829 1300; x_wconf 89' lang='lat' dir='ltr'><strong>consensu</strong></span> <span class='ocrx_word' id='word_1_148' title='bbox 845 1241 942 1297; x_wconf 90' lang='lat' dir='ltr'><strong>edide-</strong></span> <span class='ocrx_word' id='word_1_149' title='bbox 995 1235 1087 1292; x_wconf 79' lang='lat' dir='ltr'><strong>modo.</strong></span> 
     </span>
    </p>

    <p class='ocr_par' dir='ltr' id='par_1_11' title="bbox 133 1331 1804 2950">
     <span class='ocr_line' id='line_1_13' title="bbox 138 1331 1804 1416; baseline 0.007 -29"><span class='ocrx_word' id='word_1_150' title='bbox 138 1341 213 1403; x_wconf 94' lang='lat' dir='ltr'><strong>runt,</strong></span> <span class='ocrx_word' id='word_1_151' title='bbox 224 1340 251 1389; x_wconf 93' lang='lat' dir='ltr'><strong>et</strong></span> <span class='ocrx_word' id='word_1_152' title='bbox 267 1333 387 1406; x_wconf 90' lang='lat' dir='ltr'><strong>propriis</strong></span> <span class='ocrx_word' id='word_1_153' title='bbox 407 1332 536 1387; x_wconf 90' lang='lat' dir='ltr'><strong>manibus</strong></span> <span class='ocrx_word' id='word_1_154' title='bbox 548 1333 784 1405; x_wconf 90' lang='lat' dir='ltr'><strong>subscripserunt.</strong></span> <span class='ocrx_word' id='word_1_155' title='bbox 801 1332 866 1387; x_wconf 84' lang='lat' dir='ltr'><strong>Cum</strong></span> <span class='ocrx_word' id='word_1_156' title='bbox 882 1334 944 1404; x_wconf 86' lang='lat' dir='ltr'><strong>qui·</strong></span> <span class='ocrx_word' id='word_1_157' title='bbox 1031 1352 1042 1378; x_wconf 77' lang='grc' dir='ltr'>ι</span> <span class='ocrx_word' id='word_1_158' title='bbox 1060 1331 1116 1407; x_wconf 81' lang='lat' dir='ltr'><strong>ligo</strong></span> <span class='ocrx_word' id='word_1_159' title='bbox 1131 1333 1188 1389; x_wconf 82' lang='lat' dir='ltr'><strong>libo</strong></span> <span class='ocrx_word' id='word_1_160' title='bbox 1201 1334 1332 1409; x_wconf 78' lang='lat' dir='ltr'><strong>indignus</strong></span> <span class='ocrx_word' id='word_1_161' title='bbox 1356 1338 1513 1409; x_wconf 85' lang='lat' dir='ltr'><strong>episcopus,</strong></span> <span class='ocrx_word' id='word_1_162' title='bbox 1530 1355 1734 1416; x_wconf 84' lang='lat' dir='ltr'><strong>recognoscens</strong></span> <span class='ocrx_word' id='word_1_163' title='bbox 1748 1342 1804 1398; x_wconf 90' lang='lat' dir='ltr'><strong>lra-</strong></span> 
     </span>
     <span class='ocr_line' id='line_1_14' title="bbox 138 1421 1801 1500; baseline 0.007 -23"><span class='ocrx_word' id='word_1_164' title='bbox 138 1423 190 1479; x_wconf 91' lang='lat' dir='ltr'><strong>bns</strong></span> <span class='ocrx_word' id='word_1_165' title='bbox 206 1431 234 1480; x_wconf 92' lang='lat' dir='ltr'><strong>et</strong></span> <span class='ocrx_word' id='word_1_166' title='bbox 248 1423 304 1480; x_wconf 80' lang='lat' dir='ltr'><strong>libo</strong></span> <span class='ocrx_word' id='word_1_167' title='bbox 325 1426 364 1492; x_wconf 90' lang='lat' dir='ltr'><strong>(ut</strong></span> <span class='ocrx_word' id='word_1_168' title='bbox 385 1440 480 1479; x_wconf 86' lang='lat' dir='ltr'><strong>revera</strong></span> <span class='ocrx_word' id='word_1_169' title='bbox 506 1424 534 1477; x_wconf 93' lang='lat' dir='ltr'><strong>in</strong></span> <span class='ocrx_word' id='word_1_170' title='bbox 561 1429 632 1478; x_wconf 91' lang='lat' dir='ltr'><strong>statu</strong></span> <span class='ocrx_word' id='word_1_171' title='bbox 648 1422 800 1477; x_wconf 90' lang='lat' dir='ltr'><strong>suoadbuc</strong></span> <span class='ocrx_word' id='word_1_172' title='bbox 814 1422 942 1490; x_wconf 85' lang='lat' dir='ltr'><strong>manens)</strong></span> <span class='ocrx_word' id='word_1_173' title='bbox 994 1421 1127 1494; x_wconf 82' lang='lat' dir='ltr'><strong>gilitatem</strong></span> <span class='ocrx_word' id='word_1_174' title='bbox 1142 1439 1243 1492; x_wconf 90' lang='lat' dir='ltr'><strong>meam,</strong></span> <span class='ocrx_word' id='word_1_175' title='bbox 1273 1435 1299 1480; x_wconf 89' lang='lat' dir='ltr'><strong>et</strong></span> <span class='ocrx_word' id='word_1_176' title='bbox 1324 1426 1447 1496; x_wconf 91' lang='lat' dir='ltr'><strong>pondera</strong></span> <span class='ocrx_word' id='word_1_177' title='bbox 1475 1439 1649 1500; x_wconf 87' lang='lat' dir='ltr'><strong>peccatorum</strong></span> <span class='ocrx_word' id='word_1_178' title='bbox 1663 1448 1801 1497; x_wconf 88' lang='lat' dir='ltr'><strong>meorum,</strong></span> 
     </span>
     <span class='ocr_line' id='line_1_15' title="bbox 139 1511 1802 1586; baseline 0.007 -20"><span class='ocrx_word' id='word_1_179' title='bbox 139 1512 261 1568; x_wconf 90' lang='lat' dir='ltr'><strong>libellum</strong></span> <span class='ocrx_word' id='word_1_180' title='bbox 276 1529 359 1568; x_wconf 91' lang='lat' dir='ltr'><strong>manu</strong></span> <span class='ocrx_word' id='word_1_181' title='bbox 380 1527 430 1567; x_wconf 91' lang='lat' dir='ltr'><strong>sua</strong></span> <span class='ocrx_word' id='word_1_182' title='bbox 458 1528 518 1567; x_wconf 92' lang='lat' dir='ltr'><strong>cum</strong></span> <span class='ocrx_word' id='word_1_183' title='bbox 535 1511 724 1568; x_wconf 90' lang='lat' dir='ltr'><strong>additamento</strong></span> <span class='ocrx_word' id='word_1_184' title='bbox 741 1511 943 1583; x_wconf 88' lang='lat' dir='ltr'><strong>archiepiscopi</strong></span> <span class='ocrx_word' id='word_1_185' title='bbox 994 1516 1078 1567; x_wconf 88' lang='lat' dir='ltr'><strong>testes</strong></span> <span class='ocrx_word' id='word_1_186' title='bbox 1092 1513 1265 1573; x_wconf 78' lang='lat' dir='ltr'><strong>consessores</strong></span> <span class='ocrx_word' id='word_1_187' title='bbox 1293 1535 1380 1586; x_wconf 90' lang='lat' dir='ltr'><strong>meos,</strong></span> <span class='ocrx_word' id='word_1_188' title='bbox 1408 1520 1527 1576; x_wconf 76' lang='lat' dir='ltr'><strong>niulfum</strong></span> <span class='ocrx_word' id='word_1_189' title='bbox 1555 1522 1684 1578; x_wconf 85' lang='lat' dir='ltr'><strong>videlicet</strong></span> <span class='ocrx_word' id='word_1_190' title='bbox 1712 1524 1802 1580; x_wconf 89' lang='lat' dir='ltr'><strong>arcbi-</strong></span> 
     </span>
     <span class='ocr_line' id='line_1_16' title="bbox 137 1590 1804 1681; baseline 0.004 -22"><span class='ocrx_word' id='word_1_191' title='bbox 137 1605 269 1676; x_wconf 89' lang='lat' dir='ltr'><strong>scriptum</strong></span> <span class='ocrx_word' id='word_1_192' title='bbox 283 1605 378 1661; x_wconf 88' lang='lat' dir='ltr'><strong>edidit.</strong></span> <span class='ocrx_word' id='word_1_193' title='bbox 392 1607 422 1659; x_wconf 94' lang='lat' dir='ltr'><strong>ln</strong></span> <span class='ocrx_word' id='word_1_194' title='bbox 437 1590 943 1675; x_wconf 80' lang='lat' dir='ltr'><strong>quolibelloprofessusest,quidquid</strong></span> <span class='ocrx_word' id='word_1_195' title='bbox 994 1602 1165 1673; x_wconf 87' lang='lat' dir='ltr'><strong>episcopum,</strong></span> <span class='ocrx_word' id='word_1_196' title='bbox 1194 1612 1222 1660; x_wconf 88' lang='lat' dir='ltr'><strong>ct</strong></span> <span class='ocrx_word' id='word_1_197' title='bbox 1242 1607 1412 1664; x_wconf 79' lang='lat' dir='ltr'><strong>badaradum</strong></span> <span class='ocrx_word' id='word_1_198' title='bbox 1440 1610 1611 1681; x_wconf 88' lang='lat' dir='ltr'><strong>episcopum,</strong></span> <span class='ocrx_word' id='word_1_199' title='bbox 1641 1626 1751 1666; x_wconf 90' lang='lat' dir='ltr'><strong>necnon</strong></span> <span class='ocrx_word' id='word_1_200' title='bbox 1776 1620 1804 1666; x_wconf 84' lang='lat' dir='ltr'><strong>et</strong></span> 
     </span>
     <span class='ocr_line' id='line_1_17' title="bbox 137 1690 1803 1767; baseline 0.003 -18"><span class='ocrx_word' id='word_1_201' title='bbox 137 1696 164 1749; x_wconf 91' lang='lat' dir='ltr'><strong>in</strong></span> <span class='ocrx_word' id='word_1_202' title='bbox 173 1695 263 1766; x_wconf 85' lang='lat' dir='ltr'><strong>ipsius</strong></span> <span class='ocrx_word' id='word_1_203' title='bbox 282 1693 455 1765; x_wconf 90' lang='lat' dir='ltr'><strong>imperatoris</strong></span> <span class='ocrx_word' id='word_1_204' title='bbox 478 1693 698 1749; x_wconf 85' lang='lat' dir='ltr'><strong>dehonoratione</strong></span> <span class='ocrx_word' id='word_1_205' title='bbox 711 1700 820 1765; x_wconf 76' lang='lat' dir='ltr'><strong>gestum</strong></span> <span class='ocrx_word' id='word_1_206' title='bbox 845 1692 941 1760; x_wconf 87' lang='lat' dir='ltr'><strong>luerat,</strong></span> <span class='ocrx_word' id='word_1_207' title='bbox 994 1690 1151 1747; x_wconf 87' lang='lat' dir='ltr'><strong>lindoinum</strong></span> <span class='ocrx_word' id='word_1_208' title='bbox 1164 1694 1336 1767; x_wconf 88' lang='lat' dir='ltr'><strong>episcopum,</strong></span> <span class='ocrx_word' id='word_1_209' title='bbox 1351 1697 1481 1752; x_wconf 90' lang='lat' dir='ltr'><strong>constitui</strong></span> <span class='ocrx_word' id='word_1_210' title='bbox 1496 1698 1563 1752; x_wconf 86' lang='lat' dir='ltr'><strong>mibi</strong></span> <span class='ocrx_word' id='word_1_211' title='bbox 1571 1698 1680 1767; x_wconf 84' lang='lat' dir='ltr'><strong>jndices</strong></span> <span class='ocrx_word' id='word_1_212' title='bbox 1689 1698 1803 1754; x_wconf 78' lang='lat' dir='ltr'><strong>delicto</strong></span> 
     </span>
     <span class='ocr_line' id='line_1_18' title="bbox 136 1744 1800 1857; baseline 0.003 -21"><span class='ocrx_word' id='word_1_213' title='bbox 136 1783 237 1852; x_wconf 90' lang='lat' dir='ltr'><strong>injuste</strong></span> <span class='ocrx_word' id='word_1_214' title='bbox 252 1781 352 1838; x_wconf 89' lang='lat' dir='ltr'><strong>factum</strong></span> <span class='ocrx_word' id='word_1_215' title='bbox 363 1782 457 1838; x_wconf 89' lang='lat' dir='ltr'><strong>luisse.</strong></span> <span class='ocrx_word' id='word_1_216' title='bbox 475 1783 541 1837; x_wconf 87' lang='lat' dir='ltr'><strong>ltem</strong></span> <span class='ocrx_word' id='word_1_217' title='bbox 556 1790 718 1852; x_wconf 88' lang='lat' dir='ltr'><strong>postpauca</strong></span> <span class='ocrx_word' id='word_1_218' title='bbox 733 1799 740 1835; x_wconf 92' lang='lat'>:</span> <span class='ocrx_word' id='word_1_219' title='bbox 756 1788 854 1852; x_wconf 89' lang='lat' dir='ltr'><strong>etpost</strong></span> <span class='ocrx_word' id='word_1_220' title='bbox 864 1781 942 1837; x_wconf 86' lang='lat' dir='ltr'><strong>datos</strong></span> <span class='ocrx_word' id='word_1_221' title='bbox 956 1744 1052 1836; x_wconf 88' lang='lat' dir='ltr'><strong>Brurn</strong></span> <span class='ocrx_word' id='word_1_222' title='bbox 1068 1798 1192 1839; x_wconf 89' lang='lat' dir='ltr'><strong>meorum</strong></span> <span class='ocrx_word' id='word_1_223' title='bbox 1219 1795 1247 1841; x_wconf 90' lang='lat' dir='ltr'><strong>et</strong></span> <span class='ocrx_word' id='word_1_224' title='bbox 1274 1802 1368 1856; x_wconf 89' lang='lat' dir='ltr'><strong>puram</strong></span> <span class='ocrx_word' id='word_1_225' title='bbox 1395 1787 1461 1857; x_wconf 90' lang='lat' dir='ltr'><strong>ipsis</strong></span> <span class='ocrx_word' id='word_1_226' title='bbox 1485 1787 1692 1843; x_wconf 81' lang='lat' dir='ltr'><strong>consessionem</strong></span> <span class='ocrx_word' id='word_1_227' title='bbox 1722 1788 1800 1855; x_wconf 91' lang='lat' dir='ltr'><strong>dedi,</strong></span> 
     </span>
     <span class='ocr_line' id='line_1_19' title="bbox 136 1874 1801 1949; baseline 0.003 -20"><span class='ocrx_word' id='word_1_228' title='bbox 136 1875 257 1946; x_wconf 81' lang='lat' dir='ltr'><strong>libellos,</strong></span> <span class='ocrx_word' id='word_1_229' title='bbox 285 1875 428 1930; x_wconf 85' lang='lat' dir='ltr'><strong>venientes</strong></span> <span class='ocrx_word' id='word_1_230' title='bbox 456 1874 578 1946; x_wconf 86' lang='lat' dir='ltr'><strong>episcopi</strong></span> <span class='ocrx_word' id='word_1_231' title='bbox 611 1891 672 1930; x_wconf 91' lang='lat' dir='ltr'><strong>cum</strong></span> <span class='ocrx_word' id='word_1_232' title='bbox 709 1876 887 1946; x_wconf 85' lang='lat' dir='ltr'><strong>imperatore,</strong></span> <span class='ocrx_word' id='word_1_233' title='bbox 915 1882 942 1931; x_wconf 91' lang='lat' dir='ltr'><strong>et</strong></span> <span class='ocrx_word' id='word_1_234' title='bbox 992 1890 1118 1945; x_wconf 83' lang='lat' dir='ltr'><strong>quaerans</strong></span> <span class='ocrx_word' id='word_1_235' title='bbox 1144 1876 1295 1932; x_wconf 87' lang='lat' dir='ltr'><strong>remedium</strong></span> <span class='ocrx_word' id='word_1_236' title='bbox 1323 1878 1488 1949; x_wconf 71' lang='lat' dir='ltr'><strong>poenitendi,</strong></span> <span class='ocrx_word' id='word_1_237' title='bbox 1505 1887 1532 1935; x_wconf 90' lang='lat' dir='ltr'><strong>et</strong></span> <span class='ocrx_word' id='word_1_238' title='bbox 1557 1879 1673 1934; x_wconf 91' lang='lat' dir='ltr'><strong>salutem</strong></span> <span class='ocrx_word' id='word_1_239' title='bbox 1701 1881 1801 1935; x_wconf 83' lang='lat' dir='ltr'><strong>animae</strong></span> 
     </span>
     <span class='ocr_line' id='line_1_20' title="bbox 136 1962 1801 2040; baseline 0.002 -22"><span class='ocrx_word' id='word_1_240' title='bbox 136 1965 347 2036; x_wconf 86' lang='lat' dir='ltr'><strong>quamplurimis</strong></span> <span class='ocrx_word' id='word_1_241' title='bbox 372 1965 432 2033; x_wconf 75' lang='lat' dir='ltr'><strong>eius</strong></span> <span class='ocrx_word' id='word_1_242' title='bbox 458 1962 599 2031; x_wconf 88' lang='lat' dir='ltr'><strong>fidelibus,</strong></span> <span class='ocrx_word' id='word_1_243' title='bbox 615 1981 647 2020; x_wconf 91' lang='lat' dir='ltr'><strong>ac</strong></span> <span class='ocrx_word' id='word_1_244' title='bbox 666 1966 746 2040; x_wconf 81' lang='lat' dir='ltr'><strong>regni</strong></span> <span class='ocrx_word' id='word_1_245' title='bbox 760 1966 939 2036; x_wconf 90' lang='lat' dir='ltr'><strong>primoribus,</strong></span> <span class='ocrx_word' id='word_1_246' title='bbox 991 1978 1070 2030; x_wconf 84' lang='lat' dir='ltr'><strong>rneae,</strong></span> <span class='ocrx_word' id='word_1_247' title='bbox 1085 1971 1116 2019; x_wconf 92' lang='lat' dir='ltr'><strong>ut</strong></span> <span class='ocrx_word' id='word_1_248' title='bbox 1130 1964 1287 2020; x_wconf 87' lang='lat' dir='ltr'><strong>recederem</strong></span> <span class='ocrx_word' id='word_1_249' title='bbox 1316 1968 1350 2022; x_wconf 89' lang='lat' dir='ltr'><strong>ab</strong></span> <span class='ocrx_word' id='word_1_250' title='bbox 1365 1965 1457 2023; x_wconf 80' lang='lat' dir='ltr'><strong>officio</strong></span> <span class='ocrx_word' id='word_1_251' title='bbox 1473 1977 1500 2024; x_wconf 90' lang='lat' dir='ltr'><strong>et</strong></span> <span class='ocrx_word' id='word_1_252' title='bbox 1518 1968 1672 2024; x_wconf 91' lang='lat' dir='ltr'><strong>ministerio</strong></span> <span class='ocrx_word' id='word_1_253' title='bbox 1688 1966 1801 2038; x_wconf 87' lang='lat' dir='ltr'><strong>pontili-</strong></span> 
     </span>
     <span class='ocr_line' id='line_1_21' title="bbox 136 2044 1800 2133; baseline 0.004 -25"><span class='ocrx_word' id='word_1_254' title='bbox 136 2053 276 2110; x_wconf 89' lang='lat' dir='ltr'><strong>iuurbem</strong></span> <span class='ocrx_word' id='word_1_255' title='bbox 303 2055 476 2122; x_wconf 82' lang='lat' dir='ltr'><strong>Metensium,</strong></span> <span class='ocrx_word' id='word_1_256' title='bbox 505 2055 533 2109; x_wconf 93' lang='lat' dir='ltr'><strong>in</strong></span> <span class='ocrx_word' id='word_1_257' title='bbox 558 2055 671 2112; x_wconf 88' lang='lat' dir='ltr'><strong>basilica</strong></span> <span class='ocrx_word' id='word_1_258' title='bbox 699 2055 771 2111; x_wconf 88' lang='lat' dir='ltr'><strong>beati</strong></span> <span class='ocrx_word' id='word_1_259' title='bbox 798 2057 940 2128; x_wconf 86' lang='lat' dir='ltr'><strong>Stephani,</strong></span> <span class='ocrx_word' id='word_1_260' title='bbox 992 2052 1053 2120; x_wconf 86' lang='lat' dir='ltr'><strong>cali,</strong></span> <span class='ocrx_word' id='word_1_261' title='bbox 1069 2068 1124 2124; x_wconf 90' lang='lat' dir='ltr'><strong>quo</strong></span> <span class='ocrx_word' id='word_1_262' title='bbox 1134 2070 1179 2110; x_wconf 90' lang='lat' dir='ltr'><strong>me</strong></span> <span class='ocrx_word' id='word_1_263' title='bbox 1192 2044 1360 2129; x_wconf 83' lang='lat' dir='ltr'><strong>recognosco</strong></span> <span class='ocrx_word' id='word_1_264' title='bbox 1375 2073 1434 2112; x_wconf 88' lang='lat' dir='ltr'><strong>esse</strong></span> <span class='ocrx_word' id='word_1_265' title='bbox 1460 2059 1615 2133; x_wconf 82' lang='lat' dir='ltr'><strong>indignum,</strong></span> <span class='ocrx_word' id='word_1_266' title='bbox 1631 2070 1659 2116; x_wconf 92' lang='lat' dir='ltr'><strong>et</strong></span> <span class='ocrx_word' id='word_1_267' title='bbox 1678 2061 1800 2116; x_wconf 88' lang='lat' dir='ltr'><strong>alionum</strong></span> 
     </span>
     <span class='ocr_line' id='line_1_22' title="bbox 136 2140 1800 2220; baseline 0.008 -21"><span class='ocrx_word' id='word_1_268' title='bbox 136 2144 249 2217; x_wconf 81' lang='lat' dir='ltr'><strong>publice</strong></span> <span class='ocrx_word' id='word_1_269' title='bbox 261 2163 277 2202; x_wconf 81' lang='lat' dir='ltr'><strong>a</strong></span> <span class='ocrx_word' id='word_1_270' title='bbox 291 2147 560 2219; x_wconf 78' lang='lat' dir='ltr'><strong>orogoneepiscopo</strong></span> <span class='ocrx_word' id='word_1_271' title='bbox 573 2148 674 2204; x_wconf 82' lang='lat' dir='ltr'><strong>retecta</strong></span> <span class='ocrx_word' id='word_1_272' title='bbox 688 2155 762 2215; x_wconf 85' lang='lat' dir='ltr'><strong>sunt,</strong></span> <span class='ocrx_word' id='word_1_273' title='bbox 779 2149 884 2220; x_wconf 79' lang='lat' dir='ltr'><strong>queue</strong></span> <span class='ocrx_word' id='word_1_274' title='bbox 897 2166 941 2204; x_wconf 81' lang='lat' dir='ltr'><strong>re·</strong></span> <span class='ocrx_word' id='word_1_275' title='bbox 991 2156 1036 2195; x_wconf 81' lang='lat' dir='ltr'><strong>me</strong></span> <span class='ocrx_word' id='word_1_276' title='bbox 1052 2140 1170 2198; x_wconf 83' lang='lat' dir='ltr'><strong>reddens</strong></span> <span class='ocrx_word' id='word_1_277' title='bbox 1185 2159 1234 2213; x_wconf 80' lang='lat' dir='ltr'><strong>pro</strong></span> <span class='ocrx_word' id='word_1_278' title='bbox 1251 2145 1372 2200; x_wconf 76' lang='lat' dir='ltr'><strong>reatibus</strong></span> <span class='ocrx_word' id='word_1_279' title='bbox 1398 2146 1477 2212; x_wconf 76' lang='lat' dir='ltr'><strong>meis,</strong></span> <span class='ocrx_word' id='word_1_280' title='bbox 1507 2147 1535 2201; x_wconf 87' lang='lat' dir='ltr'><strong>in</strong></span> <span class='ocrx_word' id='word_1_281' title='bbox 1557 2147 1657 2218; x_wconf 78' lang='lat' dir='ltr'><strong>quibus</strong></span> <span class='ocrx_word' id='word_1_282' title='bbox 1686 2163 1800 2219; x_wconf 75' lang='lat' dir='ltr'><strong>pecasse</strong></span> 
     </span>
     <span class='ocr_line' id='line_1_23' title="bbox 135 2232 1800 2311; baseline 0.006 -17"><span class='ocrx_word' id='word_1_283' title='bbox 135 2238 274 2295; x_wconf 79' lang='lat' dir='ltr'><strong>stitutione</strong></span> <span class='ocrx_word' id='word_1_284' title='bbox 298 2241 473 2311; x_wconf 79' lang='lat' dir='ltr'><strong>imperatoris</strong></span> <span class='ocrx_word' id='word_1_285' title='bbox 499 2241 621 2296; x_wconf 79' lang='lat' dir='ltr'><strong>omnium</strong></span> <span class='ocrx_word' id='word_1_286' title='bbox 640 2241 942 2297; x_wconf 78' lang='lat' dir='ltr'><strong>unanimitateinventa</strong></span> <span class='ocrx_word' id='word_1_287' title='bbox 991 2239 1097 2287; x_wconf 79' lang='lat' dir='ltr'><strong>secreto</strong></span> <span class='ocrx_word' id='word_1_288' title='bbox 1123 2232 1190 2304; x_wconf 83' lang='lat' dir='ltr'><strong>ipsis</strong></span> <span class='ocrx_word' id='word_1_289' title='bbox 1213 2235 1358 2292; x_wconf 73' lang='lat' dir='ltr'><strong>confessus</strong></span> <span class='ocrx_word' id='word_1_290' title='bbox 1384 2253 1454 2292; x_wconf 84' lang='lat' dir='ltr'><strong>sum.</strong></span> <span class='ocrx_word' id='word_1_291' title='bbox 1473 2236 1510 2293; x_wconf 78' lang='lat' dir='ltr'><strong>Eo</strong></span> <span class='ocrx_word' id='word_1_292' title='bbox 1540 2237 1800 2306; x_wconf 63' lang='lat' dir='ltr'><strong>ratiocinandum</strong></span> 
     </span>
     <span class='ocr_line' id='line_1_24' title="bbox 134 2323 1797 2401; baseline 0.002 -17"><span class='ocrx_word' id='word_1_293' title='bbox 134 2328 222 2384; x_wconf 84' lang='lat' dir='ltr'><strong>luere.</strong></span> <span class='ocrx_word' id='word_1_294' title='bbox 249 2328 313 2385; x_wconf 89' lang='lat' dir='ltr'><strong>Post</strong></span> <span class='ocrx_word' id='word_1_295' title='bbox 336 2330 408 2385; x_wconf 91' lang='lat' dir='ltr'><strong>banc</strong></span> <span class='ocrx_word' id='word_1_296' title='bbox 433 2331 682 2397; x_wconf 82' lang='lat' dir='ltr'><strong>annuntiationem,</strong></span> <span class='ocrx_word' id='word_1_297' title='bbox 709 2329 765 2385; x_wconf 89' lang='lat' dir='ltr'><strong>Ebo</strong></span> <span class='ocrx_word' id='word_1_298' title='bbox 792 2329 940 2386; x_wconf 86' lang='lat' dir='ltr'><strong>Remorum</strong></span> <span class='ocrx_word' id='word_1_299' title='bbox 992 2323 1044 2393; x_wconf 73' lang='lat' dir='ltr'><strong>ipsi</strong></span> <span class='ocrx_word' id='word_1_300' title='bbox 1058 2324 1113 2380; x_wconf 80' lang='lat' dir='ltr'><strong>sint</strong></span> <span class='ocrx_word' id='word_1_301' title='bbox 1127 2332 1211 2382; x_wconf 76' lang='lat' dir='ltr'><strong>testes</strong></span> <span class='ocrx_word' id='word_1_302' title='bbox 1236 2329 1283 2384; x_wconf 89' lang='lat' dir='ltr'><strong>alii</strong></span> <span class='ocrx_word' id='word_1_303' title='bbox 1312 2331 1372 2401; x_wconf 86' lang='lat' dir='ltr'><strong>[ms.</strong></span> <span class='ocrx_word' id='word_1_304' title='bbox 1400 2331 1463 2401; x_wconf 89' lang='lat' dir='ltr'><strong>alio]</strong></span> <span class='ocrx_word' id='word_1_305' title='bbox 1491 2332 1658 2387; x_wconf 88' lang='lat' dir='ltr'><strong>succedendi</strong></span> <span class='ocrx_word' id='word_1_306' title='bbox 1689 2341 1717 2388; x_wconf 93' lang='lat' dir='ltr'><strong>et</strong></span> <span class='ocrx_word' id='word_1_307' title='bbox 1732 2348 1797 2388; x_wconf 90' lang='lat' dir='ltr'><strong>con-</strong></span> 
     </span>
     <span class='ocr_line' id='line_1_25' title="bbox 133 2415 1801 2493; baseline 0.002 -20"><span class='ocrx_word' id='word_1_308' title='bbox 133 2419 290 2490; x_wconf 89' lang='lat' dir='ltr'><strong>episcopus,</strong></span> <span class='ocrx_word' id='word_1_309' title='bbox 305 2417 938 2493; x_wconf 78' lang='lat' dir='ltr'><strong>quiejusdemiactionisvelntsigniferiuerat,</strong></span> <span class='ocrx_word' id='word_1_310' title='bbox 991 2415 1118 2470; x_wconf 71' lang='lat' dir='ltr'><strong>sectandi</strong></span> <span class='ocrx_word' id='word_1_311' title='bbox 1141 2415 1169 2470; x_wconf 82' lang='lat' dir='ltr'><strong>iu</strong></span> <span class='ocrx_word' id='word_1_312' title='bbox 1195 2416 1255 2474; x_wconf 81' lang='lat' dir='ltr'><strong>loco</strong></span> <span class='ocrx_word' id='word_1_313' title='bbox 1278 2436 1351 2487; x_wconf 89' lang='lat' dir='ltr'><strong>meo,</strong></span> <span class='ocrx_word' id='word_1_314' title='bbox 1378 2421 1426 2492; x_wconf 88' lang='lat' dir='ltr'><strong>qui</strong></span> <span class='ocrx_word' id='word_1_315' title='bbox 1455 2420 1540 2493; x_wconf 81' lang='lat' dir='ltr'><strong>digne</strong></span> <span class='ocrx_word' id='word_1_316' title='bbox 1564 2436 1683 2492; x_wconf 69' lang='lat' dir='ltr'><strong>pracesse</strong></span> <span class='ocrx_word' id='word_1_317' title='bbox 1698 2431 1725 2476; x_wconf 93' lang='lat' dir='ltr'><strong>et</strong></span> <span class='ocrx_word' id='word_1_318' title='bbox 1740 2438 1801 2493; x_wconf 81' lang='lat' dir='ltr'><strong>pro</strong></span> 
     </span>
     <span class='ocr_line' id='line_1_26' title="bbox 134 2508 1799 2592; baseline 0.005 -30"><span class='ocrx_word' id='word_1_319' title='bbox 134 2509 327 2566; x_wconf 88' lang='lat' dir='ltr'><strong>conscendens</strong></span> <span class='ocrx_word' id='word_1_320' title='bbox 353 2510 481 2566; x_wconf 89' lang='lat' dir='ltr'><strong>eumdem</strong></span> <span class='ocrx_word' id='word_1_321' title='bbox 506 2511 596 2568; x_wconf 78' lang='lat' dir='ltr'><strong>locum</strong></span> <span class='ocrx_word' id='word_1_322' title='bbox 620 2513 668 2569; x_wconf 81' lang='lat' dir='ltr'><strong>ubi</strong></span> <span class='ocrx_word' id='word_1_323' title='bbox 700 2515 790 2592; x_wconf 74' lang='lat' dir='ltr'><strong>[trogo</strong></span> <span class='ocrx_word' id='word_1_324' title='bbox 817 2523 939 2585; x_wconf 61' lang='lat' dir='ltr'><strong>steterat,</strong></span> <span class='ocrx_word' id='word_1_325' title='bbox 991 2508 1071 2563; x_wconf 89' lang='lat' dir='ltr'><strong>desse</strong></span> <span class='ocrx_word' id='word_1_326' title='bbox 1095 2511 1181 2581; x_wconf 86' lang='lat' dir='ltr'><strong>possit</strong></span> <span class='ocrx_word' id='word_1_327' title='bbox 1208 2512 1341 2580; x_wconf 86' lang='lat' dir='ltr'><strong>ecclesiae,</strong></span> <span class='ocrx_word' id='word_1_328' title='bbox 1375 2514 1419 2569; x_wconf 92' lang='lat' dir='ltr'><strong>cni</strong></span> <span class='ocrx_word' id='word_1_329' title='bbox 1436 2514 1713 2588; x_wconf 85' lang='lat' dir='ltr'><strong>hactenusindignus</strong></span> <span class='ocrx_word' id='word_1_330' title='bbox 1728 2531 1799 2586; x_wconf 85' lang='lat' dir='ltr'><strong>pnn-</strong></span> 
     </span>
     <span class='ocr_line' id='line_1_27' title="bbox 133 2597 1800 2680; baseline 0.001 -23"><span class='ocrx_word' id='word_1_331' title='bbox 133 2616 224 2657; x_wconf 88' lang='lat' dir='ltr'><strong>coram</strong></span> <span class='ocrx_word' id='word_1_332' title='bbox 249 2599 380 2655; x_wconf 90' lang='lat' dir='ltr'><strong>omnibus</strong></span> <span class='ocrx_word' id='word_1_333' title='bbox 405 2598 546 2671; x_wconf 79' lang='lat' dir='ltr'><strong>professus</strong></span> <span class='ocrx_word' id='word_1_334' title='bbox 571 2609 613 2659; x_wconf 88' lang='lat' dir='ltr'><strong>est</strong></span> <span class='ocrx_word' id='word_1_335' title='bbox 632 2606 761 2661; x_wconf 89' lang='lat' dir='ltr'><strong>eumdem</strong></span> <span class='ocrx_word' id='word_1_336' title='bbox 789 2606 939 2680; x_wconf 78' lang='lat' dir='ltr'><strong>Augustum</strong></span> <span class='ocrx_word' id='word_1_337' title='bbox 992 2597 1041 2652; x_wconf 89' lang='lat' dir='ltr'><strong>lui.</strong></span> <span class='ocrx_word' id='word_1_338' title='bbox 1062 2598 1103 2666; x_wconf 86' lang='lat' dir='ltr'><strong>Et,</strong></span> <span class='ocrx_word' id='word_1_339' title='bbox 1133 2606 1163 2655; x_wconf 93' lang='lat' dir='ltr'><strong>ut</strong></span> <span class='ocrx_word' id='word_1_340' title='bbox 1190 2600 1255 2655; x_wconf 90' lang='lat' dir='ltr'><strong>inde</strong></span> <span class='ocrx_word' id='word_1_341' title='bbox 1274 2602 1347 2656; x_wconf 88' lang='lat' dir='ltr'><strong>ultra</strong></span> <span class='ocrx_word' id='word_1_342' title='bbox 1386 2601 1490 2656; x_wconf 92' lang='lat' dir='ltr'><strong>nullam</strong></span> <span class='ocrx_word' id='word_1_343' title='bbox 1517 2603 1724 2673; x_wconf 85' lang='lat' dir='ltr'><strong>repetitionem,</strong></span> <span class='ocrx_word' id='word_1_344' title='bbox 1753 2610 1800 2658; x_wconf 90' lang='lat' dir='ltr'><strong>aut</strong></span> 
     </span>
     <span class='ocr_line' id='line_1_28' title="bbox 135 2689 1797 2767; baseline 0.002 -23"><span class='ocrx_word' id='word_1_345' title='bbox 135 2689 236 2759; x_wconf 85' lang='lat' dir='ltr'><strong>injuste</strong></span> <span class='ocrx_word' id='word_1_346' title='bbox 251 2689 418 2760; x_wconf 89' lang='lat' dir='ltr'><strong>depositum,</strong></span> <span class='ocrx_word' id='word_1_347' title='bbox 435 2697 462 2745; x_wconf 92' lang='lat' dir='ltr'><strong>et</strong></span> <span class='ocrx_word' id='word_1_348' title='bbox 476 2692 570 2746; x_wconf 92' lang='lat' dir='ltr'><strong>omnia</strong></span> <span class='ocrx_word' id='word_1_349' title='bbox 582 2709 643 2764; x_wconf 84' lang='lat' dir='ltr'><strong>quae</strong></span> <span class='ocrx_word' id='word_1_350' title='bbox 666 2694 798 2749; x_wconf 86' lang='lat' dir='ltr'><strong>adversus</strong></span> <span class='ocrx_word' id='word_1_351' title='bbox 813 2711 875 2751; x_wconf 92' lang='lat' dir='ltr'><strong>eum</strong></span> <span class='ocrx_word' id='word_1_352' title='bbox 895 2711 941 2767; x_wconf 93' lang='lat' dir='ltr'><strong>pa·</strong></span> <span class='ocrx_word' id='word_1_353' title='bbox 991 2691 1243 2763; x_wconf 87' lang='lat' dir='ltr'><strong>interpellationem</strong></span> <span class='ocrx_word' id='word_1_354' title='bbox 1256 2694 1418 2749; x_wconf 89' lang='lat' dir='ltr'><strong>auctoritate</strong></span> <span class='ocrx_word' id='word_1_355' title='bbox 1433 2694 1566 2750; x_wconf 89' lang='lat' dir='ltr'><strong>canonica</strong></span> <span class='ocrx_word' id='word_1_356' title='bbox 1579 2693 1669 2750; x_wconf 86' lang='lat' dir='ltr'><strong>lacero</strong></span> <span class='ocrx_word' id='word_1_357' title='bbox 1679 2695 1797 2762; x_wconf 82' lang='lat' dir='ltr'><strong>ualeam,</strong></span> 
     </span>
     <span class='ocr_line' id='line_1_29' title="bbox 133 2778 1798 2858; baseline 0.003 -23"><span class='ocrx_word' id='word_1_358' title='bbox 133 2787 203 2836; x_wconf 89' lang='lat' dir='ltr'><strong>trata</strong></span> <span class='ocrx_word' id='word_1_359' title='bbox 228 2778 346 2842; x_wconf 87' lang='lat' dir='ltr'><strong>lucrant,</strong></span> <span class='ocrx_word' id='word_1_360' title='bbox 363 2779 468 2850; x_wconf 87' lang='lat' dir='ltr'><strong>inique,</strong></span> <span class='ocrx_word' id='word_1_361' title='bbox 495 2785 522 2834; x_wconf 95' lang='lat' dir='ltr'><strong>et</strong></span> <span class='ocrx_word' id='word_1_362' title='bbox 543 2789 638 2838; x_wconf 91' lang='lat' dir='ltr'><strong>contra</strong></span> <span class='ocrx_word' id='word_1_363' title='bbox 657 2782 741 2840; x_wconf 88' lang='lat' dir='ltr'><strong>totins</strong></span> <span class='ocrx_word' id='word_1_364' title='bbox 769 2783 940 2839; x_wconf 86' lang='lat' dir='ltr'><strong>auctoritatis</strong></span> <span class='ocrx_word' id='word_1_365' title='bbox 990 2799 1073 2838; x_wconf 89' lang='lat' dir='ltr'><strong>manu</strong></span> <span class='ocrx_word' id='word_1_366' title='bbox 1087 2786 1196 2857; x_wconf 88' lang='lat' dir='ltr'><strong>propria</strong></span> <span class='ocrx_word' id='word_1_367' title='bbox 1215 2802 1276 2842; x_wconf 85' lang='lat' dir='ltr'><strong>mea</strong></span> <span class='ocrx_word' id='word_1_368' title='bbox 1301 2786 1478 2841; x_wconf 87' lang='lat' dir='ltr'><strong>subscribens</strong></span> <span class='ocrx_word' id='word_1_369' title='bbox 1501 2786 1616 2842; x_wconf 86' lang='lat' dir='ltr'><strong>linnavi.</strong></span> <span class='ocrx_word' id='word_1_370' title='bbox 1636 2786 1798 2858; x_wconf 83' lang='lat' dir='ltr'><strong>Eboquon·</strong></span> 
     </span>
     <span class='ocr_line' id='line_1_30' title="bbox 133 2872 1447 2950; baseline 0.005 -22"><span class='ocrx_word' id='word_1_371' title='bbox 133 2872 270 2928; x_wconf 91' lang='lat' dir='ltr'><strong>tramitem</strong></span> <span class='ocrx_word' id='word_1_372' title='bbox 297 2872 382 2928; x_wconf 87' lang='lat' dir='ltr'><strong>luisse</strong></span> <span class='ocrx_word' id='word_1_373' title='bbox 410 2874 576 2941; x_wconf 89' lang='lat' dir='ltr'><strong>machinata,</strong></span> <span class='ocrx_word' id='word_1_374' title='bbox 604 2877 702 2933; x_wconf 90' lang='lat' dir='ltr'><strong>merito</strong></span> <span class='ocrx_word' id='word_1_375' title='bbox 727 2877 855 2950; x_wconf 73' lang='lat' dir='ltr'><strong>iusteque</strong></span> <span class='ocrx_word' id='word_1_376' title='bbox 875 2892 940 2948; x_wconf 94' lang='lat' dir='ltr'><strong>pro·</strong></span> <span class='ocrx_word' id='word_1_377' title='bbox 991 2877 1053 2932; x_wconf 91' lang='lat' dir='ltr'><strong>darn</strong></span> <span class='ocrx_word' id='word_1_378' title='bbox 1067 2879 1214 2950; x_wconf 88' lang='lat' dir='ltr'><strong>episcopus</strong></span> <span class='ocrx_word' id='word_1_379' title='bbox 1229 2879 1389 2950; x_wconf 86' lang='lat' dir='ltr'><strong>subscripsi.</strong></span> <span class='ocrx_word' id='word_1_380' title='bbox 1403 2882 1447 2948; x_wconf 74' lang='lat'><strong>†»</strong></span> 
     </span>
    </p>

    <p class='ocr_par' dir='ltr' id='par_1_12' title="bbox 118 2961 1798 5684">
     <span class='ocr_line' id='line_1_31' title="bbox 133 2961 1798 3042; baseline 0.003 -25"><span class='ocrx_word' id='word_1_381' title='bbox 133 2963 194 3034; x_wconf 92' lang='lat' dir='ltr'><strong>prio</strong></span> <span class='ocrx_word' id='word_1_382' title='bbox 207 2962 317 3033; x_wconf 90' lang='lat' dir='ltr'><strong>imperii</strong></span> <span class='ocrx_word' id='word_1_383' title='bbox 336 2961 406 3018; x_wconf 92' lang='lat' dir='ltr'><strong>solio</strong></span> <span class='ocrx_word' id='word_1_384' title='bbox 433 2963 621 3021; x_wconf 78' lang='lat' dir='ltr'><strong>reformatum.</strong></span> <span class='ocrx_word' id='word_1_385' title='bbox 638 2966 670 3022; x_wconf 83' lang='lat' dir='ltr'><strong>Et</strong></span> <span class='ocrx_word' id='word_1_386' title='bbox 682 2967 722 3024; x_wconf 92' lang='lat' dir='ltr'><strong>sic</strong></span> <span class='ocrx_word' id='word_1_387' title='bbox 735 2967 865 3024; x_wconf 88' lang='lat' dir='ltr'><strong>omnibus</strong></span> <span class='ocrx_word' id='word_1_388' title='bbox 878 2969 936 3025; x_wconf 90' lang='lat' dir='ltr'><strong>lau·</strong></span> <span class='ocrx_word' id='word_1_389' title='bbox 1026 2969 1058 3024; x_wconf 81' lang='lat' dir='ltr'><strong>lit</strong></span> <span class='ocrx_word' id='word_1_390' title='bbox 1072 2976 1103 3024; x_wconf 94' lang='lat' dir='ltr'><strong>ut</strong></span> <span class='ocrx_word' id='word_1_391' title='bbox 1116 2969 1210 3025; x_wconf 91' lang='lat' dir='ltr'><strong>omnia</strong></span> <span class='ocrx_word' id='word_1_392' title='bbox 1241 2968 1394 3024; x_wconf 86' lang='lat' dir='ltr'><strong>secundnm</strong></span> <span class='ocrx_word' id='word_1_393' title='bbox 1423 2969 1499 3042; x_wconf 75' lang='lat' dir='ltr'><strong>leges</strong></span> <span class='ocrx_word' id='word_1_394' title='bbox 1523 2966 1798 3038; x_wconf 89' lang='lat' dir='ltr'><strong>quibusmoderatur</strong></span> 
     </span>
     <span class='ocr_line' id='line_1_32' title="bbox 133 3055 1795 3135; baseline 0.003 -26"><span class='ocrx_word' id='word_1_395' title='bbox 133 3055 183 3112; x_wconf 88' lang='lat' dir='ltr'><strong>des</strong></span> <span class='ocrx_word' id='word_1_396' title='bbox 196 3055 252 3112; x_wconf 84' lang='lat' dir='ltr'><strong>lieo</strong></span> <span class='ocrx_word' id='word_1_397' title='bbox 259 3056 435 3124; x_wconf 90' lang='lat' dir='ltr'><strong>canentibus,</strong></span> <span class='ocrx_word' id='word_1_398' title='bbox 453 3064 482 3113; x_wconf 91' lang='lat' dir='ltr'><strong>et</strong></span> <span class='ocrx_word' id='word_1_399' title='bbox 502 3072 563 3128; x_wconf 85' lang='lat' dir='ltr'><strong>quoe</strong></span> <span class='ocrx_word' id='word_1_400' title='bbox 585 3065 652 3116; x_wconf 92' lang='lat' dir='ltr'><strong>tunc</strong></span> <span class='ocrx_word' id='word_1_401' title='bbox 670 3060 774 3116; x_wconf 85' lang='lat' dir='ltr'><strong>ibidem</strong></span> <span class='ocrx_word' id='word_1_402' title='bbox 790 3060 900 3118; x_wconf 87' lang='lat' dir='ltr'><strong>inerant</strong></span> <span class='ocrx_word' id='word_1_403' title='bbox 913 3063 976 3133; x_wconf 77' lang='lat' dir='ltr'><strong>ac</strong></span> <span class='ocrx_word' id='word_1_404' title='bbox 992 3060 1123 3128; x_wconf 83' lang='lat' dir='ltr'><strong>Ecclesia,</strong></span> <span class='ocrx_word' id='word_1_405' title='bbox 1140 3061 1167 3115; x_wconf 91' lang='lat' dir='ltr'><strong>in</strong></span> <span class='ocrx_word' id='word_1_406' title='bbox 1180 3061 1288 3131; x_wconf 77' lang='lat' dir='ltr'><strong>synodo</strong></span> <span class='ocrx_word' id='word_1_407' title='bbox 1302 3060 1426 3135; x_wconf 81' lang='lat' dir='ltr'><strong>legaliter</strong></span> <span class='ocrx_word' id='word_1_408' title='bbox 1441 3060 1615 3130; x_wconf 89' lang='lat' dir='ltr'><strong>adimpleret,</strong></span> <span class='ocrx_word' id='word_1_409' title='bbox 1635 3059 1719 3114; x_wconf 92' lang='lat' dir='ltr'><strong>simul</strong></span> <span class='ocrx_word' id='word_1_410' title='bbox 1734 3076 1795 3115; x_wconf 93' lang='lat' dir='ltr'><strong>cum</strong></span> 
     </span>
     <span class='ocr_line' id='line_1_33' title="bbox 133 3147 1795 3223; baseline -0.002 -20"><span class='ocrx_word' id='word_1_411' title='bbox 133 3147 224 3223; x_wconf 83' lang='lat' dir='ltr'><strong>ganda</strong></span> <span class='ocrx_word' id='word_1_412' title='bbox 251 3148 380 3218; x_wconf 89' lang='lat' dir='ltr'><strong>peractis,</strong></span> <span class='ocrx_word' id='word_1_413' title='bbox 402 3149 437 3204; x_wconf 91' lang='lat' dir='ltr'><strong>ad</strong></span> <span class='ocrx_word' id='word_1_414' title='bbox 473 3149 630 3207; x_wconf 84' lang='lat' dir='ltr'><strong>Theodonis</strong></span> <span class='ocrx_word' id='word_1_415' title='bbox 668 3152 739 3208; x_wconf 82' lang='lat' dir='ltr'><strong>uillae</strong></span> <span class='ocrx_word' id='word_1_416' title='bbox 769 3149 939 3215; x_wconf 77' lang='lat' dir='ltr'><strong>lTbionoillcl</strong></span> <span class='ocrx_word' id='word_1_417' title='bbox 990 3148 1041 3213; x_wconf 90' lang='lat' dir='ltr'><strong>eis,</strong></span> <span class='ocrx_word' id='word_1_418' title='bbox 1057 3147 1400 3220; x_wconf 77' lang='lat' dir='ltr'><strong>quossecundumtliricnt</strong></span> <span class='ocrx_word' id='word_1_419' title='bbox 1415 3148 1564 3219; x_wconf 80' lang='lat' dir='ltr'><strong>provinciae</strong></span> <span class='ocrx_word' id='word_1_420' title='bbox 1579 3148 1795 3215; x_wconf 73' lang='lat' dir='ltr'><strong>canoneslcon.</strong></span> 
     </span>
     <span class='ocr_line' id='line_1_34' title="bbox 131 3240 1796 3317; baseline -0.001 -20"><span class='ocrx_word' id='word_1_421' title='bbox 131 3242 262 3312; x_wconf 85' lang='lat' dir='ltr'><strong>palatium</strong></span> <span class='ocrx_word' id='word_1_422' title='bbox 274 3243 390 3314; x_wconf 73' lang='lat' dir='ltr'><strong>regressi</strong></span> <span class='ocrx_word' id='word_1_423' title='bbox 406 3248 479 3309; x_wconf 90' lang='lat' dir='ltr'><strong>sunt,</strong></span> <span class='ocrx_word' id='word_1_424' title='bbox 496 3242 590 3316; x_wconf 88' lang='lat' dir='ltr'><strong>ibique</strong></span> <span class='ocrx_word' id='word_1_425' title='bbox 607 3243 842 3299; x_wconf 89' lang='lat' dir='ltr'><strong>llildemannusin</strong></span> <span class='ocrx_word' id='word_1_426' title='bbox 853 3256 939 3315; x_wconf 84' lang='lat' dir='ltr'><strong>syno-</strong></span> <span class='ocrx_word' id='word_1_427' title='bbox 989 3240 1033 3312; x_wconf 82' lang='lat'><strong>63)</strong></span> <span class='ocrx_word' id='word_1_428' title='bbox 1047 3241 1153 3317; x_wconf 79' lang='lat' dir='ltr'><strong>legerat</strong></span> <span class='ocrx_word' id='word_1_429' title='bbox 1174 3242 1225 3298; x_wconf 90' lang='lat' dir='ltr'><strong>sibi</strong></span> <span class='ocrx_word' id='word_1_430' title='bbox 1238 3242 1357 3310; x_wconf 86' lang='lat' dir='ltr'><strong>judices,</strong></span> <span class='ocrx_word' id='word_1_431' title='bbox 1372 3243 1481 3296; x_wconf 91' lang='lat' dir='ltr'><strong>dicente</strong></span> <span class='ocrx_word' id='word_1_432' title='bbox 1493 3240 1622 3311; x_wconf 82' lang='lat' dir='ltr'><strong>dpostolo</strong></span> <span class='ocrx_word' id='word_1_433' title='bbox 1636 3257 1643 3293; x_wconf 78' lang='lat' dir='ltr'><strong>t</strong></span> <span class='ocrx_word' id='word_1_434' title='bbox 1655 3242 1796 3296; x_wconf 80' lang='lat' dir='ltr'><strong>Aduersus</strong></span> 
     </span>
     <span class='ocr_line' id='line_1_35' title="bbox 132 3331 1795 3410; baseline -0.002 -21"><span class='ocrx_word' id='word_1_435' title='bbox 132 3335 168 3390; x_wconf 95' lang='lat' dir='ltr'><strong>do</strong></span> <span class='ocrx_word' id='word_1_436' title='bbox 179 3348 303 3405; x_wconf 86' lang='lat' dir='ltr'><strong>praesens</strong></span> <span class='ocrx_word' id='word_1_437' title='bbox 320 3349 379 3388; x_wconf 91' lang='lat' dir='ltr'><strong>sea</strong></span> <span class='ocrx_word' id='word_1_438' title='bbox 398 3334 536 3389; x_wconf 86' lang='lat' dir='ltr'><strong>calumnia</strong></span> <span class='ocrx_word' id='word_1_439' title='bbox 563 3334 616 3390; x_wconf 90' lang='lat' dir='ltr'><strong>sibi</strong></span> <span class='ocrx_word' id='word_1_440' title='bbox 642 3334 761 3405; x_wconf 88' lang='lat' dir='ltr'><strong>impacta</strong></span> <span class='ocrx_word' id='word_1_441' title='bbox 775 3334 940 3410; x_wconf 80' lang='lat' dir='ltr'><strong>regulariter</strong></span> <span class='ocrx_word' id='word_1_442' title='bbox 985 3332 1172 3401; x_wconf 73' lang='lat' dir='ltr'><strong>presbyterum</strong></span> <span class='ocrx_word' id='word_1_443' title='bbox 1186 3334 1381 3387; x_wconf 78' lang='lat' dir='ltr'><strong>accusationem</strong></span> <span class='ocrx_word' id='word_1_444' title='bbox 1390 3333 1447 3387; x_wconf 85' lang='lat' dir='ltr'><strong>noti</strong></span> <span class='ocrx_word' id='word_1_445' title='bbox 1459 3333 1584 3400; x_wconf 83' lang='lat' dir='ltr'><strong>recipcre,</strong></span> <span class='ocrx_word' id='word_1_446' title='bbox 1596 3331 1652 3384; x_wconf 88' lang='lat' dir='ltr'><strong>nisi</strong></span> <span class='ocrx_word' id='word_1_447' title='bbox 1663 3331 1714 3386; x_wconf 80' lang='lat' dir='ltr'><strong>satb</strong></span> <span class='ocrx_word' id='word_1_448' title='bbox 1727 3332 1795 3385; x_wconf 86' lang='lat' dir='ltr'><strong>duo-</strong></span> 
     </span>
     <span class='ocr_line' id='line_1_36' title="bbox 130 3417 1796 3497; baseline -0.005 -15"><span class='ocrx_word' id='word_1_449' title='bbox 130 3441 246 3492; x_wconf 89' lang='lat' dir='ltr'><strong>exuens,</strong></span> <span class='ocrx_word' id='word_1_450' title='bbox 276 3424 408 3482; x_wconf 85' lang='lat' dir='ltr'><strong>satisfecit</strong></span> <span class='ocrx_word' id='word_1_451' title='bbox 433 3426 550 3497; x_wconf 84' lang='lat' dir='ltr'><strong>synodo,</strong></span> <span class='ocrx_word' id='word_1_452' title='bbox 564 3432 593 3481; x_wconf 93' lang='lat' dir='ltr'><strong>et</strong></span> <span class='ocrx_word' id='word_1_453' title='bbox 618 3440 669 3496; x_wconf 89' lang='lat' dir='ltr'><strong>per</strong></span> <span class='ocrx_word' id='word_1_454' title='bbox 688 3440 748 3480; x_wconf 85' lang='lat' dir='ltr'><strong>eam</strong></span> <span class='ocrx_word' id='word_1_455' title='bbox 764 3424 937 3497; x_wconf 88' lang='lat' dir='ltr'><strong>imperatori.</strong></span> <span class='ocrx_word' id='word_1_456' title='bbox 989 3421 1037 3476; x_wconf 77' lang='lat' dir='ltr'><strong>bats</strong></span> <span class='ocrx_word' id='word_1_457' title='bbox 1054 3421 1192 3476; x_wconf 63' lang='lat' dir='ltr'><strong>cetratos</strong></span> <span class='ocrx_word' id='word_1_458' title='bbox 1207 3422 1318 3476; x_wconf 83' lang='lat' dir='ltr'><strong>testibus</strong></span> <span class='ocrx_word' id='word_1_459' title='bbox 1345 3423 1369 3484; x_wconf 86' lang='grc'><strong>(1</strong></span> <span class='ocrx_word' id='word_1_460' title='bbox 1387 3423 1456 3476; x_wconf 84' lang='lat' dir='ltr'><strong>Tim.</strong></span> <span class='ocrx_word' id='word_1_461' title='bbox 1473 3419 1599 3488; x_wconf 82' lang='lat' dir='ltr'><strong>v,19)ut</strong></span> <span class='ocrx_word' id='word_1_462' title='bbox 1618 3417 1646 3471; x_wconf 93' lang='lat' dir='ltr'><strong>in</strong></span> <span class='ocrx_word' id='word_1_463' title='bbox 1662 3433 1712 3473; x_wconf 89' lang='lat' dir='ltr'><strong>ore</strong></span> <span class='ocrx_word' id='word_1_464' title='bbox 1728 3418 1796 3474; x_wconf 94' lang='lat' dir='ltr'><strong>duo-</strong></span> 
     </span>
     <span class='ocr_line' id='line_1_37' title="bbox 129 3510 1794 3591; baseline -0.004 -19"><span class='ocrx_word' id='word_1_465' title='bbox 129 3517 187 3574; x_wconf 83' lang='lat' dir='ltr'><strong>llbo</strong></span> <span class='ocrx_word' id='word_1_466' title='bbox 198 3533 265 3574; x_wconf 86' lang='lat' dir='ltr'><strong>vero</strong></span> <span class='ocrx_word' id='word_1_467' title='bbox 278 3519 305 3572; x_wconf 92' lang='lat' dir='ltr'><strong>in</strong></span> <span class='ocrx_word' id='word_1_468' title='bbox 321 3518 418 3572; x_wconf 86' lang='lat' dir='ltr'><strong>eadem</strong></span> <span class='ocrx_word' id='word_1_469' title='bbox 445 3514 552 3589; x_wconf 77' lang='lat' dir='ltr'><strong>synodo</strong></span> <span class='ocrx_word' id='word_1_470' title='bbox 571 3531 694 3585; x_wconf 83' lang='lat' dir='ltr'><strong>praesens</strong></span> <span class='ocrx_word' id='word_1_471' title='bbox 722 3515 757 3570; x_wconf 89' lang='lat' dir='ltr'><strong>ab</strong></span> <span class='ocrx_word' id='word_1_472' title='bbox 770 3515 937 3591; x_wconf 81' lang='lat' dir='ltr'><strong>imperatore</strong></span> <span class='ocrx_word' id='word_1_473' title='bbox 988 3526 1048 3567; x_wconf 90' lang='lat' dir='ltr'><strong>rum</strong></span> <span class='ocrx_word' id='word_1_474' title='bbox 1062 3513 1104 3566; x_wconf 85' lang='lat' dir='ltr'><strong>rel</strong></span> <span class='ocrx_word' id='word_1_475' title='bbox 1120 3512 1201 3567; x_wconf 93' lang='lat' dir='ltr'><strong>trium</strong></span> <span class='ocrx_word' id='word_1_476' title='bbox 1226 3512 1335 3567; x_wconf 93' lang='lat' dir='ltr'><strong>testium</strong></span> <span class='ocrx_word' id='word_1_477' title='bbox 1354 3519 1492 3567; x_wconf 85' lang='lat' dir='ltr'><strong>constaret</strong></span> <span class='ocrx_word' id='word_1_478' title='bbox 1515 3510 1597 3565; x_wconf 89' lang='lat' dir='ltr'><strong>ctiam</strong></span> <span class='ocrx_word' id='word_1_479' title='bbox 1610 3525 1667 3565; x_wconf 86' lang='lat' dir='ltr'><strong>suae</strong></span> <span class='ocrx_word' id='word_1_480' title='bbox 1683 3525 1794 3566; x_wconf 89' lang='lat' dir='ltr'><strong>accusa-</strong></span> 
     </span>
     <span class='ocr_line' id='line_1_38' title="bbox 129 3602 1796 3682; baseline 0 -24"><span class='ocrx_word' id='word_1_481' title='bbox 129 3616 264 3679; x_wconf 75' lang='lat' dir='ltr'><strong>praesente</strong></span> <span class='ocrx_word' id='word_1_482' title='bbox 289 3616 431 3667; x_wconf 74' lang='lat' dir='ltr'><strong>accusatus</strong></span> <span class='ocrx_word' id='word_1_483' title='bbox 462 3618 515 3678; x_wconf 73' lang='lat' dir='ltr'><strong>est,</strong></span> <span class='ocrx_word' id='word_1_484' title='bbox 544 3611 618 3682; x_wconf 79' lang='lat' dir='ltr'><strong>quod</strong></span> <span class='ocrx_word' id='word_1_485' title='bbox 652 3627 715 3666; x_wconf 78' lang='lat' dir='ltr'><strong>eum</strong></span> <span class='ocrx_word' id='word_1_486' title='bbox 751 3611 820 3668; x_wconf 69' lang='lat' dir='ltr'><strong>salso</strong></span> <span class='ocrx_word' id='word_1_487' title='bbox 849 3611 937 3670; x_wconf 67' lang='lat' dir='ltr'><strong>fuerat</strong></span> <span class='ocrx_word' id='word_1_488' title='bbox 987 3603 1081 3671; x_wconf 90' lang='lat' dir='ltr'><strong>tionis,</strong></span> <span class='ocrx_word' id='word_1_489' title='bbox 1094 3613 1124 3661; x_wconf 91' lang='lat' dir='ltr'><strong>et</strong></span> <span class='ocrx_word' id='word_1_490' title='bbox 1136 3605 1242 3661; x_wconf 88' lang='lat' dir='ltr'><strong>utalius</strong></span> <span class='ocrx_word' id='word_1_491' title='bbox 1256 3623 1286 3663; x_wconf 89' lang='lat' dir='ltr'><strong>se</strong></span> <span class='ocrx_word' id='word_1_492' title='bbox 1318 3602 1610 3663; x_wconf 88' lang='lat' dir='ltr'><strong>sacerdotiodeluncto</strong></span> <span class='ocrx_word' id='word_1_493' title='bbox 1625 3603 1650 3657; x_wconf 89' lang='lat' dir='ltr'><strong>ei</strong></span> <span class='ocrx_word' id='word_1_494' title='bbox 1666 3604 1796 3659; x_wconf 90' lang='lat' dir='ltr'><strong>succede·</strong></span> 
     </span>
     <span class='ocr_line' id='line_1_39' title="bbox 129 3695 1796 3773; baseline 0 -23"><span class='ocrx_word' id='word_1_495' title='bbox 129 3696 301 3767; x_wconf 88' lang='lat' dir='ltr'><strong>criminatus,</strong></span> <span class='ocrx_word' id='word_1_496' title='bbox 326 3709 354 3755; x_wconf 91' lang='lat' dir='ltr'><strong>et</strong></span> <span class='ocrx_word' id='word_1_497' title='bbox 373 3698 479 3755; x_wconf 88' lang='lat' dir='ltr'><strong>eisdem</strong></span> <span class='ocrx_word' id='word_1_498' title='bbox 504 3699 580 3754; x_wconf 82' lang='lat' dir='ltr'><strong>falsis</strong></span> <span class='ocrx_word' id='word_1_499' title='bbox 604 3699 768 3756; x_wconf 88' lang='lat' dir='ltr'><strong>criminibus</strong></span> <span class='ocrx_word' id='word_1_500' title='bbox 784 3703 935 3773; x_wconf 90' lang='lat' dir='ltr'><strong>appetitum</strong></span> <span class='ocrx_word' id='word_1_501' title='bbox 987 3704 1038 3763; x_wconf 86' lang='lat' dir='ltr'><strong>ret,</strong></span> <span class='ocrx_word' id='word_1_502' title='bbox 1055 3697 1256 3756; x_wconf 86' lang='lat' dir='ltr'><strong>testificationis</strong></span> <span class='ocrx_word' id='word_1_503' title='bbox 1270 3699 1383 3754; x_wconf 81' lang='lat' dir='ltr'><strong>uerbum</strong></span> <span class='ocrx_word' id='word_1_504' title='bbox 1409 3699 1515 3762; x_wconf 77' lang='lat' dir='ltr'><strong>[blattis.</strong></span> <span class='ocrx_word' id='word_1_505' title='bbox 1530 3712 1608 3762; x_wconf 79' lang='lat' dir='ltr'><strong>uuirt,</strong></span> <span class='ocrx_word' id='word_1_506' title='bbox 1624 3695 1683 3766; x_wconf 87' lang='lat' dir='ltr'><strong>tc),</strong></span> <span class='ocrx_word' id='word_1_507' title='bbox 1701 3696 1796 3752; x_wconf 83' lang='lat' dir='ltr'><strong>asciuit</strong></span> 
     </span>
     <span class='ocr_line' id='line_1_40' title="bbox 129 3788 1792 3863; baseline 0.002 -23"><span class='ocrx_word' id='word_1_508' title='bbox 129 3800 252 3860; x_wconf 80' lang='lat' dir='ltr'><strong>aregno</strong></span> <span class='ocrx_word' id='word_1_509' title='bbox 281 3789 432 3859; x_wconf 72' lang='lat' dir='ltr'><strong>deiecerat,</strong></span> <span class='ocrx_word' id='word_1_510' title='bbox 461 3791 601 3863; x_wconf 82' lang='lat' dir='ltr'><strong>armisque</strong></span> <span class='ocrx_word' id='word_1_511' title='bbox 625 3791 660 3846; x_wconf 88' lang='lat' dir='ltr'><strong>ab</strong></span> <span class='ocrx_word' id='word_1_512' title='bbox 688 3807 722 3847; x_wconf 93' lang='lat' dir='ltr'><strong>eo</strong></span> <span class='ocrx_word' id='word_1_513' title='bbox 749 3791 858 3859; x_wconf 89' lang='lat' dir='ltr'><strong>ablatis,</strong></span> <span class='ocrx_word' id='word_1_514' title='bbox 884 3809 937 3849; x_wconf 91' lang='lat' dir='ltr'><strong>nec</strong></span> <span class='ocrx_word' id='word_1_515' title='bbox 986 3802 1014 3846; x_wconf 91' lang='lat' dir='ltr'><strong>et</strong></span> <span class='ocrx_word' id='word_1_516' title='bbox 1029 3791 1098 3847; x_wconf 89' lang='lat' dir='ltr'><strong>alios</strong></span> <span class='ocrx_word' id='word_1_517' title='bbox 1112 3801 1168 3848; x_wconf 91' lang='lat' dir='ltr'><strong>tres</strong></span> <span class='ocrx_word' id='word_1_518' title='bbox 1182 3793 1338 3863; x_wconf 89' lang='lat' dir='ltr'><strong>episcopos,</strong></span> <span class='ocrx_word' id='word_1_519' title='bbox 1354 3789 1478 3846; x_wconf 89' lang='lat' dir='ltr'><strong>veritatis</strong></span> <span class='ocrx_word' id='word_1_520' title='bbox 1491 3788 1586 3844; x_wconf 89' lang='lat' dir='ltr'><strong>desua</strong></span> <span class='ocrx_word' id='word_1_521' title='bbox 1604 3789 1792 3855; x_wconf 87' lang='lat' dir='ltr'><strong>accusatione,</strong></span> 
     </span>
     <span class='ocr_line' id='line_1_41' title="bbox 127 3879 1792 3955; baseline -0.001 -19"><span class='ocrx_word' id='word_1_522' title='bbox 127 3881 295 3951; x_wconf 79' lang='lat' dir='ltr'><strong>consessum,</strong></span> <span class='ocrx_word' id='word_1_523' title='bbox 317 3900 368 3940; x_wconf 90' lang='lat' dir='ltr'><strong>nec</strong></span> <span class='ocrx_word' id='word_1_524' title='bbox 382 3884 549 3949; x_wconf 84' lang='lat' dir='ltr'><strong>convictum,</strong></span> <span class='ocrx_word' id='word_1_525' title='bbox 565 3888 660 3938; x_wconf 87' lang='lat' dir='ltr'><strong>contra</strong></span> <span class='ocrx_word' id='word_1_526' title='bbox 675 3882 786 3955; x_wconf 80' lang='lat' dir='ltr'><strong>regulas</strong></span> <span class='ocrx_word' id='word_1_527' title='bbox 798 3883 934 3939; x_wconf 90' lang='lat' dir='ltr'><strong>ecclesia·</strong></span> <span class='ocrx_word' id='word_1_528' title='bbox 985 3895 1013 3940; x_wconf 90' lang='lat' dir='ltr'><strong>et</strong></span> <span class='ocrx_word' id='word_1_529' title='bbox 1026 3883 1219 3940; x_wconf 78' lang='lat' dir='ltr'><strong>testificatione</strong></span> <span class='ocrx_word' id='word_1_530' title='bbox 1242 3881 1369 3938; x_wconf 91' lang='lat' dir='ltr'><strong>conscios</strong></span> <span class='ocrx_word' id='word_1_531' title='bbox 1397 3881 1425 3934; x_wconf 89' lang='lat' dir='ltr'><strong>in</strong></span> <span class='ocrx_word' id='word_1_532' title='bbox 1448 3879 1635 3935; x_wconf 90' lang='lat' dir='ltr'><strong>testimonium</strong></span> <span class='ocrx_word' id='word_1_533' title='bbox 1655 3893 1713 3934; x_wconf 82' lang='lat' dir='ltr'><strong>suae</strong></span> <span class='ocrx_word' id='word_1_534' title='bbox 1729 3894 1792 3950; x_wconf 94' lang='lat' dir='ltr'><strong>pro·</strong></span> 
     </span>
     <span class='ocr_line' id='line_1_42' title="bbox 127 3970 1794 4044; baseline -0.001 -17"><span class='ocrx_word' id='word_1_535' title='bbox 127 3970 211 4027; x_wconf 86' lang='lat' dir='ltr'><strong>sticas</strong></span> <span class='ocrx_word' id='word_1_536' title='bbox 225 3972 261 4026; x_wconf 88' lang='lat' dir='ltr'><strong>ab</strong></span> <span class='ocrx_word' id='word_1_537' title='bbox 283 3973 407 4030; x_wconf 82' lang='lat' dir='ltr'><strong>ecclesiae</strong></span> <span class='ocrx_word' id='word_1_538' title='bbox 422 3975 497 4031; x_wconf 92' lang='lat' dir='ltr'><strong>aditu</strong></span> <span class='ocrx_word' id='word_1_539' title='bbox 519 3990 551 4030; x_wconf 92' lang='lat' dir='ltr'><strong>ac</strong></span> <span class='ocrx_word' id='word_1_540' title='bbox 565 3973 781 4030; x_wconf 83' lang='lat' dir='ltr'><strong>Christianorum</strong></span> <span class='ocrx_word' id='word_1_541' title='bbox 802 3976 935 4031; x_wconf 87' lang='lat' dir='ltr'><strong>societate</strong></span> <span class='ocrx_word' id='word_1_542' title='bbox 985 3975 1124 4044; x_wconf 85' lang='lat' dir='ltr'><strong>sessionis,</strong></span> <span class='ocrx_word' id='word_1_543' title='bbox 1135 3975 1336 4032; x_wconf 76' lang='lat' dir='ltr'><strong>Theodericum</strong></span> <span class='ocrx_word' id='word_1_544' title='bbox 1345 3973 1451 4028; x_wconf 90' lang='lat' dir='ltr'><strong>scilicet</strong></span> <span class='ocrx_word' id='word_1_545' title='bbox 1463 3971 1634 4042; x_wconf 89' lang='lat' dir='ltr'><strong>episcopum,</strong></span> <span class='ocrx_word' id='word_1_546' title='bbox 1651 3977 1678 4025; x_wconf 91' lang='lat' dir='ltr'><strong>et</strong></span> <span class='ocrx_word' id='word_1_547' title='bbox 1692 3971 1794 4026; x_wconf 81' lang='lat' dir='ltr'><strong>Acbar-</strong></span> 
     </span>
     <span class='ocr_line' id='line_1_43' title="bbox 129 4059 1791 4138; baseline -0.002 -21"><span class='ocrx_word' id='word_1_548' title='bbox 129 4061 331 4131; x_wconf 85' lang='lat' dir='ltr'><strong>eliminaverat,</strong></span> <span class='ocrx_word' id='word_1_549' title='bbox 351 4066 422 4121; x_wconf 91' lang='lat' dir='ltr'><strong>sicut</strong></span> <span class='ocrx_word' id='word_1_550' title='bbox 448 4073 477 4120; x_wconf 92' lang='lat' dir='ltr'><strong>et</strong></span> <span class='ocrx_word' id='word_1_551' title='bbox 503 4064 575 4120; x_wconf 91' lang='lat' dir='ltr'><strong>idem</strong></span> <span class='ocrx_word' id='word_1_552' title='bbox 604 4066 707 4135; x_wconf 89' lang='lat' dir='ltr'><strong>scripto</strong></span> <span class='ocrx_word' id='word_1_553' title='bbox 731 4064 933 4136; x_wconf 88' lang='lat' dir='ltr'><strong>subscriptione</strong></span> <span class='ocrx_word' id='word_1_554' title='bbox 985 4069 1049 4123; x_wconf 90' lang='lat' dir='ltr'><strong>dnm</strong></span> <span class='ocrx_word' id='word_1_555' title='bbox 1064 4067 1224 4138; x_wconf 89' lang='lat' dir='ltr'><strong>episcopum</strong></span> <span class='ocrx_word' id='word_1_556' title='bbox 1251 4064 1404 4120; x_wconf 89' lang='lat' dir='ltr'><strong>dioeceseos</strong></span> <span class='ocrx_word' id='word_1_557' title='bbox 1429 4076 1497 4128; x_wconf 76' lang='lat' dir='ltr'><strong>suar,</strong></span> <span class='ocrx_word' id='word_1_558' title='bbox 1523 4067 1551 4115; x_wconf 86' lang='lat' dir='ltr'><strong>et</strong></span> <span class='ocrx_word' id='word_1_559' title='bbox 1570 4059 1726 4115; x_wconf 89' lang='lat' dir='ltr'><strong>Notbonem</strong></span> <span class='ocrx_word' id='word_1_560' title='bbox 1742 4077 1791 4114; x_wconf 87' lang='lat' dir='ltr'><strong>ar-</strong></span> 
     </span>
     <span class='ocr_line' id='line_1_44' title="bbox 128 4153 1793 4230; baseline -0.001 -21"><span class='ocrx_word' id='word_1_561' title='bbox 128 4169 178 4210; x_wconf 88' lang='lat' dir='ltr'><strong>sua</strong></span> <span class='ocrx_word' id='word_1_562' title='bbox 200 4155 339 4224; x_wconf 90' lang='lat' dir='ltr'><strong>roborato,</strong></span> <span class='ocrx_word' id='word_1_563' title='bbox 359 4164 387 4213; x_wconf 93' lang='lat' dir='ltr'><strong>et</strong></span> <span class='ocrx_word' id='word_1_564' title='bbox 411 4157 504 4214; x_wconf 86' lang='lat' dir='ltr'><strong>verbis</strong></span> <span class='ocrx_word' id='word_1_565' title='bbox 525 4174 616 4214; x_wconf 91' lang='lat' dir='ltr'><strong>coram</strong></span> <span class='ocrx_word' id='word_1_566' title='bbox 644 4158 775 4213; x_wconf 91' lang='lat' dir='ltr'><strong>omnibus</strong></span> <span class='ocrx_word' id='word_1_567' title='bbox 791 4157 932 4228; x_wconf 88' lang='lat' dir='ltr'><strong>proicssus</strong></span> <span class='ocrx_word' id='word_1_568' title='bbox 983 4160 1199 4230; x_wconf 85' lang='lat' dir='ltr'><strong>cbiepiscoputn.</strong></span> <span class='ocrx_word' id='word_1_569' title='bbox 1218 4157 1250 4211; x_wconf 81' lang='lat' dir='ltr'><strong>Et</strong></span> <span class='ocrx_word' id='word_1_570' title='bbox 1264 4157 1303 4212; x_wconf 92' lang='lat' dir='ltr'><strong>sic</strong></span> <span class='ocrx_word' id='word_1_571' title='bbox 1317 4157 1375 4227; x_wconf 79' lang='lat' dir='ltr'><strong>ipse</strong></span> <span class='ocrx_word' id='word_1_572' title='bbox 1391 4154 1543 4226; x_wconf 80' lang='lat' dir='ltr'><strong>professus,</strong></span> <span class='ocrx_word' id='word_1_573' title='bbox 1558 4158 1585 4206; x_wconf 91' lang='lat' dir='ltr'><strong>et</strong></span> <span class='ocrx_word' id='word_1_574' title='bbox 1601 4153 1793 4223; x_wconf 84' lang='lat' dir='ltr'><strong>sexepiscopis</strong></span> 
     </span>
     <span class='ocr_line' id='line_1_45' title="bbox 127 4242 1793 4321; baseline -0.003 -19"><span class='ocrx_word' id='word_1_575' title='bbox 127 4246 932 4321; x_wconf 83' lang='lat' dir='ltr'><strong>iuerat.Etcumessentaliaetiamcrimina,dequibuspost</strong></span> <span class='ocrx_word' id='word_1_576' title='bbox 983 4246 1212 4318; x_wconf 81' lang='lat' dir='ltr'><strong>suaeproiessioni</strong></span> <span class='ocrx_word' id='word_1_577' title='bbox 1240 4246 1443 4312; x_wconf 89' lang='lat' dir='ltr'><strong>attestantibus,</strong></span> <span class='ocrx_word' id='word_1_578' title='bbox 1472 4252 1502 4300; x_wconf 90' lang='lat' dir='ltr'><strong>ut</strong></span> <span class='ocrx_word' id='word_1_579' title='bbox 1514 4243 1702 4316; x_wconf 81' lang='lat' dir='ltr'><strong>praediximus,</strong></span> <span class='ocrx_word' id='word_1_580' title='bbox 1718 4242 1793 4297; x_wconf 91' lang='lat' dir='ltr'><strong>libel·</strong></span> 
     </span>
     <span class='ocr_line' id='line_1_46' title="bbox 126 4333 1792 4410; baseline -0.001 -20"><span class='ocrx_word' id='word_1_581' title='bbox 126 4333 199 4394; x_wconf 88' lang='lat' dir='ltr'><strong>banc</strong></span> <span class='ocrx_word' id='word_1_582' title='bbox 217 4340 431 4402; x_wconf 89' lang='lat' dir='ltr'><strong>accusationem,</strong></span> <span class='ocrx_word' id='word_1_583' title='bbox 451 4339 623 4394; x_wconf 84' lang='lat' dir='ltr'><strong>accusandus</strong></span> <span class='ocrx_word' id='word_1_584' title='bbox 637 4345 705 4404; x_wconf 89' lang='lat' dir='ltr'><strong>erat,</strong></span> <span class='ocrx_word' id='word_1_585' title='bbox 722 4344 752 4393; x_wconf 86' lang='lat' dir='ltr'><strong>ct</strong></span> <span class='ocrx_word' id='word_1_586' title='bbox 772 4336 808 4392; x_wconf 91' lang='lat' dir='ltr'><strong>de</strong></span> <span class='ocrx_word' id='word_1_587' title='bbox 831 4339 932 4409; x_wconf 87' lang='lat' dir='ltr'><strong>quibus</strong></span> <span class='ocrx_word' id='word_1_588' title='bbox 981 4338 1037 4393; x_wconf 93' lang='lat' dir='ltr'><strong>lum</strong></span> <span class='ocrx_word' id='word_1_589' title='bbox 1051 4338 1157 4410; x_wconf 82' lang='lat' dir='ltr'><strong>synodo</strong></span> <span class='ocrx_word' id='word_1_590' title='bbox 1171 4339 1302 4409; x_wconf 86' lang='lat' dir='ltr'><strong>porrexit,</strong></span> <span class='ocrx_word' id='word_1_591' title='bbox 1313 4338 1463 4408; x_wconf 90' lang='lat' dir='ltr'><strong>cunctique</strong></span> <span class='ocrx_word' id='word_1_592' title='bbox 1476 4335 1611 4408; x_wconf 89' lang='lat' dir='ltr'><strong>episcopi,</strong></span> <span class='ocrx_word' id='word_1_593' title='bbox 1626 4335 1674 4406; x_wconf 88' lang='lat' dir='ltr'><strong>qui</strong></span> <span class='ocrx_word' id='word_1_594' title='bbox 1686 4336 1792 4405; x_wconf 77' lang='lat' dir='ltr'><strong>synodo</strong></span> 
     </span>
     <span class='ocr_line' id='line_1_47' title="bbox 125 4421 1790 4502; baseline -0.004 -21"><span class='ocrx_word' id='word_1_595' title='bbox 125 4427 198 4498; x_wconf 86' lang='lat' dir='ltr'><strong>apud</strong></span> <span class='ocrx_word' id='word_1_596' title='bbox 213 4429 408 4502; x_wconf 90' lang='lat' dir='ltr'><strong>imperatorem</strong></span> <span class='ocrx_word' id='word_1_597' title='bbox 432 4431 488 4499; x_wconf 86' lang='lat' dir='ltr'><strong>jnm</strong></span> <span class='ocrx_word' id='word_1_598' title='bbox 517 4436 598 4486; x_wconf 85' lang='lat' dir='ltr'><strong>autea</strong></span> <span class='ocrx_word' id='word_1_599' title='bbox 626 4428 715 4484; x_wconf 90' lang='lat' dir='ltr'><strong>iuerat</strong></span> <span class='ocrx_word' id='word_1_600' title='bbox 736 4437 890 4498; x_wconf 86' lang='lat' dir='ltr'><strong>accusatus,</strong></span> <span class='ocrx_word' id='word_1_601' title='bbox 905 4426 1180 4500; x_wconf 84' lang='lat' dir='ltr'><strong>etDinterluerunt,</strong></span> <span class='ocrx_word' id='word_1_602' title='bbox 1205 4427 1355 4500; x_wconf 83' lang='lat' dir='ltr'><strong>singilatim</strong></span> <span class='ocrx_word' id='word_1_603' title='bbox 1383 4443 1414 4483; x_wconf 87' lang='lat' dir='ltr'><strong>ac</strong></span> <span class='ocrx_word' id='word_1_604' title='bbox 1440 4425 1539 4480; x_wconf 85' lang='lat' dir='ltr'><strong>viritim</strong></span> <span class='ocrx_word' id='word_1_605' title='bbox 1568 4424 1701 4479; x_wconf 83' lang='lat' dir='ltr'><strong>dixerunt</strong></span> <span class='ocrx_word' id='word_1_606' title='bbox 1728 4421 1790 4476; x_wconf 89' lang='lat' dir='ltr'><strong>illi:</strong></span> 
     </span>
     <span class='ocr_line' id='line_1_48' title="bbox 125 4513 1790 4595; baseline -0.001 -26"><span class='ocrx_word' id='word_1_607' title='bbox 125 4529 181 4572; x_wconf 93' lang='lat' dir='ltr'><strong>non</strong></span> <span class='ocrx_word' id='word_1_608' title='bbox 196 4519 480 4595; x_wconf 86' lang='lat' dir='ltr'><strong>canonicepurgatus,</strong></span> <span class='ocrx_word' id='word_1_609' title='bbox 495 4518 599 4575; x_wconf 89' lang='lat' dir='ltr'><strong>sicutet</strong></span> <span class='ocrx_word' id='word_1_610' title='bbox 609 4518 726 4590; x_wconf 89' lang='lat' dir='ltr'><strong>epistola</strong></span> <span class='ocrx_word' id='word_1_611' title='bbox 738 4519 931 4591; x_wconf 90' lang='lat' dir='ltr'><strong>episcoporum</strong></span> <span class='ocrx_word' id='word_1_612' title='bbox 982 4517 1139 4574; x_wconf 92' lang='lat' dir='ltr'><strong>Secundum</strong></span> <span class='ocrx_word' id='word_1_613' title='bbox 1164 4526 1240 4572; x_wconf 92' lang='lat' dir='ltr'><strong>tuam</strong></span> <span class='ocrx_word' id='word_1_614' title='bbox 1267 4517 1468 4588; x_wconf 77' lang='lat' dir='ltr'><strong>professionem</strong></span> <span class='ocrx_word' id='word_1_615' title='bbox 1507 4521 1535 4570; x_wconf 93' lang='lat' dir='ltr'><strong>et</strong></span> <span class='ocrx_word' id='word_1_616' title='bbox 1560 4513 1790 4584; x_wconf 89' lang='lat' dir='ltr'><strong>subscriptionem</strong></span> 
     </span>
     <span class='ocr_line' id='line_1_49' title="bbox 125 4608 1789 4686; baseline -0.001 -23"><span class='ocrx_word' id='word_1_617' title='bbox 125 4609 160 4663; x_wconf 88' lang='lat' dir='ltr'><strong>ad</strong></span> <span class='ocrx_word' id='word_1_618' title='bbox 174 4609 298 4686; x_wconf 81' lang='lat' dir='ltr'><strong>Sergium</strong></span> <span class='ocrx_word' id='word_1_619' title='bbox 324 4625 422 4682; x_wconf 90' lang='lat' dir='ltr'><strong>papam</strong></span> <span class='ocrx_word' id='word_1_620' title='bbox 451 4609 632 4677; x_wconf 89' lang='lat' dir='ltr'><strong>demonstrat,</strong></span> <span class='ocrx_word' id='word_1_621' title='bbox 660 4616 688 4664; x_wconf 93' lang='lat' dir='ltr'><strong>et</strong></span> <span class='ocrx_word' id='word_1_622' title='bbox 702 4624 751 4678; x_wconf 93' lang='lat' dir='ltr'><strong>pro</strong></span> <span class='ocrx_word' id='word_1_623' title='bbox 766 4611 930 4681; x_wconf 87' lang='lat' dir='ltr'><strong>quibusdam</strong></span> <span class='ocrx_word' id='word_1_624' title='bbox 982 4625 1059 4667; x_wconf 88' lang='lat' dir='ltr'><strong>cessa</strong></span> <span class='ocrx_word' id='word_1_625' title='bbox 1074 4627 1089 4665; x_wconf 91' lang='lat' dir='ltr'><strong>a</strong></span> <span class='ocrx_word' id='word_1_626' title='bbox 1104 4609 1267 4665; x_wconf 83' lang='lat' dir='ltr'><strong>ministerio.</strong></span> <span class='ocrx_word' id='word_1_627' title='bbox 1285 4609 1416 4665; x_wconf 85' lang='lat' dir='ltr'><strong>Etcoram</strong></span> <span class='ocrx_word' id='word_1_628' title='bbox 1432 4610 1561 4666; x_wconf 90' lang='lat' dir='ltr'><strong>omnibus</strong></span> <span class='ocrx_word' id='word_1_629' title='bbox 1576 4609 1648 4663; x_wconf 92' lang='lat' dir='ltr'><strong>banc</strong></span> <span class='ocrx_word' id='word_1_630' title='bbox 1664 4608 1789 4664; x_wconf 87' lang='lat' dir='ltr'><strong>notitiam</strong></span> 
     </span>
     <span class='ocr_line' id='line_1_50' title="bbox 125 4700 1792 4774; baseline 0 -18"><span class='ocrx_word' id='word_1_631' title='bbox 125 4715 221 4758; x_wconf 90' lang='lat' dir='ltr'><strong>eorum</strong></span> <span class='ocrx_word' id='word_1_632' title='bbox 248 4705 391 4761; x_wconf 88' lang='lat' dir='ltr'><strong>exstiterat</strong></span> <span class='ocrx_word' id='word_1_633' title='bbox 422 4719 438 4759; x_wconf 92' lang='lat' dir='ltr'><strong>a</strong></span> <span class='ocrx_word' id='word_1_634' title='bbox 464 4704 582 4760; x_wconf 90' lang='lat' dir='ltr'><strong>consilio</strong></span> <span class='ocrx_word' id='word_1_635' title='bbox 609 4704 783 4774; x_wconf 88' lang='lat' dir='ltr'><strong>imperatoris</strong></span> <span class='ocrx_word' id='word_1_636' title='bbox 815 4704 929 4774; x_wconf 87' lang='lat' dir='ltr'><strong>ejectus,</strong></span> <span class='ocrx_word' id='word_1_637' title='bbox 981 4702 1215 4773; x_wconf 86' lang='lat' dir='ltr'><strong>cumpraescripto</strong></span> <span class='ocrx_word' id='word_1_638' title='bbox 1240 4702 1333 4758; x_wconf 87' lang='lat' dir='ltr'><strong>libello</strong></span> <span class='ocrx_word' id='word_1_639' title='bbox 1360 4703 1530 4772; x_wconf 88' lang='lat' dir='ltr'><strong>temporibus</strong></span> <span class='ocrx_word' id='word_1_640' title='bbox 1558 4700 1656 4756; x_wconf 91' lang='lat' dir='ltr'><strong>iuturis</strong></span> <span class='ocrx_word' id='word_1_641' title='bbox 1678 4715 1792 4757; x_wconf 88' lang='lat' dir='ltr'><strong>conser-</strong></span> 
     </span>
     <span class='ocr_line' id='line_1_51' title="bbox 124 4790 1789 4867; baseline 0 -21"><span class='ocrx_word' id='word_1_642' title='bbox 124 4805 185 4862; x_wconf 84' lang='lat' dir='ltr'><strong>quae</strong></span> <span class='ocrx_word' id='word_1_643' title='bbox 209 4793 345 4864; x_wconf 80' lang='lat' dir='ltr'><strong>patefacta</strong></span> <span class='ocrx_word' id='word_1_644' title='bbox 372 4793 487 4850; x_wconf 82' lang='lat' dir='ltr'><strong>ueritate</strong></span> <span class='ocrx_word' id='word_1_645' title='bbox 515 4808 618 4867; x_wconf 82' lang='lat' dir='ltr'><strong>negare</strong></span> <span class='ocrx_word' id='word_1_646' title='bbox 633 4809 689 4848; x_wconf 93' lang='lat' dir='ltr'><strong>non</strong></span> <span class='ocrx_word' id='word_1_647' title='bbox 718 4792 835 4858; x_wconf 83' lang='lat' dir='ltr'><strong>valebat,</strong></span> <span class='ocrx_word' id='word_1_648' title='bbox 852 4794 931 4864; x_wconf 89' lang='lat' dir='ltr'><strong>petiit</strong></span> <span class='ocrx_word' id='word_1_649' title='bbox 981 4792 1109 4861; x_wconf 85' lang='lat' dir='ltr'><strong>vandum,</strong></span> <span class='ocrx_word' id='word_1_650' title='bbox 1125 4792 1209 4847; x_wconf 83' lang='lat' dir='ltr'><strong>lonas</strong></span> <span class='ocrx_word' id='word_1_651' title='bbox 1224 4793 1371 4864; x_wconf 90' lang='lat' dir='ltr'><strong>episcopus</strong></span> <span class='ocrx_word' id='word_1_652' title='bbox 1385 4790 1651 4865; x_wconf 82' lang='lat' dir='ltr'><strong>Heliaenotario(qui</strong></span> <span class='ocrx_word' id='word_1_653' title='bbox 1666 4790 1789 4847; x_wconf 88' lang='lat' dir='ltr'><strong>libellum</strong></span> 
     </span>
     <span class='ocr_line' id='line_1_52' title="bbox 122 4880 1792 4958; baseline -0.001 -20"><span class='ocrx_word' id='word_1_654' title='bbox 122 4897 274 4955; x_wconf 90' lang='lat' dir='ltr'><strong>secessum,</strong></span> <span class='ocrx_word' id='word_1_655' title='bbox 302 4896 334 4944; x_wconf 90' lang='lat' dir='ltr'><strong>ut</strong></span> <span class='ocrx_word' id='word_1_656' title='bbox 347 4887 407 4943; x_wconf 90' lang='lat' dir='ltr'><strong>sine</strong></span> <span class='ocrx_word' id='word_1_657' title='bbox 422 4886 570 4958; x_wconf 84' lang='lat' dir='ltr'><strong>praesentia</strong></span> <span class='ocrx_word' id='word_1_658' title='bbox 600 4886 774 4956; x_wconf 88' lang='lat' dir='ltr'><strong>imperatoris</strong></span> <span class='ocrx_word' id='word_1_659' title='bbox 794 4884 890 4941; x_wconf 86' lang='lat' dir='ltr'><strong>liceret</strong></span> <span class='ocrx_word' id='word_1_660' title='bbox 904 4888 929 4942; x_wconf 85' lang='lat' dir='ltr'><strong>oi</strong></span> <span class='ocrx_word' id='word_1_661' title='bbox 981 4881 1081 4937; x_wconf 83' lang='lat' dir='ltr'><strong>libonis</strong></span> <span class='ocrx_word' id='word_1_662' title='bbox 1096 4884 1254 4956; x_wconf 89' lang='lat' dir='ltr'><strong>scripserat,</strong></span> <span class='ocrx_word' id='word_1_663' title='bbox 1271 4883 1315 4938; x_wconf 92' lang='lat' dir='ltr'><strong>cui</strong></span> <span class='ocrx_word' id='word_1_664' title='bbox 1331 4882 1405 4937; x_wconf 89' lang='lat' dir='ltr'><strong>idem</strong></span> <span class='ocrx_word' id='word_1_665' title='bbox 1423 4881 1478 4936; x_wconf 70' lang='lat' dir='ltr'><strong>libo</strong></span> <span class='ocrx_word' id='word_1_666' title='bbox 1493 4880 1671 4952; x_wconf 87' lang='lat' dir='ltr'><strong>subscripsit,</strong></span> <span class='ocrx_word' id='word_1_667' title='bbox 1690 4897 1792 4936; x_wconf 92' lang='lat' dir='ltr'><strong>secun·</strong></span> 
     </span>
     <span class='ocr_line' id='line_1_53' title="bbox 121 4971 1791 5052; baseline 0.003 -27"><span class='ocrx_word' id='word_1_668' title='bbox 121 4971 148 5026; x_wconf 92' lang='lat' dir='ltr'><strong>in</strong></span> <span class='ocrx_word' id='word_1_669' title='bbox 169 4976 275 5045; x_wconf 78' lang='lat' dir='ltr'><strong>synodo</strong></span> <span class='ocrx_word' id='word_1_670' title='bbox 290 4976 482 5048; x_wconf 90' lang='lat' dir='ltr'><strong>episcoporum</strong></span> <span class='ocrx_word' id='word_1_671' title='bbox 501 4991 578 5030; x_wconf 87' lang='lat' dir='ltr'><strong>suam</strong></span> <span class='ocrx_word' id='word_1_672' title='bbox 614 4990 698 5050; x_wconf 84' lang='lat' dir='ltr'><strong>agere</strong></span> <span class='ocrx_word' id='word_1_673' title='bbox 713 4990 835 5030; x_wconf 70' lang='lat' dir='ltr'><strong>canmm.</strong></span> <span class='ocrx_word' id='word_1_674' title='bbox 851 4975 929 5040; x_wconf 73' lang='lat' dir='ltr'><strong>Quod</strong></span> <span class='ocrx_word' id='word_1_675' title='bbox 981 4979 1045 5034; x_wconf 91' lang='lat' dir='ltr'><strong>dum</strong></span> <span class='ocrx_word' id='word_1_676' title='bbox 1056 4978 1316 5052; x_wconf 83' lang='lat' dir='ltr'><strong>quinquagesimum</strong></span> <span class='ocrx_word' id='word_1_677' title='bbox 1328 4991 1431 5031; x_wconf 92' lang='lat' dir='ltr'><strong>nonum</strong></span> <span class='ocrx_word' id='word_1_678' title='bbox 1442 4972 1603 5044; x_wconf 89' lang='lat' dir='ltr'><strong>capitulum,</strong></span> <span class='ocrx_word' id='word_1_679' title='bbox 1620 4973 1730 5027; x_wconf 89' lang='lat' dir='ltr'><strong>etitem</strong></span> <span class='ocrx_word' id='word_1_680' title='bbox 1747 4989 1791 5030; x_wconf 91' lang='lat' dir='ltr'><strong>se·</strong></span> 
     </span>
     <span class='ocr_line' id='line_1_54' title="bbox 121 5058 1790 5143; baseline -0.006 -12"><span class='ocrx_word' id='word_1_681' title='bbox 121 5058 261 5133; x_wconf 86' lang='lat' dir='ltr'><strong>obtinens,</strong></span> <span class='ocrx_word' id='word_1_682' title='bbox 277 5065 439 5120; x_wconf 74' lang='lat' dir='ltr'><strong>⁰011V⁰⁰³Vii</strong></span> <span class='ocrx_word' id='word_1_683' title='bbox 468 5065 501 5119; x_wconf 71' lang='lat' dir='ltr'><strong>ad</strong></span> <span class='ocrx_word' id='word_1_684' title='bbox 530 5080 560 5119; x_wconf 66' lang='lat' dir='ltr'><strong>Si</strong></span> <span class='ocrx_word' id='word_1_685' title='bbox 587 5064 719 5135; x_wconf 89' lang='lat' dir='ltr'><strong>quosdam</strong></span> <span class='ocrx_word' id='word_1_686' title='bbox 734 5063 889 5135; x_wconf 66' lang='grc' dir='ltr'><strong>ΘΡῙθθθΡθῦ,</strong></span> <span class='ocrx_word' id='word_1_687' title='bbox 903 5074 930 5121; x_wconf 68' lang='lat' dir='ltr'><strong>el</strong></span> <span class='ocrx_word' id='word_1_688' title='bbox 980 5073 1101 5129; x_wconf 92' lang='lat' dir='ltr'><strong>cundum</strong></span> <span class='ocrx_word' id='word_1_689' title='bbox 1117 5071 1267 5143; x_wconf 87' lang='lat' dir='ltr'><strong>capitulum</strong></span> <span class='ocrx_word' id='word_1_690' title='bbox 1290 5068 1524 5140; x_wconf 86' lang='lat' dir='ltr'><strong>septuagesimum</strong></span> <span class='ocrx_word' id='word_1_691' title='bbox 1538 5073 1665 5139; x_wconf 78' lang='lat' dir='ltr'><strong>quiartum</strong></span> <span class='ocrx_word' id='word_1_692' title='bbox 1679 5066 1790 5122; x_wconf 89' lang='lat' dir='ltr'><strong>concilii</strong></span> 
     </span>
     <span class='ocr_line' id='line_1_55' title="bbox 121 5152 1791 5232; baseline 0.002 -26"><span class='ocrx_word' id='word_1_693' title='bbox 121 5152 198 5211; x_wconf 92' lang='lat' dir='ltr'><strong>nullo</strong></span> <span class='ocrx_word' id='word_1_694' title='bbox 212 5165 340 5232; x_wconf 83' lang='lat' dir='ltr'><strong>cogente,</strong></span> <span class='ocrx_word' id='word_1_695' title='bbox 356 5157 405 5213; x_wconf 89' lang='lat' dir='ltr'><strong>sed</strong></span> <span class='ocrx_word' id='word_1_696' title='bbox 421 5158 532 5229; x_wconf 91' lang='lat' dir='ltr'><strong>propria</strong></span> <span class='ocrx_word' id='word_1_697' title='bbox 544 5166 654 5230; x_wconf 87' lang='lat' dir='ltr'><strong>sponte,</strong></span> <span class='ocrx_word' id='word_1_698' title='bbox 665 5160 817 5214; x_wconf 85' lang='lat' dir='ltr'><strong>secundum</strong></span> <span class='ocrx_word' id='word_1_699' title='bbox 832 5175 928 5216; x_wconf 90' lang='lat' dir='ltr'><strong>eorum</strong></span> <span class='ocrx_word' id='word_1_700' title='bbox 980 5161 1107 5224; x_wconf 79' lang='lat' dir='ltr'><strong>diricanit</strong></span> <span class='ocrx_word' id='word_1_701' title='bbox 1123 5176 1174 5231; x_wconf 93' lang='lat' dir='ltr'><strong>pro</strong></span> <span class='ocrx_word' id='word_1_702' title='bbox 1188 5157 1317 5214; x_wconf 88' lang='lat' dir='ltr'><strong>omnibns</strong></span> <span class='ocrx_word' id='word_1_703' title='bbox 1346 5158 1458 5214; x_wconf 83' lang='lat' dir='ltr'><strong>dictauit</strong></span> <span class='ocrx_word' id='word_1_704' title='bbox 1473 5173 1480 5209; x_wconf 91' lang='lat'>:</span> <span class='ocrx_word' id='word_1_705' title='bbox 1497 5164 1524 5211; x_wconf 93' lang='lat' dir='ltr'><strong>et</strong></span> <span class='ocrx_word' id='word_1_706' title='bbox 1537 5155 1609 5210; x_wconf 90' lang='lat' dir='ltr'><strong>idem</strong></span> <span class='ocrx_word' id='word_1_707' title='bbox 1627 5154 1721 5210; x_wconf 83' lang='lat' dir='ltr'><strong>ilelias</strong></span> <span class='ocrx_word' id='word_1_708' title='bbox 1733 5156 1791 5210; x_wconf 81' lang='lat' dir='ltr'><strong>baec</strong></span> 
     </span>
     <span class='ocr_line' id='line_1_56' title="bbox 120 5242 1791 5320; baseline -0.001 -22"><span class='ocrx_word' id='word_1_709' title='bbox 120 5242 266 5301; x_wconf 90' lang='lat' dir='ltr'><strong>consilium</strong></span> <span class='ocrx_word' id='word_1_710' title='bbox 282 5247 457 5319; x_wconf 86' lang='lat' dir='ltr'><strong>sequentinm</strong></span> <span class='ocrx_word' id='word_1_711' title='bbox 475 5245 631 5302; x_wconf 79' lang='lat' dir='ltr'><strong>Africanum</strong></span> <span class='ocrx_word' id='word_1_712' title='bbox 647 5247 805 5314; x_wconf 91' lang='lat' dir='ltr'><strong>concilium,</strong></span> <span class='ocrx_word' id='word_1_713' title='bbox 821 5257 851 5303; x_wconf 94' lang='lat' dir='ltr'><strong>ut</strong></span> <span class='ocrx_word' id='word_1_714' title='bbox 865 5265 929 5320; x_wconf 88' lang='lat' dir='ltr'><strong>par·</strong></span> <span class='ocrx_word' id='word_1_715' title='bbox 979 5263 1040 5320; x_wconf 84' lang='lat' dir='ltr'><strong>quae</strong></span> <span class='ocrx_word' id='word_1_716' title='bbox 1065 5253 1219 5319; x_wconf 89' lang='lat' dir='ltr'><strong>sequnntur</strong></span> <span class='ocrx_word' id='word_1_717' title='bbox 1253 5245 1416 5316; x_wconf 90' lang='lat' dir='ltr'><strong>conscripsit</strong></span> <span class='ocrx_word' id='word_1_718' title='bbox 1520 5245 1584 5297; x_wconf 79' lang='lat' dir='ltr'><strong>Acta</strong></span> <span class='ocrx_word' id='word_1_719' title='bbox 1612 5253 1653 5298; x_wconf 91' lang='lat' dir='ltr'><strong>est</strong></span> <span class='ocrx_word' id='word_1_720' title='bbox 1688 5243 1791 5299; x_wconf 75' lang='lat' dir='ltr'><strong>libonis</strong></span> 
     </span>
     <span class='ocr_line' id='line_1_57' title="bbox 120 5331 1791 5415; baseline 0.009 -26"><span class='ocrx_word' id='word_1_721' title='bbox 120 5343 230 5391; x_wconf 84' lang='lat' dir='ltr'><strong>seretur</strong></span> <span class='ocrx_word' id='word_1_722' title='bbox 245 5338 332 5410; x_wconf 89' lang='lat' dir='ltr'><strong>ipsius</strong></span> <span class='ocrx_word' id='word_1_723' title='bbox 346 5338 530 5406; x_wconf 83' lang='lat' dir='ltr'><strong>verecundiae,</strong></span> <span class='ocrx_word' id='word_1_724' title='bbox 559 5355 591 5394; x_wconf 90' lang='lat' dir='ltr'><strong>ac</strong></span> <span class='ocrx_word' id='word_1_725' title='bbox 614 5331 726 5411; x_wconf 88' lang='lat' dir='ltr'><strong>propter</strong></span> <span class='ocrx_word' id='word_1_726' title='bbox 738 5342 862 5397; x_wconf 82' lang='lat' dir='ltr'><strong>ecclesiae</strong></span> <span class='ocrx_word' id='word_1_727' title='bbox 877 5358 929 5415; x_wconf 90' lang='lat' dir='ltr'><strong>op·</strong></span> <span class='ocrx_word' id='word_1_728' title='bbox 979 5336 1126 5407; x_wconf 67' lang='grc' dir='ltr'>Ρῐθῐθθὸὶῠ,</span> <span class='ocrx_word' id='word_1_729' title='bbox 1140 5335 1254 5405; x_wconf 64' lang='lat' dir='ltr'><strong>eiusque</strong></span> <span class='ocrx_word' id='word_1_730' title='bbox 1270 5333 1388 5404; x_wconf 65' lang='lat' dir='ltr'><strong>lii0llsiae</strong></span> <span class='ocrx_word' id='word_1_731' title='bbox 1407 5347 1505 5386; x_wconf 63' lang='lat' dir='ltr'><strong>minus</strong></span> <span class='ocrx_word' id='word_1_732' title='bbox 1523 5332 1727 5402; x_wconf 90' lang='lat' dir='ltr'><strong>subscriptione</strong></span> <span class='ocrx_word' id='word_1_733' title='bbox 1745 5348 1791 5388; x_wconf 71' lang='grc' dir='ltr'><strong>ΓΟ·</strong></span> 
     </span>
     <span class='ocr_line' id='line_1_58' title="bbox 120 5419 1789 5504; baseline -0.003 -24"><span class='ocrx_word' id='word_1_734' title='bbox 120 5430 261 5501; x_wconf 86' lang='lat' dir='ltr'><strong>probrium</strong></span> <span class='ocrx_word' id='word_1_735' title='bbox 284 5437 312 5487; x_wconf 82' lang='lat' dir='ltr'><strong>et</strong></span> <span class='ocrx_word' id='word_1_736' title='bbox 327 5431 492 5488; x_wconf 75' lang='lat' dir='ltr'><strong>insolentem</strong></span> <span class='ocrx_word' id='word_1_737' title='bbox 522 5433 728 5489; x_wconf 80' lang='lat' dir='ltr'><strong>insultationem</strong></span> <span class='ocrx_word' id='word_1_738' title='bbox 744 5434 926 5504; x_wconf 62' lang='lat' dir='ltr'><strong>saecularium,</strong></span> <span class='ocrx_word' id='word_1_739' title='bbox 978 5425 1074 5480; x_wconf 85' lang='lat' dir='ltr'><strong>borata</strong></span> <span class='ocrx_word' id='word_1_740' title='bbox 1087 5425 1115 5480; x_wconf 89' lang='lat' dir='ltr'><strong>in</strong></span> <span class='ocrx_word' id='word_1_741' title='bbox 1130 5432 1269 5480; x_wconf 79' lang='lat' dir='ltr'><strong>contentu</strong></span> <span class='ocrx_word' id='word_1_742' title='bbox 1283 5421 1409 5493; x_wconf 78' lang='lat' dir='ltr'><strong>synodali</strong></span> <span class='ocrx_word' id='word_1_743' title='bbox 1422 5421 1592 5496; x_wconf 78' lang='lat' dir='ltr'><strong>generaliter</strong></span> <span class='ocrx_word' id='word_1_744' title='bbox 1605 5419 1698 5476; x_wconf 81' lang='lat' dir='ltr'><strong>habito</strong></span> <span class='ocrx_word' id='word_1_745' title='bbox 1715 5420 1789 5492; x_wconf 84' lang='lat' dir='ltr'><strong>apud</strong></span> 
     </span>
     <span class='ocr_line' id='line_1_59' title="bbox 119 5513 1790 5597; baseline -0.004 -22"><span class='ocrx_word' id='word_1_746' title='bbox 119 5535 155 5576; x_wconf 94' lang='lat' dir='ltr'><strong>ne</strong></span> <span class='ocrx_word' id='word_1_747' title='bbox 168 5519 289 5597; x_wconf 74' lang='lat' dir='ltr'><strong>dignitas</strong></span> <span class='ocrx_word' id='word_1_748' title='bbox 303 5520 482 5577; x_wconf 89' lang='lat' dir='ltr'><strong>sacerdotalis</strong></span> <span class='ocrx_word' id='word_1_749' title='bbox 497 5523 678 5594; x_wconf 86' lang='lat' dir='ltr'><strong>pollueretur,</strong></span> <span class='ocrx_word' id='word_1_750' title='bbox 706 5523 729 5578; x_wconf 91' lang='lat' dir='ltr'><strong>si</strong></span> <span class='ocrx_word' id='word_1_751' title='bbox 759 5523 870 5594; x_wconf 89' lang='lat' dir='ltr'><strong>publice</strong></span> <span class='ocrx_word' id='word_1_752' title='bbox 892 5525 928 5582; x_wconf 90' lang='lat' dir='ltr'><strong>de</strong></span> <span class='ocrx_word' id='word_1_753' title='bbox 978 5519 1135 5576; x_wconf 89' lang='lat' dir='ltr'><strong>Theodonis</strong></span> <span class='ocrx_word' id='word_1_754' title='bbox 1149 5518 1253 5584; x_wconf 90' lang='lat' dir='ltr'><strong>villam,</strong></span> <span class='ocrx_word' id='word_1_755' title='bbox 1269 5532 1343 5571; x_wconf 86' lang='lat' dir='ltr'><strong>anno</strong></span> <span class='ocrx_word' id='word_1_756' title='bbox 1363 5515 1561 5573; x_wconf 88' lang='lat' dir='ltr'><strong>incarnationis</strong></span> <span class='ocrx_word' id='word_1_757' title='bbox 1576 5513 1684 5569; x_wconf 86' lang='lat' dir='ltr'><strong>bomini</strong></span> <span class='ocrx_word' id='word_1_758' title='bbox 1700 5515 1790 5570; x_wconf 89' lang='lat' dir='ltr'><strong>nostri</strong></span> 
     </span>
     <span class='ocr_line' id='line_1_60' title="bbox 118 5605 1790 5684; baseline -0.002 -19"><span class='ocrx_word' id='word_1_759' title='bbox 118 5609 173 5676; x_wconf 88' lang='lat' dir='ltr'><strong>bis,</strong></span> <span class='ocrx_word' id='word_1_760' title='bbox 188 5610 223 5668; x_wconf 91' lang='lat' dir='ltr'><strong>de</strong></span> <span class='ocrx_word' id='word_1_761' title='bbox 238 5609 340 5683; x_wconf 87' lang='lat' dir='ltr'><strong>quibus</strong></span> <span class='ocrx_word' id='word_1_762' title='bbox 353 5609 495 5684; x_wconf 91' lang='lat' dir='ltr'><strong>impetitus</strong></span> <span class='ocrx_word' id='word_1_763' title='bbox 508 5619 535 5669; x_wconf 91' lang='lat' dir='ltr'><strong>et</strong></span> <span class='ocrx_word' id='word_1_764' title='bbox 561 5612 651 5670; x_wconf 90' lang='lat' dir='ltr'><strong>adhuc</strong></span> <span class='ocrx_word' id='word_1_765' title='bbox 664 5613 842 5684; x_wconf 79' lang='lat' dir='ltr'><strong>impetendus</strong></span> <span class='ocrx_word' id='word_1_766' title='bbox 857 5623 926 5680; x_wconf 88' lang='lat' dir='ltr'><strong>erat,</strong></span> <span class='ocrx_word' id='word_1_767' title='bbox 977 5610 1044 5665; x_wconf 85' lang='lat' dir='ltr'><strong>lesu</strong></span> <span class='ocrx_word' id='word_1_768' title='bbox 1057 5609 1157 5666; x_wconf 83' lang='lat' dir='ltr'><strong>Christi</strong></span> <span class='ocrx_word' id='word_1_769' title='bbox 1184 5609 1414 5683; x_wconf 74' lang='lat' dir='ltr'><strong>octingentesimo</strong></span> <span class='ocrx_word' id='word_1_770' title='bbox 1429 5607 1568 5664; x_wconf 89' lang='lat' dir='ltr'><strong>tricesimo</strong></span> <span class='ocrx_word' id='word_1_771' title='bbox 1589 5605 1699 5677; x_wconf 89' lang='lat' dir='ltr'><strong>quinto,</strong></span> <span class='ocrx_word' id='word_1_772' title='bbox 1714 5622 1790 5662; x_wconf 88' lang='lat' dir='ltr'><strong>anuo</strong></span> 
     </span>
    </p>
   </div>
   <div class='ocr_carea' id='block_1_3' title="bbox 0 0 1924 6106">
    <p class='ocr_par' dir='ltr' id='par_1_13' title="bbox 0 0 1924 6106">
     <span class='ocr_line' id='line_1_61' title="bbox 0 0 1924 6106; baseline 0 0"><span class='ocrx_word' id='word_1_773' title='bbox 0 0 1924 6106; x_wconf 95' lang='lat' dir='ltr'><strong> </strong></span> 
     </span>
    </p>
   </div>
  </div>
 </body>
</html>
