3840 6106
55 196 113 255 289
377 195 540 253 ulsrultlru
559 196 723 252 sceleste
742 196 907 257 uuuuusts
927 200 1016 257 eleut
1035 199 1199 267 Quarueu.
1219 230 1255 242 -
1273 199 1337 255 tta.
1359 199 1402 256 lt.
1668 199 1723 258 aab

55 333 243 391 Catalaunieae
257 331 359 391 obnixe
369 329 508 406 flagitans,
524 338 554 389 ut
577 333 643 405 quia
658 333 736 389 loeus
747 332 805 400 ille,
821 334 870 388 nbi
881 339 907 408 Α
919 334 1074 391 liberalium
1083 334 1182 390 artium
1197 333 1298 390 stodiis
1310 333 1502 389 adolescentes
1515 332 1631 390 elericos
1643 349 1723 391 exer-

58 422 112 478 boe
128 437 238 478 sacrum
252 435 353 493 corpus
371 419 484 476 subdio
507 421 626 489 jacebat,
656 421 782 477 funditus
810 432 869 478 erat
919 424 975 479 ceri
989 423 1065 490 feeit,
1079 422 1195 494 ipseque
1219 437 1283 477 eum
1315 423 1356 477 eis
1370 422 1482 478 lectioni
1503 437 1535 477 ae
1548 422 1722 479 meditationi

56 514 227 578 destructus,
248 511 327 568 daret
341 512 368 568 ei
381 512 521 567 licentiam
537 513 604 568 illud
618 513 866 576 transterendiubi
918 514 1062 586 sapientiae
1080 529 1191 585 operam
1217 513 1303 569 dedit.
1330 512 1426 568 Sedet
1449 513 1620 569 ildebaldum
1634 513 1721 567 sancti

56 601 188 657 devotius
197 608 225 657 et
239 600 427 663 venerabilius
446 601 548 656 servari
571 601 714 657 valuisset.
730 601 780 666 Qui
801 602 867 656 dum
918 607 1032 662 Amandi
1043 609 1220 674 monachum,
1236 607 1324 660 virum
1333 622 1444 678 qnoque
1461 605 1615 675 disciplinis
1630 608 1725 677 sophi.

54 693 104 748 diu
120 693 274 764 persistens
288 692 316 746 iu
332 691 581 763 precibusltndem
596 707 653 748 διιεῖ)
667 691 868 764 petitionisob·
917 700 957 756 cis
967 699 1100 756 nobiliter
1112 699 1251 756 eruditum
1278 697 1430 762 accersivit,
1454 706 1482 752 et
1506 697 1654 755 Ecclesiam
1671 700 1725 755 lle-

55 785 186 841 tinuisset
199 782 328 841 ellectum
343 791 440 840 vocato
456 790 540 839 nanta
555 782 641 839 lertur
652 784 678 839 ei
693 790 806 839 nautum
821 783 868 838 de·
917 809 1043 848 mensem
1053 791 1193 865 pmclaris
1209 790 1354 847 illustravit
1367 788 1510 846 doctrinis.

54 878 141 941 disse,
161 892 196 932 eo
211 884 319 939 tenore,
333 883 364 932 ut
376 885 459 932 noctu
474 876 609 951 antegalli
622 883 734 931 cantum
745 875 779 931 ad
791 890 866 931 oram
1247 881 1352 938 CAPUT
1362 881 1394 936 x.

55 967 181 1025 liuminis
199 968 261 1038 ejus
275 969 480 1038 prestolaretur
499 966 661 1023 adventum.
677 966 800 1037 Cumque
811 974 869 1021 sta·
1027 976 1062 1030 oe
1076 975 1281 1043 interemptione
1293 973 1418 1028 Fomenta
1432 972 1637 1043 archiepiscopi,

56 1064 115 1112 ¹¹⁸⁰
126 1056 218 1113 ⁰⁰⁰²i³
233 1063 356 1128 ²⁰¹⁰P0f0
371 1056 422 1111 lili
436 1063 492 1111 “⁰⁵
502 1072 565 1112 ⁰1¹¹ss
582 1056 704 1129 qu⁰d³m
723 1054 868 1111 ⁸⁸00ld⁰²0
953 1065 1059 1122 Accidit
1082 1071 1220 1121 autemut
1246 1063 1386 1119 abbatiam
1400 1063 1487 1119 saneti
1504 1064 1624 1130 vedasti,
1644 1081 1726 1136 quam

55 1149 190 1204 adessem
202 1146 279 1204 fluvii
291 1148 369 1219 lillaer
385 1147 463 1203 missi
475 1148 510 1202 ab
526 1147 580 1203 ¹10⁰
594 1147 707 1212 effluite,
717 1157 800 1203 naula
818 1147 869 1201 de·
920 1156 1070 1213 Balduiuus
1084 1171 1177 1212 eomes
1201 1156 1314 1212 tenebat
1336 1170 1398 1211 eum
1426 1154 1602 1211 atrabatensi
1627 1164 1727 1223 castro,

54 1241 117 1306 luit,
133 1256 204 1296 nave
217 1240 343 1296 ulteriori
357 1239 446 1295 defixa
477 1239 600 1296 fluminis
614 1255 680 1296 orae.
698 1239 744 1294 His
757 1254 870 1310 quoque
920 1263 968 1302 rer
982 1246 1097 1302 llarolns
1113 1261 1163 1317 pro
1177 1244 1341 1301 infidelitate
1356 1245 1483 1300 Balduini
1504 1245 1582 1301 abeo
1596 1245 1728 1310 auferret,

54 1329 121 1384 viris
137 1328 290 1384 adveutum
318 1327 441 1403 navigeri
461 1328 510 1384 diu
541 1328 775 1400 prestolantibus,
787 1335 815 1383 et
825 1328 868 1383 vi·
918 1335 1081 1405 atquebuie
1110 1335 1221 1406 praesuli
1241 1351 1300 1390 earn
1316 1335 1491 1402 concederet,
1513 1336 1632 1390 altmaro
1656 1349 1729 1405 quo·

55 1424 151 1480 cissim
168 1423 352 1478 clamantibus
368 1438 430 1478 eum
460 1435 542 1476 nemo
557 1421 598 1476 eis
612 1421 804 1492 responderet,
821 1420 868 1476 do·
919 1424 982 1479 dam
997 1425 1099 1480 comite
1114 1424 1253 1480 abbatiam
1268 1424 1728 1497 sanctilledarditeneutezquam

56 1516 116 1572 lore
126 1515 250 1587 perculsi
274 1521 409 1571 corruunt
431 1513 574 1569 interram
590 1513 793 1584 proui,devola
809 1527 893 1583 pre·,
924 1516 1076 1572 sibivisum
1091 1522 1143 1582 est,
1169 1515 1386 1588 opportunitatis
1412 1515 1511 1590 gratia,
1540 1531 1604 1571 eum
1630 1517 1730 1572 eodem

55 1615 153 1664 cantes
166 1616 198 1663 ut
211 1608 236 1662 si
250 1607 307 1663 lieo
330 1605 461 1677 placitum
483 1604 554 1661 loret
568 1620 672 1676 corpus
693 1604 768 1660 illius
783 1605 870 1660 sancti
924 1605 1025 1662 comite
1045 1613 1215 1661 commutare
1240 1605 1355 1673 debere,
1385 1606 1459 1678 quod
1481 1614 1509 1661 et
1537 1606 1604 1679 egit.
1619 1607 1732 1679 decepit

57 1697 91 1751 tie
107 1697 171 1753 loco
182 1696 282 1752 eodem
293 1693 445 1759 transferri,
461 1692 602 1766 aliquibus
613 1693 641 1748 id
652 1693 692 1749 eis
707 1692 870 1768 dignaretur
884 1717 907 1785 Β
922 1697 1016 1769 itaque
1031 1697 1065 1753 ab
1084 1698 1182 1753 eodem
1197 1698 1317 1754 Altmaro
1337 1697 1477 1754 abbatiam
1492 1700 1580 1754 sancti
1596 1699 1730 1766 Medae-di,
1833 1686 1836 1693 ¹

57 1789 211 1845 ostendere
226 1786 446 1863 signislloxque
462 1786 641 1843 navissoluta
655 1785 869 1853 divinarirtute,
920 1796 948 1844 et
958 1789 1036 1844 dedit
1049 1789 1089 1843 illi
1116 1787 1257 1844 abbatiam
1284 1791 1372 1846 sancti
1399 1790 1519 1853 vedasti,
1545 1799 1658 1862 recepto
1681 1807 1732 1862 per

58 1894 131 1933 nexu
147 1891 206 1948 quo
221 1875 369 1931 tenebatur
387 1872 480 1941 ailixa,
497 1873 564 1945 ripae
589 1889 643 1947 qua
658 1873 872 1944 exspectabatur
921 1880 976 1935 vim
990 1879 1169 1935 obsidionisa
1185 1879 1318 1935 balduino
1333 1879 1518 1935 attrabatensi
1534 1890 1635 1937 castro.
1646 1881 1730 1950 Cujus

58 1970 231 2026 mirabiliter
243 1967 487 2040 aceeditappulsa.
503 1967 580 2032 Quod
591 1967 753 2023 admirando
765 1968 873 2039 perspi·
922 1968 1068 2024 anxietatis
1089 1969 1186 2025 dolore
1209 1983 1358 2024 succensus
1386 1976 1440 2024 tam
1468 1969 1630 2037 llalduiuus,
1648 1986 1730 2041 quam

58 2061 175 2127 cientes,
192 2070 221 2116 et
239 2059 373 2114 maximas
391 2059 447 2113 beo
475 2057 579 2131 gratias
593 2055 754 2124 relerentes,
770 2072 872 2112 aseen-
923 2057 1015 2114 omnis
1030 2058 1091 2126 eius
1111 2058 1267 2125 comitatus,
1283 2057 1350 2113 dum
1360 2066 1489 2129 quaemnt
1503 2059 1622 2129 qualiter
1636 2058 1732 2114 ulcisci

58 2155 126 2211 dunt
148 2170 259 2221 navem,
281 2153 316 2209 de
337 2153 479 2209 voluntate
507 2152 556 2206 Ilei
585 2151 740 2207 securiores
770 2135 872 2208 effecti.
923 2151 1086 2224 sepossint,
1101 2153 1251 2208 amicitiam
1263 2168 1326 2208 cum
1337 2153 1434 2208 eodem
1451 2152 1568 2223 praesule
1582 2169 1612 2208 se
1625 2152 1735 2226 lingunt

60 2249 291 2320 ,lceedentesque
305 2247 340 2303 ad
350 2247 442 2304 locum
457 2246 589 2318 sepulcri,
602 2252 630 2302 et
645 2253 742 2316 aperto
756 2247 874 2303 saracin
926 2248 1071 2313 resarcire,
1083 2255 1240 2319 quaerentes
1253 2247 1371 2304 ultionis
1386 2247 1489 2315 locum,
1501 2248 1735 2319 explorantesque

60 2353 115 2410 quo
130 2353 210 2393 sacra
225 2335 489 2404 membrajaeebant
513 2332 696 2407 sarcophago,
712 2342 873 2391 reverenter
924 2340 1064 2411 quomodo
1076 2355 1093 2394 a
1103 2346 1204 2395 metatu
1225 2354 1275 2395 suo
1284 2340 1319 2394 ad
1338 2339 1413 2414 regis
1422 2339 1594 2411 colloquium
1610 2339 1732 2410 stipato·

59 2430 182 2496 elevant,
200 2425 525 2499 1¹⁸¹¹SP⁰⁰0m0⁸hae⁰i¹¹
541 2433 693 2497 preparato
709 2424 744 2480 ad
758 2423 785 2479 id
800 2437 870 2494 Opus
921 2429 997 2484 ribus
1011 2431 1127 2486 vallatus
1146 2429 1284 2501 proficisci
1313 2430 1436 2485 soleret:
1451 2431 1570 2501 quadam
1590 2430 1647 2496 die,
1664 2429 1730 2484 dum

60 2523 170 2579 noviter
188 2521 319 2578 scriniolo
334 2539 341 2577 ε
357 2521 453 2593 sieque
468 2535 531 2576 curn
546 2519 652 2592 ingenti
671 2519 872 2593 gaudioreme·
920 2522 1017 2592 paucis
1030 2521 1180 2577 admodum
1187 2522 1346 2590 comitatus,
1359 2521 1433 2594 regis
1446 2526 1554 2593 peteret
1567 2520 1731 2593 alloquium,

57 2624 140 2670 antes
167 2614 203 2668 ad
232 2628 342 2679 navem,
371 2619 516 2667 transeunt
543 2609 670 2666 celeriter
688 2609 804 2674 flumen,
820 2608 874 2664 hoe
924 2614 1028 2669 eumin
1044 2613 1098 2680 vla,
1119 2614 1324 2686 duceqnodam
1353 2612 1515 2668 Winemaro
1539 2611 1733 2684 aggredientes

60 2706 165 2781 pignus
178 2720 241 2760 cum
252 2703 380 2759 laudibus
400 2701 559 2758 deferentes
592 2700 626 2757 ad
641 2701 733 2757 vicum
762 2699 874 2755 Balbia-
925 2701 1116 2773 intercipiunt.
1138 2702 1169 2757 ut
1183 2701 1296 2775 quidem
1307 2701 1425 2772 primum
1438 2700 1516 2772 quasi
1532 2699 1696 2755 deamicitia
1706 2707 1735 2754 et

59 2813 123 2852 0⁰¹¹]
138 2796 260 2868 (Mhi),
276 2795 325 2850 ubl
354 2811 405 2867 pel
423 2793 575 2850 triennium
601 2791 874 2850 ⁰⁰⁰⁸1³1l0ss0r³bi·
926 2798 1136 2871 recuperatione
1149 2793 1276 2850 Balduini
1285 2792 1403 2848 affantur
1416 2809 1423 2858 ;
1436 2792 1547 2847 demum
1556 2805 1621 2847 vero
1633 2791 1735 2861 impro-

62 2890 127 2945 liter
155 2894 359 2944 scommatum·
390 2886 454 2943 Post
480 2887 537 2942 lraec
570 2886 604 2941 ad
634 2884 780 2941 eeclesiam
800 2884 875 2940 beati
925 2891 1016 2946 risum
1043 2886 1148 2942 lanceis
1174 2885 1323 2956 impetunt,
1344 2888 1569 2953 prosternuntur:
1584 2880 1736 2952 perimunt.

63 2977 184 3051 Remigii
194 2975 347 3034 honorifice
372 2984 414 3032 est
437 2975 570 3043 delatum,
584 2982 612 3032 et
626 2975 734 3031 custodi
749 2974 874 3031 eeclesiae
925 2978 1041 3043 Quidam
1055 2991 1121 3032 vero
1134 2990 1247 3031 suorum
1262 2989 1325 3029 seso
1339 2973 1374 3029 ob
1399 2971 1517 3027 nimium
1533 2972 1595 3041 ejus
1608 2987 1734 3028 amorem

64 3068 167 3123 devote
180 3064 368 3133 commissum,
386 3064 520 3146 juxtaque
543 3063 701 3136 sepulerum
711 3064 793 3134 hujus
807 3079 874 3118 san·
889 3082 1011 3162 Csuper
1022 3068 1113 3138 ipsum
1123 3071 1341 3136 prosternentes,
1363 3062 1468 3134 pariter
1486 3078 1549 3118 eum
1565 3076 1599 3118 eo
1614 3060 1738 3117 transfixi

64 3157 181 3215 ctissimi
196 3154 442 3229 patrisbonorilice
461 3156 636 3212 collocatum.
656 3155 720 3211 Post
731 3154 877 3210 biennium
930 3164 958 3212 et
971 3153 1130 3227 interempti
1141 3162 1216 3210 suut.
1228 3153 1324 3209 Caeteri
1340 3152 1387 3225 qui
1403 3151 1577 3223 superfuere,
1594 3151 1638 3206 his
1647 3151 1695 3224 qni
1704 3151 1739 3205 ad

68 3250 369 3322 prelatuscomeseum
376 3263 517 3304 uxoresua
528 3246 881 3303 ueristndedonnumrul-
931 3248 1078 3319 hospitalia
1093 3254 1293 3315 remanserant,
1305 3247 1364 3302 baec
1379 3245 1543 3301 maximiani
1553 3243 1740 3300 dolorisnun·

69 3359 168 3400 mnam
182 3341 330 3414 praesulem
353 3340 494 3397 humiliter
509 3340 634 3412 expetiit,
650 3339 795 3412 postulans
815 3340 879 3395 utel
929 3339 968 3395 tia
982 3346 1103 3411 portant.
1118 3339 1169 3404 Qui
1184 3339 1224 3395 rei
1240 3338 1365 3394 novitate
1380 3336 1511 3409 perculsi,
1528 3336 1667 3408 armisque
1678 3349 1740 3390 mu-

70 3435 320 3508 loeumsepulturae
334 3433 881 3503 concederetindexterabujusecclesiae
931 3433 1183 3504 niti‚pereussores
1209 3432 1333 3505 episcopi
1363 3437 1499 3487 conantur
1511 3429 1616 3486 ultione
1626 3429 1741 3487 adoriri.

70 3531 155 3595 parte,
170 3523 357 3594 jnstaostium
369 3522 882 3595 eryptae.ttuoimpetrato,etaltarista-
931 3525 1037 3591 Quibus
1047 3524 1161 3580 minime
1176 3524 1304 3596 repertis,
1318 3538 1419 3595 corpus
1442 3522 1580 3588 exanime,
1598 3521 1743 3576 immensis

71 3614 882 3692 tuto,atqneargenteodeeorecooperto,illiedeeenterbaee
931 3617 1068 3687 ejulantes
1080 3617 1272 3690 plangoribus,
1284 3617 1386 3683 lerant,
1398 3623 1494 3672 etcum
1510 3614 1615 3687 ingenti
1626 3628 1740 3668 suorum

74 3708 883 3782 venerabiliadeponunturmembralleniquepostquama
932 3710 1145 3766 omniumluctu
1174 3710 1339 3765 ilemensem
1373 3708 1408 3763 ad
1435 3708 1532 3763 urbem
1548 3704 1741 3761 deseruntlbi

75 3798 186 3866 praefato
207 3797 357 3868 sepulturae
376 3813 432 3853 suae
460 3797 568 3853 sublata
586 3807 650 3854 sunt
664 3799 734 3865 loco,
754 3798 883 3869 quiedam
933 3800 1045 3856 tandem
1058 3801 1155 3869 lotum,
1175 3809 1203 3856 et
1226 3801 1318 3873 dignis
1340 3796 1481 3869 exsequiis
1495 3797 1670 3858 honoratum,
1687 3794 1741 3849 de-

76 3893 174 3949 nnlier
187 3905 272 3951 casca.
286 3890 450 3946 Erantrudis
469 3889 594 3958 nomine,
611 3890 658 3946 illo
677 3889 821 3946 candelam
836 3889 886 3944 de·
935 3890 1008 3946 centi
1021 3898 1065 3946 est
1077 3892 1227 3961 sepulturae
1254 3888 1425 3945 mandatum.
1443 3885 1526 3954 Cujus
1545 3885 1675 3940 antistitis
1690 3883 1743 3940 lroe

75 3978 169 4040 serens
183 3983 313 4049 accessit,
327 3981 508 4055 impetrandae
522 3998 605 4038 eausa
619 3981 746 4037 medelae.
761 3980 794 4035 tlt
808 3994 886 4036 com-
936 3982 1052 4037 babetur
1065 3982 1236 4054 epitaphium
1254 3998 1262 4039 ε

72 4084 152 4140 terto
163 4088 276 4129 sacrum
303 4088 405 4145 corpus
432 4072 498 4128 inde
526 4072 665 4129 sublatum
688 4071 798 4143 penitus
813 4085 885 4138 esse,
966 4070 1017 4120 lloc
1029 4070 1609 4187 tumulowniunlconismanbrataguntnr,

66 4164 162 4220 nimio
172 4175 281 4237 angore
294 4160 392 4217 allecta
403 4162 489 4234 coepit
502 4161 595 4218 llendo
613 4161 747 4233 conqueri
758 4176 808 4217 eur
820 4176 886 4216 san·
967 4133 1218 4249 Gofffflffihffiuffi
1227 4134 1539 4269 lgffiffirffiffigomm
1549 4200 1642 4244 mmm·

61 4262 129 4311 etus
148 4251 201 4307 bie
217 4251 326 4307 bomini
339 4250 442 4307 abinde
457 4267 487 4307 se
498 4251 671 4323 permisisset
684 4250 786 4307 aulerri
804 4248 818 4303 l
837 4266 887 4307 cor
990 4259 1112 4328 ‘Asiaque
1122 4261 1153 4311 da
1165 4261 1256 4312 scholis
1267 4260 1383 4324 sumpsit,
1397 4257 1543 4309 stexcclnit.

54 4341 250 4402 deseruisset
274 4343 391 4405 vicinos,
417 4342 521 4416 quibus
549 4343 686 4399 beneficia
711 4342 810 4399 solitus
826 4352 886 4399 erat
966 4319 1632 4436 ffiffleffifflumll’mm³¹³¹li‘l'i'ffl‘012‘0h2‘um·

1140 4400 1202 4450 pecu
1214 4400 1266 4444 um,
1278 4385 1473 4494 pontificemque
1484 4396 1564 4448 ptum,

51 4438 205 4502 praebere
220 4434 314 4490 divina
328 4433 342 4488 l
356 4434 503 4491 subveniri
517 4450 584 4508 ergo
603 4435 655 4489 sibi
670 4434 821 4509 gemitibus
839 4413 929 4490 ert-D
967 4443 1087 4556 §egenos
1097 4448 1224 4512 denosque
1239 4448 1314 4519 simut
1327 4446 1367 4497 eni
1378 4461 1430 4511 pra
1442 4446 1479 4495 nit
1491 4457 1579 4517 annos,

48 4533 209 4592 poscens,
227 4523 317 4579 visum
342 4522 396 4579 sibi
415 4529 458 4579 est
472 4520 609 4595 proficisci
634 4522 736 4578 debere
747 4523 782 4577 ad
796 4522 887 4578 vicum
968 4510 1334 4623 Auxfflfllsslclgflsihgflffsesstaff
1346 4507 1604 4621 wlsssflffigflssmm

48 4610 235 4692 ”lumbum
250 4615 395 4686 (nmilia
411 4614 460 4671 Ubi
484 4614 568 4671 frates
588 4614 648 4683 eius
677 4614 886 4685 ”nctusquiffi
1000 4586 1108 4685 Urbispot
1122 4585 1425 4684 isiiusmoeiriarestituii.
1606 4604 1614 4627 '

50 4711 174 4769 scebat
187 4709 318 4764 Vetanus.
347 4707 387 4762 tld
410 4707 490 4775 euius
504 4706 662 4780 sepulerum
677 4704 819 4761 candelam
835 4721 888 4777 po·
968 4693 1041 4748 brus
1051 4698 1139 4770 honor,
1153 4697 1240 4768 paura
1251 4695 1438 4767 marpessas
1451 4701 1556 4765 amator.

54 4814 160 4868 nens,
175 4814 296 4872 seseque
316 4799 345 4854 in
363 4798 488 4856 oratione
500 4805 687 4869 prosternens,
699 4795 784 4867 eoepit
796 4794 888 4851 llendo
969 4756 1496 4939 ευξζζῃῗζάξζξζᾙξᾞὲᾚᾎξξξξίε
1507 4817 1593 4881 agebat

55 4903 231 4964 utrumque
250 4890 379 4947 invocare
412 4889 533 4946 tratrem.
548 4888 673 4960 Dumque
682 4888 771 4943 sancti
786 4901 888 4943 nomen
1016 4889 1100 4943 nnius,
1121 4884 1215 4935 utdira
1225 4892 1304 4934 morta
1316 4889 1459 4947 peremptus
1473 4880 1526 4930 abit
1538 4879 1623 4944 (Apud
1645 4880 1745 4953 lteram,

58 4983 180 5040 erebro
198 4979 303 5052 repetit
323 4978 457 5045 Gibriani,
475 4978 560 5051 eoepit
588 4977 676 5052 caligo
705 4975 889 5052 albuginisab
970 5015 1015 5066 dur
1029 5011 1114 5062 Matris
1127 5008 1237 5067 Domini,
1253 5006 1346 5080 pariter
1359 5004 1583 5071 quoquapraesutis
1592 4943 1708 5054 ἰὼ(ἕίιιιι.)

61 5074 169 5133 oculis
184 5071 247 5142 ejus
259 5070 387 5142 abrumpi
405 5088 411 5124 :
428 5072 522 5143 sieque
538 5069 632 5124 divina
647 5068 816 5140 propitiante
827 5068 888 5139 pie·
1002 5075 1108 5139 Remigii
1119 5072 1319 5137 pietasobtrneat
1334 5069 1454 5133 requiem.
1470 5068 1560 5117 Amen.

62 5161 244 5233 tate,priseo
261 5159 412 5215 redonatur
425 5157 538 5213 lumine.
555 5155 891 5228 Praelutusdeniqueprae·
940 5157 1064 5228 lienique
1076 5156 1251 5210 winemarus
1276 5152 1338 5222 ejus
1363 5151 1546 5221 interemptor
1560 5148 1595 5203 ab
1607 5149 1747 5221 episeopis

63 5259 119 5314 sul
133 5253 314 5312 honorabilis
327 5253 421 5320 ruico,
450 5252 584 5308 sollicitus
599 5251 671 5306 circa
685 5250 731 5306 Dei
745 5250 848 5306 cultum
864 5258 891 5307 et
941 5246 1020 5321 regui
1036 5245 1201 5301 Francorum
1216 5259 1278 5297 eum
1305 5241 1362 5296 suis
1389 5237 1573 5310 complicibus
1588 5254 1749 5295 excommu-

67 5345 668 5416 ordinemeeclesiastieum,amoreqnoque
682 5337 891 5413 sapientialer·
942 5337 1049 5393 nicatus
1066 5342 1095 5392 et
1127 5331 1385 5397 anathematizatus,
1409 5331 1525 5400 insuper
1555 5328 1703 5384 insanabili
1732 5343 1749 5381 a

72 5457 159 5506 rens,
179 5440 251 5496 duas
265 5439 376 5495 scholas
390 5435 693 5506 ilemis,eanonicorum
703 5431 890 5499 scilieetloei,
942 5426 998 5481 lieo
1027 5440 1174 5497 percussus
1199 5430 1241 5480 est
1263 5421 1377 5478 vulnere
1417 5421 1539 5493 tuorem,
1568 5418 1684 5488 ulceret,
1712 5418 1749 5472 ita

74 5545 167 5609 atque
182 5533 316 5590 ruralium
330 5531 503 5598 elericorum,
514 5531 570 5601 jam
586 5543 657 5601 pene
672 5526 802 5598 delapsas
810 5524 891 5581 resti·
941 5526 972 5574 nt
988 5516 1278 5588 computrescentibus
1305 5512 1446 5578 carnibus,
1474 5521 1501 5567 et
1527 5511 1684 5566 exundante
1703 5522 1749 5561 sa·

78 5627 144 5693 tuit,
159 5635 188 5682 et
204 5630 319 5683 evocato
348 5623 473 5699 Remigio
488 5621 728 5679 Autissiodorense
748 5612 890 5695 magistro,
942 5613 999 5683 nic,
1022 5613 1101 5670 vivus
1123 5614 1302 5671 devoraretur
1322 5625 1338 5665 a
1360 5606 1518 5665 vermibus:
1537 5612 1565 5661 ct
1590 5604 1656 5658 dum
1684 5613 1750 5672 pro-
