3840 6106
64 245 118 299 89¹1
598 241 733 298 SANCTAE
750 241 930 298 ttatttttnts
947 241 1079 299 huethAE
1098 242 1182 298 ttta.
1674 248 1728 303 898

56 372 120 442 pius
144 369 279 425 revocasti
296 369 330 424 ab
355 369 501 441 iniquitate
516 370 707 439 adjustitiam,
724 381 751 426 et
771 372 868 428 sedulo
883 376 906 443 Α
920 369 1049 436 retinete,
1073 370 1191 442 quodie
1218 369 1369 445 Evangelio
1397 372 1500 429 dicitur
1523 375 1644 431 veritatis
1657 393 1726 433 ore:

55 464 201 530 monuisti,
213 465 238 518 vi
253 479 387 535 oppresso
403 464 492 519 facere
506 464 733 520 misericordiam.
750 465 827 521 Nunc
843 475 869 521 te
922 485 934 515 v
952 464 1100 536 Omnisqui
1117 480 1147 519 se
1159 464 1272 532 exaltat,
1289 466 1491 532 humiliabitur,
1508 469 1727 541 etquischumi-

56 566 84 614 et
95 567 206 613 nostros
226 557 297 611 filios
323 557 508 627 omnipotenti
525 557 579 612 lieo
602 558 828 613 commendamus
842 566 870 613 et
920 556 977 619 liat,
994 556 1159 611 exaltabitur
1171 559 1245 625 (Lite.
1261 574 1315 623 xiv,
1331 558 1387 625 ttt,
1406 578 1418 609 a
1437 560 1572 635 Posthaec
1583 560 1634 617 rite
1646 578 1727 633 para-

56 649 209 705 electorum
227 649 429 720 Deiprncibus,
459 649 541 704 simul
560 650 739 715 cumanima,
759 651 869 721 quaeda
921 644 1171 717 tisomnibusquae
1199 646 1353 701 necessario
1377 648 1504 701 eruntad
1532 647 1624 717 funus,
1641 650 1730 704 maxi·

56 760 174 816 corpore
186 746 243 813 jam
257 752 300 800 est
326 760 468 800 recessura
484 743 490 798 t
509 765 521 795 a
539 745 600 800 κως
615 761 677 800 cum
703 745 825 809 dixisset,
843 751 870 800 et
920 751 965 791 mo
976 752 1037 791 cum
1053 736 1159 792 itenere
1183 753 1283 808 corpus
1311 738 1338 792 in
1352 738 1572 812 Quitiiingohuvc
1587 749 1729 813 transpor-

56 834 152 907 regma
169 834 241 888 hamt
255 834 349 887 minus
377 833 416 887 itti
446 834 469 868 ²⁸
499 833 602 907 gratias
615 833 728 908 egisset,
749 848 869 888 merore
921 827 1025 891 abant.
1042 828 1154 898 unijpse
1171 829 1346 901 requiescere
1360 831 1520 887 decreverat
1536 850 1543 897 ;
1560 833 1655 906 ibique
1678 836 1730 891 no-

57 924 139 992 ptena
153 922 299 977 ecclesiam
316 929 357 978 est
372 922 506 997 ingressa,
521 938 552 977 se
566 938 671 995 suaque
685 923 777 977 omnia
793 937 869 977 com·
921 917 1036 974 norihce
1052 919 1225 975 tradiderunt
1247 923 1407 992 sepulture.
1429 925 1506 979 lunc
1518 925 1614 998 regina
1641 943 1727 983 veae·

55 1016 192 1071 mandans
208 1017 274 1081 heo,
290 1016 362 1070 sicut
373 1031 484 1086 semper
495 1014 612 1070 solebat.
635 1015 745 1070 Interim
763 1015 868 1069 disces·
920 1013 1013 1069 rahilis
1035 1030 1118 1084 supra
1143 1023 1323 1071 memoratam
1352 1017 1520 1074 abbatissam
1541 1021 1691 1076 monasteri
1707 1022 1730 1057 ⁸²

54 1104 90 1159 sit
103 1104 198 1160 anima
213 1104 286 1178 regis
301 1105 336 1159 de
351 1106 491 1178 ergastulo
506 1105 605 1160 carnis.
630 1105 758 1160 Scotiens
774 1113 865 1159 autem
917 1104 1199 1161 winithehusinensis
1214 1108 1248 1162 ad
1264 1124 1292 1163 se
1320 1109 1420 1164 iterum
1439 1111 1555 1176 vocavit,
1571 1119 1598 1167 et
1612 1128 1737 1185 congre·⁴

54 1201 151 1249 sancta
167 1194 214 1248 hei
230 1193 320 1265 piebis
331 1193 538 1263 lamentatione,
549 1196 774 1251 inclitumvirum
785 1196 869 1252 rebus
917 1196 1055 1269 gationem
1076 1197 1129 1251 sibi
1159 1199 1298 1255 subditam
1321 1201 1386 1256 illuc
1408 1201 1547 1257 transferri
1572 1204 1727 1260 admonuit.

56 1286 187 1340 humanis
199 1286 361 1348 excessisse,
391 1287 536 1358 prostravit
559 1303 589 1342 se
617 1288 645 1343 in
661 1288 825 1352 orationem,
841 1295 869 1344 et
919 1289 996 1354 Quod
1007 1289 1147 1346 abbatissa
1172 1291 1259 1362 primo
1274 1293 1395 1359 rennuit,
1418 1293 1467 1348 sed
1485 1296 1660 1366 postmodum
1678 1295 1730 1351 im·

57 1377 148 1448 ipsius
162 1377 281 1432 animam
290 1378 495 1434 commendavit
508 1379 535 1433 in
546 1378 644 1435 Christi
660 1380 754 1434 tidem.
773 1380 871 1436 Postea
921 1389 1033 1453 perante
1048 1383 1108 1451 ejus
1118 1383 1175 1440 filio
1191 1384 1289 1449 httonc
1299 1386 1451 1441 consensit.

55 1485 175 1540 surgens
188 1470 378 1544 interrogavit,
407 1470 429 1525 si
445 1471 868 1544 adhucaliquisjejunarct,qui
955 1472 982 1525 9.
999 1475 1036 1526 Dc
1054 1473 1179 1528 electione
1205 1475 1309 1530 Oltom's
1332 1477 1416 1543 repis.
1433 1477 1496 1532 Post
1524 1492 1667 1533 excessum
1686 1477 1732 1532 in-

56 1561 158 1615 animae
171 1561 214 1615 sui
234 1562 339 1616 domini
354 1561 464 1617 missam
480 1563 643 1619 decantaret
662 1564 806 1619 lhudicns
819 1565 871 1619 hoc
921 1562 977 1616 cliti
994 1565 1067 1639 regis
1084 1565 1204 1620 lleinrici
1232 1566 1363 1622 ductores
1386 1568 1465 1639 primi
1483 1569 1688 1625 conveniebant
1703 1576 1732 1625 et

58 1648 201 1704 adeldach
212 1649 233 1684 ²²
249 1648 395 1721 presbiter,
408 1650 673 1721 responditfestinus
689 1668 696 1705 :
716 1672 728 1702 a
744 1652 869 1719 Domina,
884 1682 908 1748 B
921 1654 955 1708 de
969 1660 1041 1709 statu
1055 1657 1286 1731 regniconsilium
1302 1658 1449 1714 habebant.
1482 1660 1627 1732 Perplures
1652 1662 1731 1730 diju-

58 1739 183 1793 nondum
198 1738 348 1811 quidquam
359 1739 540 1814 gustavimus.
558 1760 571 1790 a
588 1740 759 1796 Venerabilis
775 1742 869 1814 regina
918 1741 1060 1810 dicabant,
1075 1745 1232 1800 lleinricum
1250 1762 1335 1819 regno
1350 1748 1444 1818 potiri,
1469 1749 1534 1820 quia
1564 1759 1646 1805 natus
1660 1758 1734 1807 esset

57 1832 125 1888 olim
141 1832 269 1886 induerat
284 1833 354 1887 duas
369 1832 492 1887 armillas
514 1832 584 1887 mira
598 1841 657 1887 arte
677 1834 790 1899 celatas,
806 1850 869 1906 quaa
919 1833 947 1888 in
963 1834 1025 1890 aula
1044 1836 1130 1910 regali
1146 1854 1153 1899 ;
1169 1837 1216 1892 alii
1230 1853 1296 1894 vero
1312 1838 1509 1894 desiderabant
1520 1839 1647 1896 Ottonem
1664 1857 1735 1910 pos-

59 1935 135 1982 tanta
148 1925 277 1982 firmitate
290 1926 410 1982 brachiis
431 1927 537 1982 fuerant
549 1926 735 1991 circumdatae,
766 1934 795 1982 nt
808 1927 870 1982 sine
919 1923 1010 1978 sidere
1026 1924 1198 1995 principatus
1214 1926 1358 1992 honorem,
1385 1927 1451 1999 quia
1465 1935 1546 1984 aetate
1558 1937 1632 1984 esset
1646 1929 1736 1998 major

58 2017 245 2073 auxiliosabri
273 2018 430 2074 nullatcnus
459 2025 572 2089 possent
598 2018 704 2073 divelli.
736 2018 870 2073 hastuac
921 2012 1082 2067 etconsilio
1108 2014 1307 2084 providentior·
1334 2015 1404 2080 (fuid
1437 2016 1539 2087 plura?
1566 2017 1736 2089 Disponenle

60 2105 179 2161 minimo
194 2117 310 2182 tangens
335 2106 434 2180 digito,
447 2106 530 2162 citius
545 2106 620 2161 dicto
634 2105 765 2172 excussit,
786 2106 824 2161 ita
838 2106 873 2161 ad
925 2107 1099 2177 providentia
1129 2107 1187 2171 hei,
1208 2116 1347 2178 sceptrum
1377 2108 1520 2183 regiminis
1538 2110 1621 2166 cessit
1645 2110 1736 2167 Ottoni

61 2200 249 2273 presbiterum
277 2202 393 2257 diceas:
414 2201 541 2271 «Accipe
564 2201 614 2255 tihi
643 2202 695 2255 hoc
718 2217 827 2267 aurum,
848 2207 877 2256 ct
928 2196 1062 2264 (Anah.
1079 2196 1250 2268 lndcmagis
1268 2197 1484 2269 acmagisinter
1508 2196 1607 2253 fratres
1635 2215 1736 2254 conva-

60 2301 143 2348 cauta
161 2293 633 2358 missamanimarum.xQnamdiu
660 2292 734 2348 enim
760 2308 878 2348 itenere·
928 2286 1206 2353 lescebatdiscordia,
1235 2304 1297 2360 quae
1322 2287 1395 2343 inter
1423 2289 1497 2358 ipsos
1523 2289 1682 2346 versabatur
1701 2290 1736 2347 ah

60 2385 128 2441 bilis
141 2386 256 2441 domina
269 2385 444 2456 postmodum
455 2384 533 2450 vixit,
544 2385 634 2440 eidem
649 2383 806 2456 presbitero
819 2400 879 2438 ma·
926 2374 1054 2431 infantie·
1082 2375 1196 2430 Assidue
1226 2375 1376 2449 illigantes,
1396 2375 1434 2430 ml
1469 2374 1613 2446 pacificum
1640 2385 1736 2434 mutuo

61 2490 145 2547 ffiam
166 2474 431 2548 exhibuitgratiam,
446 2489 597 2545 numquam
613 2473 727 2528 tradens
741 2472 876 2528 oblivioni
926 2467 1120 2539 loquebantur.
1137 2466 1212 2522 Tunc
1224 2467 1317 2542 regius
1338 2466 1451 2535 juvenis
1478 2467 1624 2524 Heinricua
1651 2470 1739 2525 multa

61 2564 137 2635 quod
166 2563 282 2633 primam
303 2563 414 2618 missam
444 2563 639 2618 decantaverat
669 2563 769 2618 animae
803 2563 877 2638 regis
927 2558 1057 2613 sustinuit
1083 2558 1208 2624 advorsa,
1236 2557 1406 2629 quainctita
1434 2567 1521 2613 mater
1536 2567 1649 2614 econtra
1663 2561 1739 2629 salu·

63 2651 206 2719 lieinrici;
221 2662 255 2709 'ct
269 2653 305 2708 ob
330 2668 481 2708 memorem
510 2668 621 2708 cansam
649 2652 733 2721 hujus
743 2653 805 2708 sacti
822 2652 876 2723 ipsi
927 2651 1031 2706 taribus
1050 2649 1205 2721 disciplinis
1216 2649 1321 2716 lenivit,
1335 2657 1363 2704 et
1381 2649 1481 2706 sedulo
1497 2651 1650 2706 ammonuit
1663 2650 1739 2706 Scri·

62 2745 222 2816 impetravit
236 2744 594 2819 episcopalemdigaitatem
604 2746 627 2779 ²⁸
639 2745 690 2815 (tt)
702 2745 774 2816 apud
791 2744 875 2800 fitium
928 2748 1015 2812 ptura
1028 2740 1145 2796 dicentis
1162 2758 1168 2792 :
1193 2761 1202 2789 ι
1214 2739 1299 2805 Quem
1311 2740 1385 2795 enim
1412 2739 1503 2814 diligit
1520 2741 1662 2808 Dominus,
1674 2757 1738 2798 cor-

63 2854 147 2893 suum
163 2837 299 2894 Ottonem.
318 2837 383 2894 Cum
399 2845 490 2893 autem
517 2838 594 2892 linita
616 2845 690 2893 esset
710 2837 793 2893 missa
812 2838 876 2892 ani·
928 2832 1002 2902 ripih
1016 2839 1044 2886 el
1071 2831 1149 2904 quasi
1175 2838 1253 2902 paler
1277 2831 1305 2885 in
1339 2829 1396 2885 filio
1408 2832 1562 2902 complacet
1580 2831 1632 2886 sihi
1648 2833 1737 2903 (Prov-

63 2943 184 2995 marum,
200 2926 297 3003 regina
310 2927 380 2982 flens
396 2927 507 2983 intravit
521 2926 690 2992 cubiculum,
708 2926 757 2981 uhi
768 2926 879 2995 iacebat
929 2937 969 2982 ιιι,
988 2921 1044 2990 12).
1065 2942 1074 2970 ι
1093 2919 1140 2975 ilic
1159 2920 1244 2974 multa
1266 2922 1301 2974 de
1327 2919 1463 2993 angustiis
1488 2920 1549 2989 eius
1575 2920 1741 2991 praetermit-

63 3031 168 3087 corpus
182 3023 367 3082 mortuum‚et
381 3016 454 3070 intus
473 3015 581 3072 invenit
602 3015 708 3089 regales
722 3014 794 3070 filios
809 3015 880 3070 mul·
893 3051 916 3113 f.
931 3023 1035 3081 tuntur,
1050 3014 1145 3086 qniasi
1162 3031 1212 3085 per
1226 3014 1336 3089 singula
1359 3015 1548 3082 volverentur,
1563 3006 1755 3071 narrantibus

63 3116 121 3163 tum
137 3108 323 3174 lacrimantes,
350 3107 489 3178 simulque
504 3123 566 3162 cum
582 3107 624 3161 eis
649 3122 747 3162 omnes
759 3107 877 3163 militum
912 3094 1009 3160 'simul
1021 3113 1048 3161 et
1063 3105 1219 3180 legentibus
1235 3105 1339 3176 prolixa
1358 3104 1529 3161 viderentur.
1544 3106 1664 3161 Tandem
1682 3122 1741 3161 me-

64 3199 216 3271 principes.
239 3199 413 3255 llaecutvidit
428 3199 522 3254 inclita
536 3199 645 3271 regina,
661 3199 777 3254 decoras
791 3215 878 3271 genas
928 3196 1019 3253 diator
1028 3196 1151 3251 Christus
1177 3197 1258 3252 lesus
1283 3196 1382 3252 nolens
1395 3196 1493 3252 fratres
1508 3197 1620 3252 interae
1635 3197 1741 3252 diutius

63 3289 187 3345 lacrimis
210 3296 251 3345 est
280 3289 401 3361 perfusa,
425 3296 452 3344 ct
471 3288 591 3344 exanimi
611 3288 736 3359 corporis
756 3288 878 3359 pedihus
928 3288 1098 3354 discordare,
1117 3304 1166 3358 per
1184 3296 1287 3343 sanctae
1308 3289 1403 3343 matris
1425 3288 1554 3343 meritum
1583 3289 1646 3344 iilos
1672 3304 1741 3344 con-

64 3384 211 3454 provoluta
237 3381 410 3437 amarissime
439 3380 532 3447 flebat,
553 3381 624 3436 sicut
639 3382 815 3437 venerandus
829 3398 877 3437 rex
930 3376 1096 3432 cordavitin
1112 3392 1200 3431 unum
1224 3378 1279 3445 (uit.
1313 3376 1450 3445 ste-stt).
1468 3377 1531 3432 Post
1551 3377 1609 3432 fiaec
1621 3393 1668 3432 rex
1681 3377 1741 3433 Otto

66 3491 170 3548 ergase
185 3483 385 3547 promeruerat.
403 3475 457 3530 seit
473 3481 575 3530 tantam
602 3474 640 3528 itti
659 3475 731 3529 neus
745 3475 876 3530 contule·
927 3467 1050 3540 prefecit
1069 3467 1181 3522 fratrem
1223 3483 1304 3521 suum
1330 3467 1488 3522 heinricum
1523 3467 1623 3522 ducem
1657 3483 1743 3540 super

66 3574 108 3623 rat
117 3567 231 3642 gratiam
252 3577 280 3624 et
294 3575 349 3624 tam
365 3568 531 3624 laudabilem
548 3570 767 3640 temperantiam,
781 3577 812 3625 ut
826 3586 878 3626 nec
929 3563 1130 3619 Baowatifflum
1144 3571 1257 3637 geniem
1279 3570 1334 3626 (oa.
1355 3562 1431 3629 94⁶l·
1442 3562 1559 3616 sancius
1592 3577 1656 3617 fem
1673 3563 1742 3617 Blu-

66 3657 328 3728 perimpatientiam
361 3657 438 3712 illum
466 3655 878 3737 offenderet‚ettamendigae
929 3666 1071 3725 no,aetate
1098 3659 1241 3726 minimus,
1276 3659 1367 3712 adhuc
1393 3656 1514 3731 degebat
1538 3656 1589 3711 sub
1622 3672 1741 3712 censura

64 3748 256 3823 regisobitum
283 3750 435 3823 plangeret.
459 3752 535 3806 Tunc
562 3751 626 3807 liliis
649 3753 682 3805 ad
709 3768 740 3807 se
762 3753 877 3821 vocatis,
930 3747 1055 3802 litteralis
1073 3747 1238 3818 disciplinae,
1267 3753 1295 3801 et
1320 3746 1380 3801 teta
1396 3746 1489 3800 indole
1517 3744 1608 3801 dedic
1624 3744 1740 3799 indiem

66 3837 233 3892 talibuseos
265 3838 357 3894 verbis
383 3840 537 3906 admonuit,
565 3840 685 3896 diceas:
706 3840 819 3897 ·Ofilii
836 3843 881 3898 ka·
931 3839 1093 3910 proficiebat
1116 3840 1143 3894 in
1165 3837 1263 3893 Christi
1290 3837 1433 3894 servitute.
1456 3837 1522 3892 Cum
1545 3836 1740 3907 autemprofe·

67 3926 182 3990 nissimi,
199 3928 259 3982 haec
286 3928 384 3984 sedulo
395 3929 518 3985 inducite
532 3939 631 3987 vestrae
644 3931 729 3987 menti
745 3932 778 3986 ²⁹.
795 3932 879 3987 heum
932 3932 1014 3987 cisset
1026 3938 1107 3986 aetate
1121 3938 1149 3987 et
1162 3930 1308 4000 sapientia,
1329 3945 1376 3984 rex
1391 3929 1516 3997 adjunxit
1535 3945 1597 3984 cnm
1619 3928 1670 3983 sihi
1691 3945 1742 4000 per

68 4021 166 4076 timete
179 4021 213 4088 ³⁰,
228 4028 256 4076 et
270 4022 361 4092 ipsum
377 4023 405 4077 in
431 4023 561 4079 omnihus
573 4040 684 4096 semper
698 4026 832 4081 honorate
847 4026 880 4092 ³¹,
931 4039 1057 4079 amorem
1072 4022 1252 4078 fraternitatis
1264 4021 1292 4076 ia
1316 4021 1499 4077 ministerium
1514 4020 1738 4092 archicapellani.

67 4111 117 4183 vpui
134 4112 198 4166 taha
214 4120 313 4183 potens
324 4121 366 4168 est
377 4112 479 4168 facere.
496 4114 545 4169 llic
558 4114 658 4169 merito
673 4123 787 4170 vocatur
801 4130 847 4170 rex
854 4122 882 4170 et
933 4118 1045 4174 Interim
1061 4117 1131 4173 obiit
1144 4114 1294 4189 wigfridus
1308 4115 1350 4170 vir
1376 4116 1562 4184 venerandus,
1584 4115 1633 4188 qni
1653 4115 1747 4170 archi-

68 4203 212 4270 dominus,
226 4204 273 4276 qui
289 4213 392 4260 tantam
409 4212 570 4277 potestatem
587 4206 698 4262 exhibet
713 4206 883 4279 pauperibus
933 4206 1125 4281 episcopalem
1144 4207 1266 4264 Coloniae
1291 4207 1385 4262 sedem
1411 4206 1534 4278 possedit
1551 4225 1558 4273 ;
1583 4213 1611 4263 et
1629 4223 1746 4264 munere

69 4302 98 4350 et
114 4294 256 4350 divitibus.
270 4295 398 4351 hesistita
410 4296 467 4365 iam
494 4297 662 4353 contendere
688 4314 736 4369 pro
754 4298 878 4355 transito
933 4301 1047 4372 superni
1063 4300 1237 4372 dispositoris
1248 4300 1370 4355 Baunoni
1386 4300 1470 4355 cessit
1484 4299 1749 4371 episcopalishonor

70 4390 113 4444 ria
127 4389 385 4463 diguitate;talcm
419 4388 504 4446 finem
531 4392 605 4462 capit
624 4392 715 4447 omnis
744 4351 1141 4468 mundanaDdignitatistua.
1168 4393 1242 4454 9531.
1266 4394 1385 4448 ascenso
1420 4392 1444 4426 ³³
1469 4392 1525 4464 (28)
1554 4400 1645 4447 autern
1672 4399 1748 4448 tanto

69 4479 170 4550 gloria.
189 4480 286 4536 Beatus
310 4488 352 4536 est
377 4480 434 4549 ilie,
459 4480 507 4552 qui
533 4480 587 4535 sihi
617 4488 752 4553 praeparat
781 4489 886 4537 aeterna
936 4487 1224 4558 culminepotcstatis‚
1253 4501 1428 4558 nequaquam
1452 4485 1506 4541 sibi
1529 4472 1750 4543 indccrescebat

71 4586 186 4642 semper
209 4572 408 4643 permanentia.
426 4572 481 4628 Nec
513 4572 577 4628 inde
591 4581 684 4628 vester
696 4573 806 4628 avianus
819 4589 885 4629 con·
937 4575 1166 4630 tumorelationis
1181 4594 1189 4639 ;
1204 4575 1254 4629 sed
1264 4581 1359 4630 sancta
1372 4590 1451 4629 mens
1463 4574 1587 4646 episcopi
1613 4592 1643 4631 se
1658 4577 1750 4647 potius

72 4663 208 4730 tristetur,
224 4664 287 4736 quis
298 4673 421 4721 vestrum
434 4665 512 4720 alteri
529 4657 714 4737 praeponatur.
730 4665 888 4721 memoriter
938 4664 1081 4722 inclinavit
1096 4664 1254 4733 humilitati,
1275 4664 1342 4720 iliud
1376 4664 1403 4719 ia
1423 4665 1559 4721 memoria
1582 4667 1748 4735 recondens,

751 4843 862 4899 VARfAE
880 4843 1071 4900 tacitanus,

110 4967 134 5002 ¹⁰
148 4966 188 5022 iili
205 4984 254 5039 pro
270 4968 398 5024 omnibns
414 4970 494 5024 bonis
513 4969 566 5024 sihi
583 4970 617 5025 ab
632 4986 666 5026 co
682 4971 804 5045 benigne
822 4971 955 5043 impensas
980 4971 1086 5096 gratias
1112 4970 1139 5025 P.
1163 4970 1183 5004 ’ἵ
1201 4975 1238 5025 clu
1252 4969 1279 5024 2.
1296 4970 1411 5025 adeldac
1426 4971 1450 5025 l.
1468 4969 1489 5005 ²⁸
1504 4971 1531 5025 in
1547 4969 1652 5025 Bremis
1664 4968 1746 5024 addit

73 5041 102 5094 l.
120 5040 142 5073 ²⁹
158 5039 255 5105 ruenti,
272 5041 508 5112 quemadmodum
521 5041 634 5111 sapiens
648 5042 761 5113 quidam
774 5057 825 5097 nos
841 5043 966 5098 hortatur

74 5110 142 5166 etin
158 5119 292 5166 aeternum
310 5126 365 5167 non
382 5112 521 5183 peccabis.
539 5113 637 5167 Verum
649 5114 695 5184 qui
713 5130 760 5167 rex
775 5119 817 5168 est
832 5121 859 5167 et
875 5113 1006 5168 dominus
1032 5128 1142 5183 semper
1168 5111 1261 5169 timete
1289 5122 1317 5168 et
1333 5115 1477 5177 honorate,
1494 5112 1540 5184 qui
1556 5125 1606 5165 nos
1620 5111 1654 5164 dc
1673 5116 1745 5165 tcrra

75 5182 223 5253 plasmavit
237 5192 265 5237 et
283 5183 311 5236 ia
327 5189 425 5238 terram
439 5184 528 5239 redire
555 5183 628 5250 facit,
647 5184 694 5256 qui
708 5184 868 5239 dominatur
883 5185 911 5239 in
927 5201 1013 5256 regno
1041 5184 1184 5239 hominum
1210 5193 1238 5239 et
1250 5184 1416 5257 cuicumque
1436 5181 1554 5239 voluerit
1568 5181 1646 5235 dabit
1661 5180 1741 5247 illud,

74 5260 103 5308 et
117 5252 302 5309 humillimum
315 5255 455 5310 hominem
471 5256 620 5310 constituet
639 5271 724 5326 super
737 5271 780 5311 eo.
798 5255 888 5312 Nolite
903 5255 1084 5322 contendere,
1118 5262 1170 5310 ctc.
1192 5255 1219 5311 h.
1234 5257 1321 5326 iether
1348 5258 1391 5311 hic
1405 5257 1528 5326 quedem
1547 5254 1649 5308 omissa
1662 5256 1736 5308 surtl.

74 5325 99 5359 ³⁰
108 5325 208 5380 timere
221 5325 247 5378 f.
263 5325 283 5360 ³¹
305 5325 442 5382 honorare
454 5327 480 5380 f.
492 5326 515 5361 ³²
529 5327 601 5382 decet
614 5327 639 5381 l.
651 5326 800 5383 ³⁸acccnso
822 5329 847 5382 l.

847 5452 944 5508 NOTAE
960 5495 966 5508 .

1001 5043 1097 5098 icens:
1113 5040 1192 5096 Omni
1214 5049 1338 5112 tempore
1354 5057 1506 5097 memorare
1522 5040 1670 5096 novissima
1686 5048 1743 5101 tna,

110 5550 169 5693 gg),
179 5552 218 5680 CAf'.
229 5550 461 5696 81816οέ8818ἓὶἓῶ
478 5623 623 5688 Brunonis,
643 5639 668 5678 c.
679 5623 714 5678 30
730 5641 736 5677 :
753 5629 835 5694 caput
854 5621 952 5678 livitus
965 5622 1078 5679 alterius
1092 5640 1126 5679 cx
1142 5631 1236 5680 nostro
1248 5621 1444 5692 transcriptum
1461 5627 1516 5676 est.
